1924 3242
729 177 983 222 ANNALES.·
1509 170 1576 220 43

139 294 254 342 ἔσθ’-υ
273 307 337 336 τοι
357 292 425 334 καὶ
447 291 537 348 περὶ
559 288 853 345 Διδυμότοιχον
877 289 1044 347 γεγονώς
1064 289 1106 332 ἓν
1127 288 1173 332 οὗ
1193 290 1330 346 πολλῷ
1344 284 1479 345 χρόνῳ
1497 291 1580 341 βα-

137 355 271 411 σιλεὺς
296 360 555 418 ἐπεφημίζετο
586 356 750 411 τούτων.
818 357 1058 415 ἀφικόμενος
1083 358 1128 401 δὲ
1155 359 1222 401 καὶ
1246 357 1309 400 ἐπὶ
1329 355 1402 412 τὴν
1416 356 1580 413 Ἀδρια-

138 427 326 474 mainel-w
347 421 459 485 εὗρεν
477 427 587 478 ἐντὸς
606 427 676 470 τὸν
695 427 929 482 δηλωθέντα
942 428 1048 482 Ἰσῆν
1069 427 1138 470 τὸν
1156 422 1495 484 πρωτοστράτορα
1513 424 1581 467 καὶ

139 497 210 543 τὸν,
237 494 458 552 Καμῦτζην
489 496 592 550 μετὰ
619 499 693 539 τοῦ
726 493 1022 553 στρατεύματος
1050 499 1122 538 τοῦ
1154 495 1352 549 βασιλέως
1380 491 1580 536 Ἰωάννου.

106 566 362 621 ὅᾶπατηλοῖς
393 565 438 608 δὲ
471 563 603 621 λόγοις
636 564 730 615 τοὺς
768 562 979 621 οῗκήτορας
1011 560 1200 605 ὑπελθών
1207 594 1222 614 ,
1270 560 1325 612 ὧς
1362 562 1582 604 πλουτίσειε

138 632 307 684 τούτους
322 633 457 691 ἄκρως
475 635 543 676 καὶ
562 637 642 677 τῶν
664 633 795 676 ἄλλων
806 631 1014 686 Ῥωμαίων
1031 628 1331 687 ὖπερυψώσειεν
1340 662 1353 681 ,
1387 631 1516 672 πείθει
1538 628 1584 671 τὸ

139 703 213 758 μὲν
245 707 318 746 τοῦ
345 703 543 758 βασιλέως
573 703 774 758 ἐξαγαγεῖν
804 699 1032 756 στράτευμα
1067 698 1168 750 ἔξω,
1203 697 1326 740 αὐτὸν
1351 698 1395 739 δὲ
1419 700 1583 752 εἰσαγα-

139 778 234 828 γεῖν.
298 769 478 827 ἐξάγεται
508 765 578 813 οὖν
600 769 623 813 ὃ
646 767 964 828 πρωτοστράτωρ
979 769 1084 823 Ἰσῆς
1108 768 1175 809 καὶ
1196 765 1217 809 ὃ
1238 763 1458 820 Καμύτζης
1479 765 1581 819 μετὰ
1602 768 1634 803 D

139 843 214 883 τοῦ
239 837 428 890 συνόντος
448 836 605 889 τούτοις
625 837 945 896 στρατεύματος,
981 836 1042 878 ἐπὶ
1064 834 1198 893 ὅρκοις
1217 839 1291 877 τοῦ
1312 832 1369 888 μή
1393 850 1482 875 τινα
1505 851 1586 875 πα-

89 913 133 948 10
143 911 234 953 θεῖν
253 905 406 950 τούτων
427 905 554 949 δεινόν
571 923 624 949 τι.
691 905 918 957 ἐξελθόντες
938 900 1008 948 οὖν
1027 902 1047 947 ὅ
1065 905 1138 958 μὲν
1155 900 1477 961 πρωτοστράτωρ
1494 901 1588 944 οὐδὲ

142 974 247 1025 ὅλως
276 975 348 1018 τὸν
384 974 597 1030 Κομνηνόν
638 973 850 1031 Θεόδωρον
879 974 1067 1017 τεθέαται
1103 974 1249 1028 (τοῦτο
1272 971 1349 1029 γὰρ
1377 970 1427 1025 δὴ
1452 970 1588 1020 αὖτοῖς

141 1042 514 1101 συμπεφώνηται),
548 1041 569 1085 ὃ
602 1044 646 1086 δὲ
667 1042 886 1098 Καμύτζης
907 1041 1112 1097 συντυχὼν
1133 1042 1243 1099 αὐτῷ
1267 1040 1339 1083 οὐκ
1363 1039 1491 1093 ἀπέβη
1515 1038 1591 1080 τοῦ

137 1113 263 1154 ἰ’ππου
286 1112 380 1155 οὐδὲ
401 1110 456 1162 ὥς
474 1115 638 1167 βασιλεῖ’
653 1110 955 1169 προσεκύνησεν.
1024 1113 1079 1161 εἷς
1098 1108 1120 1152 ὃ
1138 1106 1440 1166 βαρυθυμήσας
1458 1105 1478 1148 ὅ
1498 1108 1587 1148 Κο-

140 1179 289 1235 μνηνός
312 1178 523 1237 Θεόδωρος
558 1179 771 1236 (ἐβούλετο
789 1180 867 1237 γὰρ
887 1178 943 1230 ὥς
961 1179 1132 1234 βασιλέα
1154 1180 1298 1221 ἐκεῖνον
1317 1175 1470 1226 πάντας
1488 1175 1588 1229 ἔχειν

89 1246 361 1302 15Ῥωμαίους
371 1279 384 1299 ,
413 1250 568 1305 ἐπείπερ
585 1251 652 1291 καὶ
671 1247 726 1299 ὥς
742 1248 933 1302 βασιλεὺς
953 1247 1190 1305 ἔφημίζετο)
1218 1245 1356 1304 ὕβρεις
1373 1262 1414 1287 τε
1432 1245 1590 1297 κατέχεε

143 1320 217 1359 τοῦ
248 1316 395 1374 ἀνδρὸς
421 1316 492 1359 καῖ
519 1320 666 1373 μικροῦ
699 1315 748 1358 ἂν
773 1318 840 1358 καὶ
862 1316 1016 1372 πληγὰς
1036 1316 1214 1357 ἐπέθετο.
1280 1317 1399 1356 τοῦτο
1423 1316 1481 1370 τῷ
1497 1313 1590 1354 Κα-

141 1382 271 1440 μῦτζῃ
304 1384 470 1441 ἀφορμὴ
499 1383 663 1440 ἐγεγόνει
693 1384 795 1441 πρὸς
823 1383 893 1426 τὸν
919 1383 1091 1437 βασιλέα
1116 1386 1254 1437 τιμῆς·
1289 1378 1442 1437 ὡς’γὰρ
1469 1375 1593 1430 αὖθις

142 1452 212 1495 τὸν
227 1451 520 1507 Ἑλλήσποντον
538 1453 774 1509 διεπέρασαν
791 1454 857 1494 καὶ
877 1452 977 1508 πρὸς
996 1451 1065 1493 τὸν
1082 1452 1254 1505 βασιλέα
1274 1451 1464 1508 ἀφίκοντο
1474 1480 1488 1499 ,
1517 1449 1593 1502 με’-

142 1536 218 1576 γας
241 1518 517 1577 ἕταιρειᾶρχης
537 1521 605 1563 διὰ
625 1525 754 1563 ταῦτα
774 1518 794 1563 ὅ
817 1519 1037 1574 Καμύτζης
1056 1521 1274 1575 τετίμηται.
1341 1516 1362 1561 ὃ
1383 1517 1596 1571 Κομνηνὸς

89 1582 216 1632 Ξοοῦν
241 1586 454 1646 Θεόδωρος
475 1588 668 1646 ἐγκρατὴς
689 1590 756 1631 καὶ
781 1593 854 1644 τῆς
867 1586 1233 1646 Ἀδριανουπόλεως
1260 1585 1430 1644 γεγονὼς
1462 1586 1593 1628 πολλὰ

237 1721 256 1755 1
283 1717 367 1763 περὶ
388 1715 432 1753 τὰ
453 1715 652 1762 Διδυμότει
675 1729 718 1752 ον
736 1718 768 1752 D
904 1720 929 1754 2
950 1716 1167 1762 Ἀδριανοῦ,
1187 1716 1251 1752 καὶ
1273 1713 1396 1762 εὖρῶν
1415 1714 1461 1752 τὸ
1485 1715 1594 1762 στρά-

235 1776 351 1808 τευμα
368 1764 437 1799 τοῦ
454 1762 630 1809 βασιλέως
649 1761 838 1807 Ιωοὶννου,
861 1762 923 1798 καὶ.
939 1760 1143 1808 α’πατηλοῖς
1158 1761 1280 1808 λόγοις
1293 1763 1325 1797 D
1439 1764 1463 1798 7
1486 1762 1594 1806 στρά-

235 1821 370 1854 τευμα,
401 1806 594 1844 0113106'6’
626 1809 658 1844 D
797 1812 818 1845 8
843 1807 1024 1853 εἰσάγεται
1046 1810 1078 1844 D
1216 1805 1235 1844 ὁ
1270 1820 1384 1854 πρωτ.
1410 1830 1457 1836 -
1487 1819 1593 1852 στρα·

235 1854 416 1900 τεῦματος
434 1866 487 1889 om
507 1855 540 1889 D
662 1854 870 1890 10“τούτων
891 1857 1031 1890 παθεῖν
1049 1868 1086 1890 τι
1105 1853 1229 1890 δεινόν
1247 1854 1278 1888 D
1395 1855 1436 1891 11
1461 1853 1592 1888 τεθέα-

236 1913 298 1935 ται
330 1906 409 1936 ante
436 1899 505 1935 τὸν
534 1900 566 1934 D
705 1902 750 1936 13
773 1899 924 1947 βασιλέα
943 1901 976 1935 D
1114 1901 1157 1935 14
1180 1897 1373 1945 Θεόδωρος
1389 1920 1434 1926 —
1454 1897 1592 1943 ἀνδρὸς

234 1945 298 1983 καὶ
314 1958 367 1981 om
381 1946 414 1980 D
530 1947 573 1981 16
594 1941 749 1980 ἐπέθετο
771 1944 904 1993 τούτῳ.
951 1944 1010 1983 διὸ
1028 1944 1185 1991 ἐτιμήθη
1203 1944 1305 1991 παρὰ
1327 1946 1394 1980 τοῦ
1416 1945 1593 1991 βασιλέως

232 1990 348 2048 μέγας
367 1989 616 2035 ἑταιρειοέρχης
638 1988 658 2026 ὁ
680 1990 875 2035 Καμύτζης
894 1993 926 2026 D
1064 1993 1108 2028 19
1132 1988 1152 2027 ὁ
1185 1986 1254 2028 οὖν
1278 1989 1473 2036 Κομνηνός
1492 2002 1591 2036 γεγο-

231 2049 310 2080 νως
326 2037 389 2073 καὶ
409 2037 477 2082 τῆς
493 2033 690 2082 Ἀδριανοῦ
711 2035 886 2083 ἐγκρατὴς
905 2038 947 2073 D.

144 2153 244 2190 dmm
268 2152 461 2199 appellens,
481 2163 547 2186 non
569 2151 690 2186 multos
714 2154 793 2197 post
814 2151 889 2187 dies
909 2163 971 2186 rex
986 2163 1099 2187 eorum
1116 2151 1329 2186 acclamatur.
1375 2154 1410 2186 et
1425 2150 1593 2186 Adriano-

174 2198 257 2239 olim,
269 2209 376 2243 usque
397 2197 600 2244 perveniens
610 2223 621 2239 ,
644 2197 679 2231 in
695 2209 736 2232 ea
751 2198 873 2232 dictum
889 2198 978 2232 Isem
994 2202 1240 2244 protostratora
1257 2201 1293 2231 et
1307 2197 1505 2241 Camytzem
1521 2209 1595 2232 cum

147 2211 370 2289 llnperatoriis
395 2243 503 2289 copiis
524 2255 562 2278 re
588 2243 651 2277 erit
661 2268 671 2286 ‚
697 2248 732 2278 et
747 2244 923 2278 fallacibus
938 2254 979 2278 ac
994 2243 1153 2289 captiosis
1167 2243 1375 2277 sermonibus
1391 2242 1484 2277 cives
1500 2243 1596 2277 deci-

150 2289 262 2335 piens,
283 2290 401 2335 opibus
423 2301 543 2335 nempe
563 2256 710 2323 {ortunis
736 2289 954 2334 dignitatibus
982 2290 1123 2335 aliisque
1145 2289 1314 2323 Romanos
1329 2293 1483 2323 caeteros
1497 2301 1596 2334 quam

152 2333 296 2369 maxime
309 2335 361 2370 sui
374 2346 478 2370 causa
491 2340 727 2381 superaturos,
751 2335 935 2381 persuadet
950 2334 1165 2381 imperatoris
1183 2334 1317 2369 militem
1337 2334 1478 2375 eiicere,
1502 2346 1598 2369 suum

151 2379 339 2414 admittere.
384 2391 492 2426 quare
513 2386 742 2427 protostrator
755 2382 827 2415 Ises
842 2387 944 2426 atque
960 2382 1143 2426 Camytzes
1162 2391 1235 2415 cum
1251 2381 1400 2415 exercitu
1415 2381 1598 2426 pelluntur,

153 2435 228 2459 cum
251 2425 342 2460 cives
362 2437 402 2461 se
423 2427 516 2472 prius
539 2426 752 2462 iureiurando
776 2427 969 2472 alligassent
991 2427 1112 2461 nemini
1125 2426 1278 2461 damnum
1291 2427 1452 2461 illaturos.
1498 2426 1599 2472 pulsi,

152 2474 380 2517 protostrator
401 2472 605 2508 commum
626 2473 842 2508 Theodorum
859 2485 901 2508 ne
914 2473 1001 2507 vidit
1022 2473 1156 2518 quidem
1183 2474 1352 2518 (namque
1366 2473 1415 2507 ita
1430 2485 1600 2507 convene-

153 2517 282 2561 runt),
305 2515 484 2562 Camytzes
507 2530 582 2552 cum
595 2518 643 2553 illi
658 2519 860 2554 occurrisset
872 2545 883 2561 ‚
905 2530 1014 2564 neque
1029 2531 1114 2564 equo
1129 2519 1302 2553 descendit
1315 2530 1424 2563 neque
1439 2518 1489 2553 uti
1503 2519 1602 2552 decet

151 2561 386 2607 imperatorem
406 2563 571 2601 adoravit.
619 2575 725 2610 quare
747 2565 799 2599 ira
820 2565 978 2600 incitatus
994 2565 1198 2599 Theodorus
1221 2564 1386 2609 (volebat
1402 2564 1487 2605 enim
1503 2576 1541 2598 se
1557 2565 1600 2599 ab

153 2607 303 2642 omnibus
328 2607 486 2643 Romanis
508 2609 742 2655 imperatorem
767 2611 927 2656 agnosci,
952 2622 1026 2645 cum
1041 2616 1077 2644 et
1090 2611 1273 2656 imperator
1298 2610 1496 2654 diceretur)
1522 2621 1601 2653 gra-

152 2653 296 2688 vissimis
319 2652 447 2688 iniuriis
471 2654 579 2690 virum
603 2657 767 2700 cumulat,
791 2669 975 2702 parumque
998 2656 1107 2691 abfuit
1121 2656 1199 2701 quin
1215 2656 1317 2690 etiam
1333 2656 1449 2702 plagas
1463 2655 1597 2699 inflige—

152 2703 218 2734 ret.
266 2699 331 2732 hoc
349 2699 547 2744 Camytzae,
564 2705 603 2735 ut
617 2703 660 2737 ab
675 2703 878 2748 imperatore
893 2704 1034 2737 honores
1051 2706 1323 2746 consequeretur,
1342 2701 1377 2735 in
1395 2713 1495 2736 causa
1510 2700 1594 2735 fuit=

153 2755 226 2778 nam
241 2748 279 2778 ut
296 2755 426 2779 rursum
442 2745 661 2791 Hellesponto
687 2749 917 2793 praeterlapso
934 2749 976 2782 ad
992 2748 1224 2794 imperatorem
1240 2758 1435 2791 accessere,
1458 2756 1596 2790 magnus

152 2790 384 2824 hetaeriarcha
407 2801 475 2824 non
501 2791 600 2826 aliam
625 2793 668 2826 ob
692 2805 826 2829 causam
851 2795 1030 2839 Camytzes
1057 2792 1215 2828 efficitur.
1262 2794 1452 2829 Comnenus
1480 2793 1596 2836 itaque

95 2844 98 2845 ⁷
151 2835 354 2870 Theodorus
383 2835 604 2883 Adrianopoli
632 2843 795 2884 occupata
825 2851 893 2875 non
916 2839 1081 2875 minimum
1106 2849 1163 2874 res
1183 2838 1288 2874 Italas
1313 2837 1481 2873 turbavitx
1508 2847 1596 2882 quae
