1872 3236
193 1337 293 1381 1²87

322 203 415 249 182
701 205 1077 254 CONSTANTINI
1117 207 1380 255 MANAssls

454 312 524 372 (ἦν
545 317 588 360 δὲ
604 315 833 377 προστάτης
848 319 1056 376 Γερμανὸς
1073 317 1161 364 τότε
1183 325 1254 377 τῆς
1272 321 1490 377 εὐσεβείας)
1532 364 1534 366 ,

451 388 517 430 καὶ
541 385 833 441 κοινωσάμενος
854 388 963 446 αὐτῷ
977 388 1028 430 τὰ
1043 393 1117 444 τῆς
1135 391 1403 446 κακοτροπίας

455 453 576 495 αὐτὸν
594 454 669 507 μὲν
685 454 744 510 μὴ
766 454 1003 510 πειθόμενον
1021 457 1144 500 αὐτοῦ
1165 462 1215 514 τῇ
1238 459 1463 517 δυσσεβείᾳ,

452 525 606 575 μᾶλλον
626 523 700 575 μὲν
721 518 791 567 οὖν
810 524 1017 580 ἐλέγχοντα
1038 525 1110 582 τὴν
1133 524 1286 580 τόλμαν
1307 528 1373 567 καὶ
1394 526 1466 580 τὴν
1487 522 1653 578 λύσσαν,

315 588 428 636 4240
451 593 523 644 τῆς
545 591 754 646 ἐκκλησίας
774 592 936 644 ἐξωθεῖ,
964 597 1042 650 φεῦ
1062 593 1131 635 τὸν
1149 594 1318 647 ποιμένα
1337 592 1470 645 λύκος,

453 655 474 700 ὁ
495 659 700 716 Κέρβερος
718 657 740 701 ὃ
758 655 962 719 λῖισσητὴρ
987 661 1055 703 τὸν
1075 665 1205 717 πρᾶον
1223 660 1466 718 ἀγελάρχην.’

450 725 575 776 εὐθὺς
595 728 638 769 δὲ
657 727 985 784 προσλαβόμενος
1006 728 1375 786 προβατοφθόρους
1395 727 1540 778 λύκους

448 792 673 852 σπαράσσει
697 800 775 853 φεῦ
795 795 841 839 τὸ
862 798 1058 850 ποίμνιον,
1094 799 1160 839 καὶ
1179 801 1374 854 καθαιρεῖ
1390 797 1486 847 τοὺς
1506 793 1655 844 τύπους

448 862 543 912 τοὺς
566 867 636 918 τῆς
656 863 1017 921 παρθενομήτορος
1037 867 1102 907 καὶ
1124 869 1204 907 τῶν
1220 868 1407 922 Χριστοῦ
1426 862 1658 922 μαρτύρων,

313 923 421 973 4245
448 930 679 986 ἀπαγλαῖζει
703 932 798 982 τοὺς
819 931 962 984 ναούς,
998 933 1224 987 ἀποκοσμεῖ
1239 934 1393 988 τεμένη,

449 997 647 1055 ὃρφναίαν
665 999 943 1055 σκοτεινότητα
963 1000 1120 1052 τούτοις
1141 1002 1447 1054 κατασκεὸάζει,

449 1068 514 1110 καὶ
537 1068 717 1124 καταχέει
739 1069 988 1126 σκυθρωπὴν
1009 1067 1160 1126 ἡμέραν
1183 1069 1447 1125 μελαντάτην.

448 1132 543 1176 ὅσον
563 1136 636 1190 μὲν
655 1130 726 1178 οὖν
746 1137 848 1179 κατὰ
870 1140 1054 1194 λ’ριστοῢ
1076 1139 1143 1179 καὶ
1166 1143 1246 1179 τῶν
1269 1138 1393 1182 αὐτοῦ
1414 1131 1631 1193 μαρτύρων

449 1201 510 1243 ἰὸν
529 1201 704 1257 ἀπήμεσε
725 1205 865 1261 πικρὸν
879 1203 1011 1258 χυμόν
1030 1222 1070 1247 τε
1093 1204 1277 1259 σιελώὸη,

312 1267 423 1311 4250
449 1270 491 1319 ἐξ
512 1264 567 1311 ὧν
590 1271 915 1326 ἄναβεβλάστηκε
932 1271 1084 1328 βοτάνη
1103 1274 1330 1326 θανασίμη,

451 1336 619 1388 ὁπόσαις
637 1355 678 1380 τε
699 1339 793 1389 τοὺς
815 1340 939 1397 ἄζυγα
960 1340 1273 1396 μετερχομένους
1292 1340 1384 1394 βίον

449 1404 670 1450 κακώσεσιν
692 1408 904 1461 ἕξέθλιψεν
927 1406 1048 1456 ἄλλος
1073 1409 1210 1464 φανεὶς
1228 1404 1466 1463 Βαλτάσαρ,

448 1476 584 1527 βίβλοι
604 1476 669 1516 καὶ
689 1473 799 1530 λόγοι
821 1476 1011 1531 φέρουσιν
1031 1474 1258 1532 ἀνθρώπων
1279 1475 1550 1532 παλαιτέρων·

453 1541 528 1596 ἐγώ
552 1542 591 1583 δ’
619 1541 912 1599 ἀπολεξάμενος
931 1541 974 1585 (ἐν
996 1543 1074 1585 ἀπὸ
1097 1542 1256 1588 πάντων
1274 1542 1426 1586 τούτων

314 1608 423 1650 4255
449 1609 518 1651 τὸν
538 1611 704 1667 Πέρσην
724 1613 767 1654 ἐκ
787 1616 858 1655 τοῦ
881 1609 1078 1662 κάνδυους
1095 1614 1162 1654 καὶ
1184 1617 1255 1654 τοῦ
1277 1614 1473 1668 στρεπτοῦ
1490 1610 1672 1667 γνωρίσω

451 1679 518 1720 καὶ
538 1676 693 1734 κόρακα
710 1679 778 1723 τὸν
797 1679 1015 1736 κρωκτικὸν
1036 1681 1078 1723 ἐκ
1095 1684 1166 1734 τῆς
1187 1680 1466 1735 μελαντηριάς.

520 1749 608 1787 Τοῦ
630 1749 914 1801 τεμενίσματος
932 1748 1046 1803 ἐγγὺς
1066 1751 1138 1802 τῆς
1156 1751 1228 1792 τοῦ
1248 1751 1350 1789 θεοῦ
1368 1748 1516 1804 σοφίας

449 1810 558 1863 οἶκος
579 1815 764 1871 λαμπρὸς
785 1814 980 1870 δεδόμητο
1007 1822 1089 1866 τοῖς
1111 1814 1234 1857 πάλαι
1252 1818 1477 1870 βασιλεῦσι,

450 1885 577 1935 κῆπος
596 1882 645 1924 ἂν
668 1883 756 1941 εἴπῃ
775 1900 835 1934 τις
857 1882 983 1940 ἁβρὸς
1005 1882 1283 1941 βιβλιοφόρων
1307 1883 1495 1940 δένδρων,

403 1987 495 2025 4238
519 1987 558 2022 δὲ
577 1988 608 2025 A
755 1987 860 2025 αὐτ-ὤ
880 1990 947 2035 τῆς
971 1990 1184 2036 δυσσεβείας
1206 1991 1241 2026 R
1387 1989 1476 2024 4241
1499 1987 1678 2034 λυσσητὴς
1699 1991 1769 2027 ΑΜ

405 2032 496 2070 4244
518 2032 637 2069 αὐτοῦ
659 2035 699 2069 Μ
821 2025 912 2072 4246
935 2034 1078 2073 τούτων
1101 2036 1140 2070 Μ
1254 2035 1345 2071 4249
1363 2035 1513 2079 χυμῶνα
1532 2036 1566 2069 R
1679 2046 1770 2070 συα-

406 2078 505 2124 λώδη
542 2082 593 2124 A,
631 2079 793 2126 συελοίδη
827 2082 902 2120 MR
1068 2081 1161 2120 4256
1200 2079 1380 2130 βρωτικόν
1419 2081 1479 2126 Μ,
1519 2078 1698 2126 καρτερὸν
1737 2083 1770 2118 A

404 2125 494 2162 4259
517 2125 683 2171 λαμπρὸς
704 2127 744 2162 Μ

315 2213 411 2266 poris
436 2219 512 2249 erat
538 2217 751 2261 Germanus,
788 2219 832 2254 de
858 2230 1026 2263 perverso
1053 2219 1212 2263 dogmate
1236 2229 1311 2251 cum
1339 2229 1381 2251 eo
1406 2217 1644 2253 communicat.
1692 2229 1769 2254 cum

312 2259 372 2293 111e
393 2271 462 2304 nou
479 2266 610 2296 tantum
630 2275 699 2299 non
727 2264 956 2298 assentiretur
980 2263 1090 2308 ipsius
1111 2263 1300 2308 impietati,
1336 2263 1399 2297 sed
1424 2262 1528 2298 etiam
1549 2262 1768 2307 imperatoris

314 2306 494 2340 audaciam
526 2318 566 2340 ac
597 2308 750 2343 furorem
780 2310 1073 2354 reprehenderet,
1107 2309 1175 2344 heu
1202 2314 1374 2354 pastorem
1405 2307 1529 2352 lupu8‚
1561 2308 1629 2343 heu
1648 2310 1768 2344 furens

317 2350 493 2386 Cerberus
515 2351 632 2387 mitem
654 2354 771 2397 gregis
790 2356 910 2388 ducem
932 2355 1080 2389 ecclesia
1097 2354 1195 2399 pellit
1213 2359 1249 2388 et
1270 2354 1445 2388 exturbat.
1493 2354 1619 2390 deinde
1643 2355 1766 2389 adiun-

317 2395 384 2430 ctis
406 2396 475 2431 sibi
499 2398 760 2442 corruptoribus
783 2400 898 2433 ovium
921 2400 1010 2444 lupis
1024 2427 1033 2443 ,
1057 2411 1198 2444 gregem
1217 2400 1318 2442 (heu)
1337 2397 1503 2442 dilaniat,
1528 2399 1675 2444 virginis
1694 2412 1766 2436 ma-

317 2442 382 2475 tris
407 2447 443 2476 et
461 2442 594 2478 Christi
616 2444 756 2479 testium
776 2445 958 2479 simulacra
981 2445 1082 2488 tollit,
1110 2446 1213 2478 decus
1233 2455 1330 2480 suum
1350 2443 1487 2488 templis
1507 2445 1638 2490 adimit,
1664 2457 1767 2481 orna-

316 2493 434 2521 menta
452 2488 602 2523 delubris
624 2490 750 2533 aufert,
767 2489 948 2534 caliginem
968 2491 1018 2524 eis
1038 2491 1196 2533 offundit,
1221 2490 1311 2526 diem
1331 2490 1466 2524 tristem
1484 2501 1524 2523 ac
1547 2490 1768 2535 nigerrimum

315 2532 464 2567 inducit.
513 2539 550 2567 et
570 2541 732 2578 quantum
756 2536 894 2580 quidem
923 2536 1051 2572 veneni
1077 2548 1117 2571 ac
1139 2535 1266 2571 furoris
1295 2534 1419 2581 plenae
1445 2535 1576 2570 salivae
1602 2537 1769 2572 adversus

319 2578 497 2614 Christum
517 2579 660 2624 eiusque
678 2586 786 2616 testes
811 2582 1034 2625 eructaverit,
1062 2582 1153 2615 unde
1174 2580 1285 2616 letalis
1310 2586 1412 2615 enata
1435 2586 1490 2616 est
1512 2582 1631 2627 herba,
1657 2594 1767 2628 quan-

315 2623 363 2659 tis
387 2624 645 2669 vexationibus,
668 2626 764 2663 velut
782 2627 869 2661 alter
887 2627 1025 2671 quidam
1041 2626 1264 2669 Bastasarus,
1289 2626 1456 2660 afflixerit
1478 2638 1537 2661 eos
1557 2628 1617 2672 qui
1640 2640 1767 2674 exper-

317 2673 388 2702 tem
414 2669 567 2714 coniugii
587 2671 693 2708 vitam
711 2673 748 2706 in
772 2672 956 2708 solitudine
975 2673 1168 2716 degebant,
1192 2671 1272 2707 libri
1291 2672 1594 2720 commentariique
1611 2678 1767 2709 veterum

318 2714 404 2747 satis
435 2715 624 2750 declarant.
673 2730 738 2762 ego
768 2720 811 2754 de
839 2718 993 2753 omnibus
1025 2717 1126 2752 unica
1151 2729 1190 2751 re
1215 2722 1346 2753 tantum
1376 2718 1521 2762 selecta,
1557 2718 1700 2753 Persam
1723 2730 1768 2754 ex

317 2761 452 2803 candye
471 2772 511 2795 ac
528 2766 665 2807 torque⁷
687 2765 911 2798 crocitantem
932 2774 1072 2797 corvum
1091 2776 1134 2797 ex
1153 2763 1334 2807 nigredine
1354 2765 1639 2799 commonstrabo.

409 2806 492 2840 Non
515 2808 635 2850 procul
667 2821 688 2843 a
712 2810 851 2844 divinae
880 2808 1083 2854 Sapientiae
1115 2810 1197 2842 fano
1226 2808 1409 2853 splendida
1439 2810 1558 2845 domus
1592 2822 1613 2844 a
1641 2808 1767 2854 priscis

318 2850 585 2896 imperatoribus
606 2860 682 2890 erat
703 2855 898 2901 exstructa,
921 2866 1022 2902 quam
1040 2866 1238 2903 nuncupare
1257 2853 1415 2891 licuisset
1435 2866 1610 2892 amaenum
1632 2855 1769 2890 hortum
