1864 3242
328 206 421 256 244
847 207 905 250 IN
940 207 1237 250 GEORGIUM

319 319 434 357 mani
453 319 599 356 mentio
619 317 727 355 fieret
750 323 788 354 et
807 316 998 354 memoria
1016 317 1227 364 coleretur,
1257 313 1459 364 diuturna,
1478 319 1532 353 ’111
1550 321 1589 352 01
1607 311 1655 352 (10
1674 315 1757 365 pri·-

324 383 435 413 matu
465 374 540 427 (de
562 387 640 426 quo
659 375 741 410 iam
760 371 958 424 dixi-mus)
972 402 982 421 ,
1013 374 1207 410 contentio
1228 372 1303 409 fuit
1321 373 1422 408 inter
1449 371 1655 409 ecclesiam
1675 372 1757 407 Ro-

324 444 483 468 manam
514 437 551 467 et
578 430 846 481 Cpolitanffln,
878 428 1108 480 duravitque
1131 441 1176 465 ea
1195 427 1245 464 ad
1264 435 1440 477 tempora
1456 425 1659 464 Michaelis
1678 427 1757 463 Pa-

323 487 515 536 laeologi‚
545 486 617 523 sub
638 498 716 537 quo
737 487 949 536 composita
968 485 1226 522 controversia
1243 485 1312 520 illa
1326 485 1536 535 unitaeque
1556 483 1755 529 ecclesiae,

323 543 398 580 etsi
429 555 558 593 neque
589 542 665 578 ista
688 542 783 578 unio
807 542 1082 592 perseveravit.
1137 534 1236 576 haec
1256 541 1331 576 tria
1349 546 1434 576 tum
1449 539 1755 590 paciscebantur,

320 600 449 648 primo
469 605 513 635 ut
533 610 556 634 a
577 597 790 648 Cpolitanis
820 598 862 634 in
887 595 1113 648 hymnodiis
1134 608 1258 646 papae
1280 596 1446 632 Romani
1466 607 1556 632 cum
1575 599 1757 645 quattuor

319 652 551 705 patriarchis
573 654 721 690 mentio
745 652 875 700 fieret,
904 651 1075 690 secundo
1097 658 1140 688 ut
1161 652 1295 688 liceret
1317 652 1439 688 cuivis
1458 652 1624 688 Romam
1642 655 1759 698 1701οέ

321 723 406 747 10111
424 716 611 761 tanquam
630 709 758 746 maius
779 709 949 745 tribunal
972 720 1202 758 provocare,
1238 708 1352 744 tertio
1372 713 1416 743 ut
1434 718 1558 757 papae
1578 694 1755 748 Romano

320 766 364 802 111
388 766 569 803 omnibus
594 763 809 802 deferretur
829 765 1082 815 principatus.
1141 770 1316 800 auctores
1341 760 1581 812 Ν10οΡ1101115
1606 761 1757 812 Grego-

322 835 384 859 135
408 823 552 860 Histor.
574 822 738 872 Byzant.
757 820 826 856 lib.
847 821 894 866 5,
925 820 1115 869 Georgius
1139 817 1318 856 Phranza
1345 816 1527 855 Chronici
1549 817 1755 855 Orientalis

321 878 391 916 lib.
415 881 434 917 1
464 889 549 928 cap.
571 878 618 924 6,
651 877 842 926 Georgius
870 874 1150 927 Pachymerius
1178 876 1220 911 in
1245 875 1450 925 Excerptis
1475 874 1619 911 Histoi·
1640 873 1696 909 lib
1715 872 1754 919 5,

322 934 481 984 aliique.
538 930 608 969 sed
625 945 706 968 non
727 938 914 968 steterunt
932 938 1067 981 postea
1087 929 1163 967 hoc
1180 937 1292 981 pacto
1314 931 1472 977 Graeci,
1503 935 1541 966 et
1561 927 1754 982 pontificis

319 990 551 1026 memoriam
570 986 771 1038 dedignati
793 993 906 1024 sunt:
938 986 1081 1024 idcirco
1106 993 1240 1023 monet
1256 985 1542 1035 Palaeolcgos
1530 997 1573 1021 111
1591 979 1754 1036 epistola

321 1043 530 1082 cardinalis
547 1044 766 1090 Bessan-ion,
795 1043 1043 1093 inculcatque
1059 1038 1101 1081 τὸ
1120 1038 1375 1092 μνημόσυνον
1393 1043 1465 1080 τοῦ
1481 1055 1606 1080 παπα.
1663 1038 1753 1076 vide

319 1099 627 1137 eruditissimum
649 1099 892 1135 Meursium
881 1111 921 1134 111
942 1099 1139 1134 Glossario
1156 1110 1250 1134 voce
1270 1092 1527 1148 πατριάρχης,
1559 1102 1596 1132 01
1616 1096 1657 1132 111
1677 1107 1752 1132 110-

316 1157 369 1193 tis
396 1146 448 1193 ad
477 1155 682 1206 epistolam
714 1155 827 1190 illam
854 1155 1096 1190 Bessarionis
1120 1153 1298 1189 Graeco-
1305 1152 1531 1198 barbaram,
1559 1163 1636 1188 una
1663 1163 1753 1188 cum

314 1213 478 1249 illustris
505 1209 693 1260 Hesychii
724 1209 921 1261 opusculis
947 1222 1072 1259 nuper
1100 1207 1246 1245 editam
1269 1213 1307 1244 et
1331 1206 1554 1245 doctissime
1573 1206 1752 1257 explica-

313 1274 410 1305 tam.
466 1267 628 1304 DOUSA.

427 1369 468 1406 p.
497 1357 548 1396 33
578 1368 615 1394 v.
645 1356 685 1392 0.
744 1352 792 1391 de
819 1351 1022 1392 monachis
1052 1359 1090 1390 et
1118 1349 1431 1390 hieromonachis
1462 1348 1642 1394 distincte
1671 1350 1751 1387 suis

646 1386 664 1394 „a

315 1413 413 1449 locis
431 1412 582 1448 notavit
601 1409 829 1447 edecumata
852 1407 1171 1461 quaedamidem
1190 1407 1437 1445 doctissimus
1455 1408 1602 1444 amicus
1620 1412 1752 1443 noster

313 1469 357 1504 in
378 1468 588 1505 Glossario.
645 1465 734 1503 vide
753 1468 796 1503 in
816 1462 1071 1519 ἷερομόναχος
1089 1471 1127 1501 01
1143 1461 1320 1516 μοναχὸς.
1376 1465 1536 1501 DOUSA.

425 1555 479 1592 ih.
503 1568 542 1592 v.
566 1556 630 1595 16.
686 1551 830 1594 τούτου
858 1552 901 1593 δὲ
929 1548 1247 1604 τελευτήσαντος]
1278 1552 1446 1588 Hem-ico
1473 1548 1646 1588 succedit
1668 1551 1749 1586 Ro-

314 1612 446 1649 bertus
458 1641 469 1660 ,
498 1611 559 1648 vir
575 1622 655 1648 11011
672 1608 770 1648 adeo
786 1610 897 1648 fortis
918 1617 955 1647 et
971 1611 1069 1647 acris
1090 1615 1128 1645 et
1142 1608 1277 1658 magni
1295 1609 1418 1645 animi
1435 1605 1532 1644 dux.
1570 1604 1749 1658 Ephrae-

313 1669 416 1705 lnius
440 1669 482 1704 in
506 1665 697 1704 Chronico

526 1730 678 1774 τούτων
696 1747 877 1784 καταρχει
890 1730 1118 1784 Ῥομπὲρτος
1136 1730 1384 1779 Βυζαντῖὃος,

525 1785 727 1858 πράγμασι
748 1792 897 1835 κοινοῖς
921 1791 1101 1839 μαλακῶς
1120 1785 1356 1851 κεχρημένος

526 1841 608 1892 μετ’
627 1839 768 1896 Ἐρρῆν
788 1841 1032 1909 κατάρξαντα
1054 1842 1123 1884 τὸν
1144 1838 1368 1893 τεθνηκότα

522 1894 672 1952 Ἀρεῖον
693 1897 819 1952 ανὸρα
835 1899 901 1939 καὶ
919 1895 1026 1940 πάνυ
1047 1896 1262 1951 ρωμαλέον.
1317 1899 1418 1934 Ant..

424 1986 477 2024 ib.
538 1986 562 2028 o‘
598 1984 772 2038 οἷδελφος
806 1983 932 2027 αυτοῦ
957 1985 1208 2039 Ῥομπέρτος]
1251 1983 1358 2037 (]110(1
1392 1990 1524 2022 auctor
1557 1981 1622 2019 hic
1653 1980 1746 2019 dicit

313 2043 529 2080 Robertum
555 2045 713 2081 Henrici
741 2044 902 2081 fratrem
923 2044 1064 2091 fuisse,
1096 2041 1139 2079 id
1157 2055 1249 2080 velo
1265 2042 1520 2078 falsissimum
1539 2045 1607 2078 est.
1664 2038 1745 2073 11110

311 2112 434 2148 nepos
454 2100 528 2136 fuit
548 2113 601 2136 ex
618 2101 769 2137 Iolanta
789 2101 870 2137 sive
887 2097 1146 2146 Yolanthide,
1179 2110 1308 2134 sorore
1326 2097 1448 2147 ipsius
1478 2095 1624 2146 (filiam
1645 2105 1744 2144 quo-

311 2166 388 2204 que
408 2168 614 2205 perperam
632 2162 744 2192 vocat
767 2158 823 2192 Io.
842 2156 1017 2205 Baptista
1042 2155 1232 2204 Egnatius
1251 2159 1289 2188 et
1309 2148 1593 2202 Cuspinianus)
1622 2155 1745 2199 nupta

308 2210 424 2245 Petro
450 2211 661 2247 Cortenaeo
678 2213 811 2248 comiti
829 2212 1031 2247 Auxerrae
1051 2211 1133 2247 sive
1152 2207 1481 2253 Antisiodorensi‚
1512 2206 1579 2256 qui
1599 2211 1637 2240 et
1659 2206 1744 2255 ipse

309 2265 521 2314 imperator
537 2266 612 2301 fuit
633 2273 670 2302 et
692 2268 753 2302 cui
771 2268 955 2303 successit
973 2266 1176 2304 Robertus.
1235 2262 1342 2300 aliud
1363 2263 1441 2312 egit
1458 2263 1590 2311 itaque
1610 2262 1743 2310 Logo-

308 2318 437 2366 theta,
467 2321 500 2356 si
522 2321 576 2356 ita
600 2323 766 2371 scripsit.
823 2335 917 2358 nam
939 2335 1055 2371 supra
1075 2321 1227 2357 disertis
1247 2319 1374 2355 verbis
1394 2317 1494 2354 dixit
1512 2318 1672 2353 Petrum
1690 2328 1743 2352 ex

310 2377 461 2412 Iolanta
485 2374 670 2412 Balduini
696 2389 827 2413 sorore
854 2389 1090 2426 propagasse
1114 2374 1342 2440 Philippum
1360 2373 1573 2409 Robertum
1592 2378 1631 2408 et
1646 2371 1742 2408 Bal-

310 2430 495 2478 duinum,
523 2431 814 2482 Robertumque
836 2444 880 2468 ac
902 2431 1170 2468 Balduinum
1159 2431 1235 2480 1psi
1253 2431 1294 2465 in
1313 2429 1476 2479 imperio
1496 2428 1740 2474 successisse,

309 2485 471 2523 cedente
498 2487 599 2523 ultro
625 2485 808 2537 Philippo
836 2488 1012 2523 maximo
1037 2494 1146 2523 natu.
1203 2485 1395 2521 aberravit
1421 2485 1541 2534 igitur
1566 2481 1631 2519 hic
1657 2483 1740 2519 eius

309 2554 444 2588 mens,
476 2555 525 2578 an
551 2541 721 2579 manus?
778 2543 857 2579 nisi
887 2542 1000 2592 culpa
1029 2541 1126 2578 haec
1157 2539 1366 2576 reiicienda
1395 2541 1444 2576 sit
1472 2541 1513 2575 in
1538 2539 1738 2584 librarios3

310 2596 359 2634 de
381 2610 458 2647 quo
479 2610 543 2634 me
564 2600 710 2635 amicus
729 2611 841 2635 meus
859 2609 1054 2645 summus,
1087 2596 1327 2646 antiquitatis
1344 2593 1598 2632 illustrandae
1618 2600 1656 2630 et
1672 2592 1739 2629 hi-

309 2655 451 2690 storiae
474 2652 731 2690 vindicandae
751 2653 1055 2691 studiosissimus
1070 2682 1079 2700 ‚
1109 2654 1246 2689 Petrus
1266 2651 1480 2688 Scriverius
1499 2650 1736 2696 submonuit,

305 2706 448 2759 nempe
472 2707 536 2745 hic
558 2708 806 2746 scribendum
823 2708 847 2749 ὁ”
866 2704 1105 2756 ἀδελφιδοῦς
1122 2702 1266 2756 αὐτοῦ,
1294 2706 1337 2743 id
1361 2713 1419 2744 est
1437 2718 1559 2755 nepos
1582 2717 1634 2742 ex
1655 2704 1736 2740 fra-

306 2772 364 2801 tre
394 2765 458 2802 vel
485 2777 636 2812 sorore,
666 2766 730 2802 vel
750 2766 849 2802 forte
870 2763 894 2804 ὁ”
913 2759 1156 2813 ἀδελφόπαις
1173 2775 1243 2812 pro
1265 2762 1417 2799 eodem.
1475 2760 1563 2798 vide
1592 2762 1735 2796 Eusta-

304 2819 432 2856 thium
453 2820 654 2857 Pollucem
677 2822 852 2873 aliosque
870 2818 1183 2871 lexicographos.
1242 2818 1517 2856 Constantinus
1538 2818 1735 2852 Manasses
