1832 3250
297 225 360 271 52
670 221 1040 267 CONSTANTINI
1078 217 1336 266 MANASSIS

429 336 637 394 εὗπάρῃος,
663 333 929 392 εὐπρόσωπος,
956 338 1120 390 βοῶπις,
1136 332 1383 390 χιονόχρους,

427 406 754 461 ἕλικοβλέφαρος,
780 401 909 460 ἆβρά,
932 404 1108 460 χαρίτων
1122 402 1241 458 γέμον
1259 402 1394 453 ἄλσος,

299 477 405 518 1160
425 473 714 528 λευκοβραχίων
722 502 735 523 ,
765 469 943 527 τρυφερά
955 502 968 521 ,
1001 469 1146 520 κάλλος
1165 469 1348 525 ἄντικρυς
1369 469 1549 524 ἔμπνουν.

424 541 470 583 τὸ
492 538 703 596 πρόσωπον
717 537 955 580 κατάλευκον
963 568 976 589 ,
1005 536 1030 591 ἢ
1049 537 1192 593 παρειὰ
1210 536 1438 594 ροὁόχρους,

425 608 471 650 τὸ
493 605 703 664 πρόσωπον
719 606 894 662 ἐπίχαρι,
926 605 970 647 τὸ
990 605 1194 661 βλέφαρον
1210 602 1369 660 ὡραῖον,

427 674 572 724 κάλλος
589 671 888 728 ἀνεπιτήδευτον
896 704 909 724 ,
941 670 1212 725 αὖτόβαπτον,
1247 670 1484 728 αὐτόχρουν

423 742 567 795 ἔθαπτε
586 741 658 796 τὴν
677 739 891 794 λευκότητα
913 737 1124 795 ῥοδόχροια
1140 740 1321 796 πυρσίνη,

295 812 398 853 1165
422 808 477 859 ὥς
498 809 607 858 εἴτις
626 808 693 850 τὸν
714 808 907 864 ἐλέφαντα
922 805 1049 860 ,θάψει
1065 810 1230 865 λαμπρᾷ
1247 804 1448 864 πορφύρᾳ.

423 876 532 933 δειρὴ
552 873 708 931 μακρά,
741 873 999 924 κατάλευκος,
1024 872 1119 916 ὅθεν
1138 873 1427 930 ε’μυθουργιῑθη

423 947 630 998 κυκνογενῆ
646 942 718 997 τὴν
737 941 900 984 εὕοπτον
915 940 1073 996 Ἑλένην
1092 943 1358 998 χρηματίζειν.

420 1009 497 1069 δρᾷ
516 1009 662 1064 ταύτην
675 1009 950 1065 Ἀλεξανδρος,
984 1007 1181 1050 ἁλίσκεται
1201 1013 1259 1066 τῷ
1280 1008 1425 1050 κάλλει.

422 1081 486 1120 καὶ
506 1080 546 1119 τί
559 1076 687 1119 πολλὰ
708 1078 774 1118 καὶ
799 1076 960 1132 περιττὰ
974 1083 1236 1132 μακρηγορεῖν
1261 1079 1327 1118 καὶ
1349 1074 1514 1132 γράφειν
1522 1095 1537 1130 ;

291 1151 396 1192 1170
422 1144 584 1202 ἁρπάζει
601 1143 748 1198 ταύτην
767 1139 986 1194 θέλουσαν,
1013 1144 1143 1199 φυγὰς
1166 1142 1459 1200 ἀποδιδράσκει.

419 1215 486 1255 καὶ
512 1212 583 1266 τὴν
606 1211 734 1268 φυγὴν
750 1211 956 1253 ἀδυνατῶν
979 1210 1109 1260 ἄλλως
1130 1206 1173 1252 εὖ
1194 1213 1426 1261 διαθέσθαι,

419 1283 474 1330 εἷς
491 1284 587 1321 ναῦν
607 1279 733 1332 ἐμβὰς
753 1277 940 1320 ἁλίπλοον
956 1278 1113 1334 ἀπαίρει
1134 1278 1234 1334 πρὸς
1257 1280 1457 1332 Φοινίκην,

418 1349 461 1389 ἐκ
478 1351 548 1401 τῆς
572 1345 770 1403 φερούσης
792 1347 995 1400 ἕκτραπεὶς
1015 1347 1176 1401 πορείας
1191 1346 1289 1401 πρὸς
1313 1345 1384 1399 τὴν
1405 1346 1576 1400 Τροίαν·

416 1417 549 1464 δίωξιν
571 1414 647 1469 γὰρ
668 1411 892 1454 ὑπώπτευεν
909 1414 951 1454 ἐκ
970 1417 1048 1454 τῶν
1069 1413 1350 1466 ἀδικηθέντων.

229 1491 262 1530 D
288 1482 392 1526 1175
415 1481 667 1537 ἀποληφθεὶς
687 1480 729 1521 δὲ
746 1477 940 1532 πνεύμασι
958 1481 1149 1535 σφοδροῖς
1167 1477 1457 1535 πολυταράχοις

414 1547 530 1603 μόλις
553 1550 607 1597 εἷς
626 1545 669 1588 ιἐν
689 1545 891 1602 ὡρμίσατο
905 1544 1115 1599 στομάτων
1133 1550 1211 1587 τῶν
1229 1550 1300 1588 τοῦ
1321 1549 1482 1598 Νείλου,

415 1614 651 1669 Κανωβικὸν
672 1613 898 1667 ὀνομασθὲν
918 1615 958 1654 ἓν
972 1611 1131 1666 χρόνοις
1151 1621 1232 1662 τοῖς
1248 1612 1439 1671 ὕστέροις,

413 1683 513 1725 ἔνθα
534 1679 726 1734 δεδόμητο
753 1680 849 1729 νειὸς
870 1679 999 1735 ἥρωος
1014 1679 1245 1735 ἹῙρακλέος,

413 1756 496 1799 τοῖς
516 1748 714 1804 πρόσφυξι
737 1746 986 1803 δωρούμενος
1006 1746 1236 1802 ἀνθρώποις
1250 1746 1430 1788 ἀσυλίαν.

284 1822 390 1863 1180
411 1820 467 1867 εἷς
485 1820 624 1859 τοῦτον
640 1816 769 1857 τοίνυν
788 1814 855 1855 τὸν
879 1814 974 1855 ναὸν
997 1814 1185 1870 φυγόντες
1205 1812 1280 1856 ὑπὸ
1302 1815 1414 1863 δέους

413 1885 450 1926 οἶ
469 1881 739 1939 συμφυγόντες
754 1879 908 1937 Πάριδι
932 1884 997 1922 καὶ
1016 1879 1386 1929 συνεκπεπλευκότες

413 1951 563 2000 πολλὰς
583 1950 706 1991 αὐτοῦ
725 1950 908 2002 κατέχεον
925 1947 1060 2005 ὕβρεις
1079 1951 1144 1991 καὶ
1164 1950 1378 2005 λοιδορίας,

370 2069 458 2103 1163
478 2064 701 2112 ἀβάπτιστον
718 2064 757 2099 Μ
893 2063 981 2100 1164
1001 2065 1133 2110 πυρίνη
1151 2065 1190 2100 Μ
1325 2065 1413 2100 1178
1429 2061 1519 2104 ναὸς
1539 2064 1573 2099 R

237 2166 255 2179 ⁴‘
278 2169 376 2214 genis
396 2172 432 2202 et
449 2166 550 2210 facie,
572 2167 757 2210 grandibus
776 2165 894 2210 oculis,
913 2165 1027 2200 colore
1045 2165 1159 2209 niveo,
1179 2165 1334 2200 rotundis
1353 2165 1472 2209 oculis,
1491 2167 1623 2207 tenera,
1641 2175 1703 2198 ne-

278 2226 351 2248 mus
370 2214 468 2258 quasi
489 2213 656 2256 quoddam
676 2212 797 2255 gratiis
819 2212 1013 2254 abundans,
1030 2212 1180 2245 brachiis
1205 2211 1310 2254 albis,
1329 2211 1486 2254 delicata,
1503 2209 1604 2254 plane
1622 2209 1705 2243 viva.

277 2261 443 2305 quaedam
466 2257 646 2300 elegantia,
664 2256 754 2290 facie
774 2257 930 2299 candida,
952 2256 1049 2300 genis
1067 2257 1159 2290 rosei
1180 2256 1302 2290 coloris
1314 2282 1323 2298 ,
1345 2256 1435 2289 facie
1455 2258 1610 2297 venusta,
1628 2254 1703 2288 for-

276 2305 379 2338 mosis
399 2302 503 2336 oculis
517 2328 526 2345 ‚
548 2301 800 2346 pulchritudine
823 2313 890 2334 non
910 2301 1099 2344 adsciticia‚
1121 2301 1235 2335 colore
1255 2300 1384 2334 nativo.
1429 2300 1588 2344 tingebat
1606 2299 1704 2333 albe-

275 2350 390 2384 dinem
414 2347 508 2381 color
527 2357 666 2390 roseus,
686 2348 833 2389 rubens,
858 2358 898 2380 ac
918 2347 948 2380 si
973 2346 1049 2390 quis
1072 2348 1158 2380 ebur
1181 2346 1380 2390 splendente
1400 2356 1552 2390 purpura
1576 2343 1701 2388 tingat.

276 2394 396 2428 collum
414 2392 646 2436 praelongum,
666 2391 863 2432 candidum3
884 2393 974 2425 unde
992 2391 1073 2424 ficta
1095 2396 1149 2425 est
1166 2391 1292 2433 fabula,
1314 2391 1495 2424 formosam
1504 2389 1669 2422 Helenam
1681 2401 1702 2423 e

274 2450 386 2482 cygno
405 2437 513 2471 fuisse
535 2440 761 2480 procreatam.
807 2436 955 2480 adspicit
974 2436 1061 2469 hanc
1079 2436 1290 2470 Alexander:
1315 2447 1336 2469 a
1356 2436 1465 2468 forma
1483 2433 1629 2479 capitur.
1666 2439 1703 2468 et

274 2484 358 2529 quid
372 2483 476 2516 multa
490 2482 546 2516 vel
563 2481 706 2515 dicenda
723 2485 802 2514 sunt
816 2481 870 2514 vel
885 2481 1091 2514 scribenda?
1111 2481 1203 2525 rapit
1224 2481 1309 2514 hanc
1326 2480 1514 2513 volentem:
1534 2478 1701 2522 fugitiva:

272 2528 441 2563 abscedit.
488 2537 630 2571 cumque
647 2527 730 2569 fuga
745 2530 839 2559 recte
854 2526 989 2559 institui
1003 2526 1069 2559 alio
1086 2527 1184 2559 modo
1199 2537 1267 2558 non
1280 2529 1409 2569 posset,
1427 2536 1548 2558 navem
1566 2523 1700 2567 ingres-

273 2584 331 2607 sus
349 2571 549 2606 maritimam
567 2572 603 2604 in
620 2570 817 2604 Phoenicen
838 2571 921 2612 abit,
941 2571 1064 2603 omisso
1083 2571 1206 2604 itinere
1225 2571 1317 2614 quod
1335 2570 1476 2603 Troiam
1497 2579 1617 2602 versus
1635 2569 1697 2603 ‹lu—

273 2624 384 2652 ceret:
404 2617 642 2661 suspicabatur
659 2615 748 2650 enim
765 2616 841 2649 fore
859 2620 896 2649 ut
914 2626 988 2648 eum
1006 2614 1091 2648 laesi
1108 2619 1408 2660 persequerentur.
1456 2619 1618 2658 exceptus
1636 2624 1698 2647 au-

272 2668 341 2697 tem
372 2674 392 2696 a
420 2662 533 2695 ventis
560 2660 818 2694 vehementibus
837 2672 877 2694 ac
900 2659 1104 2694 turbulentis
1123 2661 1166 2694 ad
1185 2661 1300 2693 urbem
1319 2671 1339 2692 a
1365 2659 1500 2703 plicuit,
1528 2670 1615 2703 quae
1631 2658 1699 2692 sita

269 2713 346 2742 erat
367 2708 410 2741 ad
431 2718 531 2741 unum
553 2718 595 2739 ex
615 2706 712 2740 ostiis
735 2705 825 2748 Nili,
855 2706 947 2749 quod
970 2705 1218 2748 posterioribus
1242 2715 1343 2738 saecu
1359 2704 1386 2737 's
1413 2704 1622 2739 Canobicum
1645 2707 1699 2736 est

268 2752 490 2797 appellatum;
511 2751 570 2785 ubi
591 2750 750 2785 Herculis
774 2750 889 2784 herois
911 2751 1024 2783 fanum
1042 2755 1117 2784 erat
1134 2755 1341 2783 exstructum
1355 2775 1364 2791 ,
1394 2749 1484 2792 quod
1506 2747 1697 2782 hominibus

269 2810 310 2830 eo
332 2797 606 2842 confugientibus
624 2796 842 2833 securitatem
861 2795 1083 2829 concedebat.
1138 2795 1175 2828 in
1193 2795 1257 2827 hoc
1277 2795 1390 2827 fanum
1410 2805 1494 2838 prae
1512 2798 1604 2826 metu
1621 2803 1696 2826 cum

266 2854 306 2876 se
322 2843 535 2889 recepissent
554 2845 722 2888 quotquot
742 2852 810 2878 una
833 2851 907 2875 cum
926 2839 1053 2874 Paride
1073 2841 1278 2885 aufugerant
1295 2839 1463 2884 domoque
1481 2838 1694 2883 navigarant,
