1898 3242
232 1456 263 1489 D

284 194 382 241 258
673 189 1028 246 CONSTANTIN
1028 190 1051 235 1
1082 190 1348 235 MANASSIS

419 304 697 360 ἀνεὸομήσατο
725 304 854 359 μονὴν
879 298 1200 362 ᾗΠερίβλεπτος
1220 308 1371 360 κλῆσις.

284 375 394 417 6065
418 370 485 416 καὶ
503 375 636 416 τοίνυν
654 371 681 428 ἦ
700 374 922 427 βασίλισσα
940 371 1094 428 νεότητι
1117 377 1332 430 σφριγῶσα

371 474 373 477 -
421 443 486 484 καὶ
511 443 772 497 σφαὸασμοῖς
791 448 1034 495 σωματικοῖς
1059 441 1464 498 περιθερμαινομένη,

419 511 485 551 καὶ
503 509 712 563 βλέπουσα
735 510 806 552 τὸν
821 508 1028 563 Ῥωμανὸν
1053 510 1157 551 καθ’
1180 508 1324 551 ἑαυτὸν
1344 511 1514 562 βιοῦντα

417 579 484 620 καὶ
507 578 612 632 μηδὲ
631 576 953 633 μιμνησκόμενον
972 576 1026 627 ὡς
1050 579 1205 620 δέδεται
1225 578 1376 634 γυναίῳ

417 647 482 687 καὶ
507 648 709 701 συνοικοίη
725 647 905 702 γυναικί,
934 648 1001 688 καὶ
1020 650 1150 688 ταῦτα
1169 643 1378 701 νεαζούσῃ,

283 716 393 755 6070
417 712 596 770 φαύλαις
613 716 693 757 τισὶ
712 717 780 757 καὶ
801 719 999 771 σοβαραῖς
1020 715 1189 763 ἐννοίαις
1210 715 1401 766 ἕσοβεΐτο.

417 777 467 837 ’ἦν
487 782 533 824 δέ
545 800 606 832 τις
627 781 946 838 καλοπρόσωπος
963 781 1131 832 εὔοπτος
1152 783 1330 831 νεανίας·

417 850 547 904 ὄνομα
569 850 699 908 τούτῳ
725 849 900 905 Μιχαήλ
913 883 926 903 ,
955 851 1068 905 γένος
1090 852 1133 892 ἐκ
1153 848 1459 907 Παφλαγόνων.

417 921 550 975 ἐκείνῳ
574 920 623 973 δὴ
645 923 705 976 τῷ
724 919 900 973 Μιχαὴλ
915 923 973 976 τῷ
987 917 1342 975 χαριτοβλεφάρῳ,

417 991 498 1029 τῶν
518 986 750 1043 ἀνακτόρων
771 994 860 1037 ταῖς
878 987 1020 1037 αὐλαῖς
1043 986 1457 1044 ε’μπεριστρεφομένῳ,

281 1055 391 1098 6075
410 1053 436 1110 ἦ
452 1057 613 1108 βασιλὶς
634 1057 826 1113 ἐρωτικὸν
847 1056 1098 1109 ἐπιβαλοῦσα
1118 1055 1283 1109 βλέμμα

415 1125 483 1165 καὶ
504 1127 577 1165 τοῦ
594 1122 815 1181 προσώπου
834 1123 908 1173 τὰς
930 1124 1058 1179 αὐγὰς
1080 1125 1224 1165 ἰδοῦσα
1243 1123 1310 1164 καὶ
1330 1121 1376 1164 τὸ
1397 1117 1548 1170 κάλλος

418 1187 487 1246 (ἦν
503 1191 581 1248 γὰρ
604 1190 949 1248 τρυφεροπάρειος
961 1224 974 1243 ,
1011 1189 1328 1248 εὖχρυύστατος,
1351 1190 1523 1246 χαρίεις,

419 1258 686 1311 κατάλευκος,
722 1261 962 1316 ἐξέρυθρος,
988 1259 1136 1316 ἔρωτος
1155 1257 1311 1310 στάζων
1333 1256 1524 1314 δρόσους)

419 1328 618 1384 ἐρωτικῶς
635 1329 842 1383 ἐμίγνυτο,
878 1329 945 1368 καὶ
966 1331 1142 1381 συνεχῶς
1164 1324 1311 1384 ἒτρῦγα

283 1397 395 1439 6080
419 1397 462 1437 ἔκ
478 1399 558 1437 τῶν
573 1394 802 1451 προσώπων
821 1395 999 1449 Μιχαὴλ
1021 1395 1073 1437 τὰ
1094 1400 1174 1437 τῶν
1189 1396 1370 1452 χαρίτων
1393 1390 1510 1450 ῥόδα.

426 1464 493 1505 καὶ
517 1461 567 1517 δή
587 1481 681 1505 ποτε
701 1467 759 1521 τῷ
771 1462 967 1520 εΡωμανῷ
986 1467 1044 1520 τῷ
1061 1467 1228 1517 βασιλεῖ
1244 1464 1318 1517 τὴν
1337 1459 1471 1518 σάρκα

416 1536 727 1587 ψυχαγωγοῦντι
744 1538 829 1581 τοῖς
848 1535 1033 1588 λουτροῖς
1047 1533 1117 1574 καὶ
1134 1527 1494 1589 παραμυθουμένῳ

417 1598 561 1656 ἄνδρες
578 1600 680 1649 τινὲς
695 1606 960 1656 χαιρομτσεῖς
980 1601 1130 1657 φονίως
1156 1598 1392 1654 ἐμπεσόντες

418 1666 667 1722 ἀπάγχουσιν
687 1666 742 1717 ὥς
760 1667 976 1724 δράκοντες
995 1666 1192 1724 ἐμφύντες
1212 1672 1271 1725 τῷ
1285 1664 1491 1723 τραχήλῳ,

283 1737 392 1778 6085
415 1735 488 1776 οὐκ
510 1733 601 1777 οἶδα
626 1740 712 1785 πῶς
730 1738 787 1785 εἷς
804 1737 852 1778 τὸ
870 1737 994 1778 κακὸν
1015 1736 1040 1790 ἢ
1059 1735 1188 1778 πόθεν
1205 1736 1492 1792 προαχθέντες,

420 1803 520 1854 εἷθ’,
547 1803 602 1852 ὥς
623 1820 749 1860 φασι,
786 1805 852 1845 καὶ
870 1809 943 1858 τῆς
963 1807 1292 1858 Ζωῆςεῖςτοῦτο
1313 1799 1667 1860 συμπραττοῦσης,

418 1870 444 1924 ἢ
467 1873 693 1921 συνειδυίας
709 1874 914 1926 μηδαμῶς
936 1873 1143 1929 (οὐδὲγὰρ
1165 1872 1242 1927 ἔχω
1261 1872 1421 1928 λέγειν),

379 2001 472 2037 5070
506 2001 714 2045 μοχθηροῖς
752 2002 787 2035 R
970 2003 1061 2037 6083
1095 2003 1297 2048 χερομισεῖς
1331 2001 1405 2037 MR
1420 2026 1431 2046 ,
1477 2000 1702 2046 χαιρσμισεῒς
1723 1998 1754 2033 Α

377 2047 470 2081 6086
493 2044 740 2091 συννευσάσης
762 2047 796 2081 R

285 2160 339 2195 nis
357 2158 581 2194 stationibus.
629 2159 761 2205 virgini
781 2160 948 2205 deiparae
970 2161 1152 2196 delubrum
1169 2158 1547 2205 magnificentissimum
1569 2157 1754 2202 exstruxit,

283 2206 379 2252 quod
401 2204 628 2250 Peribleptae
646 2205 724 2240 sive
741 2206 1019 2251 spectatissimae
1040 2207 1204 2253 templum
1226 2209 1438 2251 nuncupant.
1487 2207 1663 2239 caeterum
1685 2203 1752 2237 im—

278 2250 436 2297 peratrix
457 2255 573 2295 aetate
597 2250 721 2294 vigens
743 2257 779 2285 et
802 2254 1057 2288 tentationibus
1088 2252 1267 2298 corporeis
1290 2251 1504 2286 incalescens
1517 2277 1528 2295 ,
1559 2262 1601 2285 ac
1622 2250 1751 2291 Roma»-

278 2309 358 2332 num
380 2296 518 2330 interea
534 2296 659 2330 videns
693 2297 767 2331 suis
794 2297 965 2333 intentum
990 2300 1097 2333 rebus
1115 2300 1260 2342 vivere,
1299 2297 1362 2342 qui
1379 2296 1516 2331 mulieri
1538 2296 1753 2331 seiunctum

281 2354 352 2378 non
372 2342 638 2386 recordaretur,
663 2345 700 2376 et
723 2343 862 2387 quidem
884 2344 1025 2388 iuveni,
1056 2345 1177 2390 pravis
1203 2348 1240 2379 et
1268 2342 1437 2388 improbis
1462 2342 1670 2387 quibusdam
1690 2352 1750 2375 co-

281 2388 510 2434 gitationibus
543 2387 632 2421 mire
659 2388 950 2424 discruciabatur.
1009 2395 1085 2425 erat
1109 2395 1225 2425 autem
1253 2389 1393 2434 quidam
1411 2388 1616 2423 adolescens
1640 2388 1752 2422 forma

280 2438 431 2470 venusta
453 2438 491 2467 et
524 2433 706 2478 elegante,
732 2435 870 2469 nomine
891 2436 1105 2479 Michaelus,
1132 2435 1248 2483 patria
1269 2434 1449 2480 Paphlago
1462 2461 1474 2479 ,
1490 2435 1528 2469 in
1547 2445 1650 2480 quem
1666 2444 1750 2468 ver-

279 2486 415 2515 santem
438 2478 474 2513 in
496 2479 575 2514 aula
597 2479 764 2514 coniectis
786 2479 992 2525 imperatrix
1012 2482 1120 2516 oculis
1134 2509 1144 2527 ‚
1166 2481 1480 2526 animadversoque
1497 2481 1614 2515 vultus
1631 2479 1749 2526 splen-

281 2528 368 2562 dore
390 2537 431 2559 ac
452 2525 568 2569 gratia
591 2526 716 2572 (genas
744 2525 836 2559 enim
863 2527 1065 2562 delicatulas
1087 2532 1124 2562 et
1146 2533 1286 2562 teneras
1305 2527 1480 2572 habebat,
1508 2527 1626 2562 colore
1644 2537 1749 2572 prae-

281 2573 375 2608 ditus
394 2572 528 2617 optimo
542 2597 552 2615 ,
584 2577 770 2615 venustus,
802 2575 882 2606 cute
904 2574 1072 2618 candida,
1101 2574 1337 2618 rubicundus,
1366 2585 1482 2608 meros
1504 2573 1632 2608 amoris
1648 2581 1749 2606 rores

282 2617 433 2662 stillans)
455 2629 525 2651 non
542 2617 652 2651 solum
674 2618 935 2663 exardescebat,
958 2631 1080 2653 verum
1098 2620 1202 2654 etiam
1225 2630 1302 2654 eum
1319 2631 1362 2654 eo
1380 2619 1664 2655 consuetudinem
1685 2617 1749 2651 ha-

282 2665 412 2707 bebat,
433 2667 470 2697 et
491 2663 607 2697 oculos
632 2675 715 2697 suos
729 2665 915 2709 frequente
932 2665 1098 2699 Michaeli
1121 2666 1280 2700 contuitu
1309 2677 1455 2710 pascere
1473 2665 1621 2700 solebat.
1668 2667 1746 2699 tan-

281 2711 360 2745 dem
384 2709 569 2754 aliquando
596 2710 788 2744 Romanum
816 2710 1062 2755 imperatorem
1086 2712 1222 2746 balneis
1248 2723 1288 2746 se
1316 2715 1535 2747 recreantem
1557 2723 1598 2746 ac
1621 2711 1747 2744 fun-en—

279 2761 351 2791 tem
375 2756 490 2790 adorti
507 2755 576 2789 viri
599 2756 738 2800 quidam
767 2757 976 2801 facinorosi,
1001 2757 1200 2798 ,draconum
1222 2757 1294 2792 ritu
1320 2757 1444 2792 collum
1474 2757 1551 2792 eius
1573 2753 1746 2792 comnin-

281 2805 404 2846 gentes
418 2828 428 2847 ,
461 2802 690 2845 suffocarunt,
723 2802 894 2837 incertum
916 2814 984 2848 quo
1005 2808 1109 2848 pacto
1133 2808 1171 2838 et
1194 2815 1260 2849 per
1281 2815 1368 2849 quos
1391 2805 1436 2839 ad
1454 2804 1522 2838 hoc
1543 2803 1656 2838 scelus
1681 2800 1747 2833 im-

281 2847 391 2893 pulsi,
426 2847 483 2883 vel
515 2840 707 2891 annuente,
739 2859 803 2882 ceu
830 2848 936 2894 vulgo
964 2849 1176 2895 perhibent,
1210 2850 1304 2894 Zoe,
1340 2849 1398 2884 vel
1429 2860 1573 2896 prorsus
1603 2848 1752 2894 ignara:
