1864 3242
318 172 412 218 232
845 171 904 215 IN
937 171 1234 216 GEORGIUM

316 276 634 333 ἕπονομαζομὲνη
664 276 733 319 καὶ
756 275 832 331 τήν
849 274 931 320 dno*
947 281 1028 321 τῶν
1047 281 1341 347 Σθλαβογενοῖν
1359 278 1621 334 ἔπισυρομὲνη
1639 277 1751 332 τάξιν

318 334 465 390 μεγάλη
486 332 746 388 Περισθλάβα
762 333 1010 388 πανταχόθεν
1026 332 1182 384 τούτοις
1199 336 1457 406 φημιζομὲνη.
1509 340 1610 376 Am„

429 405 470 443 p.
486 394 539 432 23
558 403 598 428 v.
615 391 657 430 8.
713 404 795 429 non
813 390 966 430 [banus
985 391 1057 430 sed
1075 392 1268 438 lhancus,
1293 388 1481 445 Ἷβαγκος,
1509 393 1614 446 apud
1631 395 1750 432 Nice-

318 455 401 485 tam
420 459 596 498 semper,
627 453 666 484 et
684 446 857 498 quodam
877 448 964 485 1000
982 443 1193 500 Ἰβαγκός”
1169 463 1297 500 ονομα
1315 450 1432 502 τῷδε,
1459 450 1642 502 σημαίνει
1657 448 1752 490 δὲ’
1722 466 1749 502 η

318 503 419 552 λέξις
443 500 510 543 τὸν
538 498 738 554 Ἰωάννην.
795 504 936 542 rectius
961 505 1127 543 arbitror
1147 503 1300 543 [banus
1314 506 1397 543 sive
1416 506 1586 552 Imma-⁹,
1625 505 1670 544 id
1693 513 1752 544 est

315 560 439 604 Ιναη,
467 559 601 603 lusan,
629 559 772 597 Iohan.
830 560 992 598 DOUSA.

427 613 482 654 ib.
541 616 614 654 τοῦ
641 614 991 668 πρωτεξαδέλφου]
1030 616 1196 654 Ibaucus
1235 616 1320 668 (sic
1348 586 1514 655 Ioannes
1545 630 1567 654 a
1593 585 1752 656 Biaohis

314 668 479 722 dicitur)
520 676 660 707 natura
695 678 734 708 et
769 673 945 710 moribus
970 673 1102 710 Asano
1140 673 1279 711 similis
1307 679 1347 710 et
1371 674 1510 710 intima
1546 673 1755 711 familiari-

314 732 394 763 tate
436 728 664 764 coniunctus
703 728 806 764 clam
841 741 931 765 cum
966 741 1089 765 uxore
1130 730 1253 766 Asani
1289 742 1420 767 sorore
1463 729 1755 767 consuescebat.

317 781 362 819 id
379 782 448 819 ubi
468 784 720 833 comperisset
739 785 916 832 Asanus,
946 785 1137 835 principio
1158 798 1325 822 uxorem
1342 797 1522 823 accusare
1542 792 1581 822 et
1598 791 1757 836 propter

317 838 504 875 facinoris
526 838 880 877 dissimulationem
894 841 1031 890 capitis
1049 839 1249 878 damnare.
1298 840 1369 879 sed
1385 841 1512 879 verbis
1529 842 1664 879 uxoris
1684 840 1757 878 de-

318 895 476 931 territus
498 895 598 931 iram
618 907 641 931 a
659 897 823 933 muliere
839 897 881 932 in
900 896 1088 933 Ibancum
1107 897 1291 934 transfert
1303 926 1313 945 ,
1345 910 1513 949 eumque
1537 898 1670 935 statim
1692 898 1758 934 in-

319 956 513 1000 tempesta
531 956 645 987 nocte
669 950 720 988 ad
740 965 782 989 se
804 953 978 990 accersit.
1035 953 1200 990 Ibancus
1225 966 1424 990 accessum
1441 952 1584 1001 differt,
1602 954 1758 999 Asanus

319 1006 517 1044 sollicitat.
575 1006 736 1044 tandem
765 1020 881 1046 causa
914 1021 983 1045 cur
1002 1015 1205 1046 vocaretur
1227 1009 1393 1046 Ibancus
1413 1009 1587 1059 cognita,
1625 1007 1758 1059 gladio

320 1062 391 1100 sub
413 1069 520 1100 veste
543 1064 734 1100 occultato
752 1065 946 1101 accinctus
969 1063 1201 1114 ingreditur.
1256 1067 1411 1102 Asanus
1435 1063 1537 1102 nihil
1565 1063 1760 1102 moderati

321 1118 364 1154 in
391 1130 482 1156 eum
514 1119 710 1167 cogitans,
752 1118 802 1156 ad
831 1121 1005 1170 primum
1037 1122 1121 1157 eius
1149 1127 1352 1171 aspectum
1383 1119 1585 1167 efferatus,
1624 1133 1760 1158 ensem

322 1175 489 1225 quaerit.
546 1175 712 1213 Ibancus
738 1175 890 1212 facinus
917 1183 1080 1226 occupat
1105 1182 1143 1212 et
1164 1189 1255 1213 ense
1275 1177 1318 1212 in
1334 1177 1496 1226 inguine
1517 1175 1640 1213 infixo
1656 1177 1761 1213 Asa-

320 1241 420 1267 num
443 1228 598 1266 occidit.
628 1229 721 1268 iude
742 1231 898 1280 elapsus
919 1233 1052 1268 statim
1070 1230 1121 1267 ad
1138 1233 1312 1268 conscios
1333 1244 1374 1268 se
1395 1231 1570 1280 confert,
1587 1237 1626 1269 et
1637 1230 1761 1268 ‘caede

321 1283 494 1323 indicata
513 1298 603 1323 culn
625 1286 681 1323 eis
700 1287 906 1323 consilium
931 1285 1161 1324 desectionis
1177 1288 1264 1324 init.
1319 1288 1422 1326 ALL-

433 1339 488 1379 ib.
515 1354 554 1378 v.
576 1343 616 1381 9.
677 1339 700 1381 ό
718 1338 890 1391 ἀδελφὸς
907 1337 1055 1393 αὐτοῦ]
1098 1344 1236 1380 Petrus
1259 1349 1348 1393 post
1370 1355 1510 1380 necem
1534 1342 1657 1381 Asani
1683 1355 1764 1380 non

321 1396 494 1434 multum
516 1409 671 1436 summa
692 1410 822 1434 rerum
836 1399 984 1448 potitus
1003 1404 1081 1446 est3
1122 1399 1191 1450 qui
1215 1412 1289 1436 nec
1314 1405 1440 1436 morte
1459 1399 1629 1436 naturali
1642 1427 1652 1446 ,
1693 1396 1766 1436 sed

320 1452 598 1491 miserabiliter
618 1466 640 1489 a
661 1452 833 1504 quodam
854 1454 1035 1504 populari
1054 1454 1256 1492 confossus
1277 1456 1401 1492 vitam
1425 1454 1532 1503 finit3
1563 1461 1601 1493 et
1616 1455 1766 1505 princi-

322 1514 438 1558 patus
458 1509 720 1558 Bulgarorum
739 1508 790 1546 ad
805 1512 995 1546 Ioannem
1019 1511 1179 1547 tertium
1195 1511 1356 1550 fratrem
1375 1511 1526 1549 transit.
1582 1511 1639 1548 ita
1658 1509 1765 1548 Cho-

322 1565 444 1602 niata.
500 1566 728 1615 Acropolita
751 1573 884 1602 tamen
910 1563 977 1602 hic
1004 1573 1138 1603 noster
1164 1567 1290 1604 aliter.
1347 1568 1514 1603 Ioannes
1537 1578 1618 1603 non
1642 1578 1764 1616 parvo

323 1626 501 1670 tempore
529 1619 636 1671 apud
666 1623 865 1659 Romanos
894 1622 1008 1659 obses
1035 1622 1181 1670 fuerat,
1234 1635 1323 1659 cum
1351 1624 1562 1672 imperator
1594 1623 1765 1659 Isaacius

323 1674 543 1713 secundum
560 1678 682 1728 Mysis
704 1690 811 1714 arma
828 1678 1047 1715 retulisset.
1078 1676 1150 1715 sed
1167 1678 1261 1728 fuga
1280 1679 1434 1728 elapsus
1455 1676 1618 1714 domum
1635 1676 1766 1714 redie-

323 1738 399 1768 rat.
457 1733 671 1782 Gregoras.
701 1731 722 1774 ὁ
739 1729 814 1787 γάρ
834 1749 893 1774 τοι
910 1736 985 1773 τοῦ
1002 1732 1160 1787 πρώτου
1178 1730 1292 1774 ’Λσοῖν
1310 1729 1484 1784 οἲδελφός
1499 1731 1567 1773 καὶ
1585 1730 1768 1785 διαδοχος

321 1782 521 1837 Ἰωάννης.
578 1790 680 1826 Am„

435 1842 638 1884 ib.v.12.
697 1845 852 1883 πολλῶν
878 1858 917 1884 τε
943 1847 1027 1892 τοῖς
1049 1842 1252 1897 Ῥωμαίοις
1279 1843 1418 1896 αἴτιοι]
1446 1845 1579 1881 Asano
1597 1850 1634 1881 et
1649 1824 1765 1880 Petro

322 1897 509 1936 fratribus
538 1898 754 1950 spoliandis
784 1899 1096 1952 infestandisque
1129 1902 1287 1938 Graecis
1313 1901 1547 1948 ilmnanior3
1577 1901 1686 1938 cuius
1705 1911 1767 1936 res

325 1961 455 2004 gestas
474 1953 608 1994 videre
631 1962 688 1993 est
706 1956 748 1992 in
768 1954 1130 1994 Choniata.An1..

438 2009 491 2049 ib.
515 2023 553 2048 v.
579 2011 643 2051 15.
700 2014 770 2062 τῆς
793 2012 1078 2064 Μακεδονίας]
1110 2010 1307 2065 quomodo
1328 2011 1418 2048 Itali
1435 2008 1708 2048 Macedoniam
1729 2015 1768 2046 et

325 2067 532 2103 Graeciam
548 2067 747 2119 reliquam
765 2067 841 2105 sibi
858 2068 1103 2119 subegerint,
1132 2075 1264 2107 narrat
1287 2066 1507 2105 Choniata‘
1496 2079 1539 2104 m
1556 2064 1768 2103 Balduino.

323 2122 425 2160 Am..

438 2177 493 2215 ib.
515 2191 554 2215 v.
579 2180 642 2219 17-
697 2176 771 2231 τὴν
796 2176 913 2220 πόλιν
939 2176 1170 2231 Ἀδριανοῦ]
1209 2178 1485 2244 Adrianopolis
1520 2175 1770 2214 obsidionem

326 2238 366 2269 et
392 2234 550 2271 Ioannis
578 2233 782 2272 machinas
811 2236 1005 2286 prolixius
1031 2242 1163 2273 narrat
1187 2235 1404 2273 choniata·
1392 2247 1434 2270 ιιι
1452 2231 1661 2270 Balduino.
1720 2231 1769 2269 de

325 2286 402 2325 hao
430 2289 525 2325 urbe
553 2297 686 2326 auctor
713 2293 816 2328 vitae
843 2291 1049 2329 Athanasii
1078 2290 1320 2342 patriarchae
1348 2290 1566 2354 Cpolitani:
1598 2283 1715 2335 ουτος
1746 2284 1770 2328 ὅ

327 2342 446 2395 μέγας
473 2341 546 2395 τὴν
575 2340 717 2396 αρετήν
742 2346 807 2385 καὶ
837 2345 974 2397 σχεδόν
998 2347 1116 2388 παντὶ
1136 2350 1192 2400 τῷ
1212 2343 1345 2414 κόσμῳ
1366 2340 1574 2396 διαβόητος
1595 2338 1771 2384 Ἀθαναν

328 2412 414 2446 σιος
436 2399 610 2466 πατρίδα
632 2398 703 2452 μὲν
720 2400 804 2452 ε’σχε
822 2399 892 2441 τὸν
910 2398 1099 2455 Ὀδρυσὸν
1117 2401 1232 2443 πόλιν
1249 2397 1416 2467 αρχαίαν
1433 2415 1473 2440 τε
1491 2399 1558 2439 καὶ
1579 2398 1768 2450 ἐπιφανῆ,

330 2451 380 2495 ου’
399 2451 521 2506 μόνον
539 2457 742 2503 παντοίοις
763 2457 989 2509 βρίθουσαν
1005 2462 1086 2504 τοῖς
1106 2457 1257 2506 ἔξωθεν
1279 2453 1464 2508 ἀγαθοῖς,
1495 2452 1595 2495 αλλα
1608 2454 1675 2495 καὶ
1690 2451 1771 2494 πά·-

331 2522 417 2557 σαις
432 2507 587 2563 οἷρεταῖς
600 2515 783 2561 κομῶσαν
804 2512 872 2552 καὶ
893 2510 1024 2563 πάσης
1045 2510 1204 2579 αγαθῆς
1222 2512 1403 2558 παιδείας
1421 2510 1688 2581 ὑπερέχουσαν
1706 2510 1770 2562 ἐρ-

329 2564 562 2636 γαστήριον,
593 2567 631 2615 ἐξ
655 2564 835 2619 Ὀρέστου
856 2566 927 2619 μὲν
947 2584 1018 2608 του
1038 2566 1202 2619 πρώτως
1227 2564 1352 2619 αὐτην
1380 2563 1652 2619 ἄνεγείραντος
1673 2570 1770 2616 κλη-

328 2625 471 2664 θεῖσαν
491 2619 746 2688 Ὀρεστιάδα,
777 2625 816 2672 ἐξ
841 2624 982 2664 Αἰλίου
1004 2623 1046 2664 δὲ
1070 2627 1143 2664 τοῦ
1163 2621 1372 2676 Ἀδριανοῦ
1391 2626 1465 2664 τοῦ
1484 2626 1643 2669 πολλοῖς
1657 2634 1771 2662 υστε-

330 2692 403 2730 ρον
431 2674 590 2744 χρόνοις
614 2677 883 2727 πλατύναντος
901 2679 967 2719 καὶ
985 2692 1256 2731 κοσμησαντος
1280 2678 1532 2745 καλουμένην
1540 2673 1772 2730 Ἀδριανού-

328 2736 466 2782 πολιν,
506 2730 593 2785 ἥτις
627 2732 736 2782 ὅσοις
771 2740 1007 2807 περιρρεῐται
1034 2737 1236 2782 παντοίοις
1268 2733 1472 2775 πάντοθεν
1507 2730 1677 2786 ἀγαθοῖς
1702 2731 1771 2771 καὶ

329 2794 522 2842 ποταμοῖς
551 2787 652 2843 πρὸς
673 2787 827 2841 τούτοις
849 2789 996 2835 οἷένναα
1018 2791 1199 2846 ῥέουσιν,
1227 2791 1348 2841 ἔξεστι
1368 2793 1421 2846 τῷ
1438 2788 1668 2844 βουλομένῳ
1699 2803 1772 2828 κα-
