1924 3242
369 203 464 249 210
823 189 826 194 ’
886 203 944 247 IN
979 203 1273 250 Gssonemm

368 314 440 354 tim
457 313 624 366 fugisse3
653 312 814 352 Latinos
829 325 973 364 magua
991 312 1109 352 caede
1128 314 1231 357 facta
1249 313 1388 351 urbem
1404 313 1607 353 invasisse.
1651 315 1799 366 postei-

369 371 432 408 die
461 371 692 408 Murzuflum
720 372 862 407 iterum
890 376 1174 421 repugnantem
1199 371 1348 408 victum
1372 382 1484 417 resse3
1524 377 1609 408 tum
1636 371 1797 421 plenam

367 426 571 465 victoriam
598 427 748 464 Latinis
776 424 982 476 obtigisse,
1014 426 1398 464 ‹et-inaestimabilem
1413 424 1599 476 praedam
1618 427 1796 464 abactam
1834 456 1838 461 .

368 495 557 534 equorum
577 484 660 518 auri
678 483 829 532 argenti
848 494 1093 532 gemmarum
1111 488 1150 519 et
1168 483 1427 532 pretiosarum
1444 483 1625 519 vestium.
1679 481 1717 519 ei
1731 483 1795 519 in-

367 546 424 575 ter
459 537 634 588 singulos
662 536 840 589 (inquit)
871 539 1073 575 victoriam
1098 538 1350 588 partiamur,
1394 536 1556 588 quilibet
1582 551 1627 574 ex
1656 538 1798 578 nomes

368 607 444 630 non
452 594 659 643 panciores
677 607 797 644 quam
817 601 971 631 centum
989 593 1135 630 obsedit
1149 600 1184 630 et
1202 595 1323 631 vicia·
1369 591 1480 630 nobis
1494 606 1573 630 non
1592 594 1798 633 vietor-ian

366 662 618 700 usmpamus:
647 662 674 686 a
703 650 856 686 domino
881 649 1113 700 estfactum
1131 649 1254 696 istud,·
1283 655 1320 685 et
1339 655 1394 686 est
1414 647 1593 686 mirabile
1612 649 1656 685 in
1672 647 1796 687 omlis
1823 695 1827 699 .

366 707 519 744 nostris.
579 704 688 742 addit
708 719 730 743 a
746 707 859 743 certis
878 705 1038 743 delectis
1056 704 1120 742 die
1139 704 1333 742 dominica
1348 703 1630 742 misericordias
1647 703 1798 749 (107ιίηὲ

363 759 639 814 imperatorem
661 762 827 799 electum
850 775 946 810 esse,
977 761 1232 812 sequentique
1253 759 1447 798 dominica
1463 759 1626 797 iubilate
1642 759 1713 797 deo
1729 761 1795 797 in·-

365 820 472 870 genti
497 820 673 855 omnium
704 819 895 868 applausu
930 818 1195 854 sublimatum.
1254 815 1402 854 ibidem
1435 815 1512 853 hoo
1543 816 1656 854 titulo
1685 828 1793 863 usus,

364 874 594 912 Balduinus
623 873 686 910 dei
707 876 842 924 gratia
858 873 1117 920 fidelissimus
1142 873 1351 922 imperator
1380 871 1608 922 Cpolitanzas
1616 898 1634 917 ,
1668 885 1697 908 a
1722 871 1794 909 deo

366 923 587 975 coronatus,
617 929 838 966 Romaniae
866 930 946 981 (ita
962 928 1066 979 apud
1080 927 1300 965 Arnoldum
1318 934 1376 965 est
1393 925 1634 978 legendum)
1661 927 1796 964 mode-
1812 971 1815 975 r

363 993 470 1023 rator
487 993 524 1022 et
541 998 688 1034 semper
705 985 933 1034 Augustus,
962 985 1215 1021 Flandrensis
1237 991 1272 1020 et
1289 984 1625 1034 IIennegoviensis·
1651 995 1788 1022 comeo.

362 1041 434 1078 has
467 1042 650 1091 epistolas
678 1042 807 1090 legere
834 1041 982 1077 volenti
1009 1042 1050 1076 in
1075 1038 1221 1076 mundo
1250 1046 1308 1076 est
1333 1038 1530 1076 Amoldus
1554 1038 1792 1077 Labe-oensis

365 1098 498 1145 abbas,
528 1098 771 1133 continuator
790 1095 988 1133 Helmoldi
1005 1095 1234 1132 Sclavorum
1250 1092 1547 1145 chronographi,
1575 1095 1662 1144 ipso
1679 1095 1750 1132 lib.
1764 1096 1790 1134 6

359 1153 449 1189 fine.
506 1153 612 1202 prior
640 1153 825 1202 inscripta
853 1158 911 1188 est
938 1150 1250 1188 excellentissimo
1268 1151 1355 1186 Dn.
1387 1149 1548 1195 Othoni,
1577 1150 1641 1186 dei
1654 1151 1791 1199 gratia

361 1209 632 1244 Romanorum
662 1208 746 1257 regi
771 1214 808 1242 et
836 1220 984 1256 semper
1011 1205 1216 1254 Augusto,
1243 1205 1432 1256 posterior
1452 1205 1677 1242 inscribitur
1697 1206 1792 1242 uni-

360 1265 482 1301 versis
517 1262 661 1299 Christi
680 1261 872 1309 fidelibus
881 1289 896 1306 ‚
922 1261 1220 1310 archiepiscopis
1228 1287 1245 1305 ,
1273 1261 1460 1310 episeopis
1493 1267 1531 1296 et
1562 1258 1790 1306 abbatibus,

355 1317 611 1368 primoribus,
643 1319 894 1366 praepositis,
931 1317 1106 1360 decanis,
1135 1317 1370 1366 caeterisque
1397 1315 1646 1352 ecclesiarum
1666 1329 1790 1366 prae-

361 1374 453 1410 latis
483 1373 822 1423 ecclesiasticisque
843 1374 1038 1422 personis,
1076 1368 1302 1415 baronibus,
1338 1370 1546 1416 militibus,
1582 1373 1790 1410 sarziantis

362 1429 543 1479 omnique
565 1428 715 1477 populo
750 1428 982 1464 Chris-tiano.
1043 1433 1159 1478 atque
1189 1426 1327 1463 eadem
1354 1425 1451 1464 haec
1479 1433 1789 1477 repraesentatur

363 1486 481 1521 etiam
511 1486 552 1520 in
579 1483 795 1520 Annalibus
818 1482 1022 1520 Godofridi
1046 1481 1248 1529 monachi,
1278 1495 1349 1519 ceu
1369 1484 1488 1520 missa
1505 1481 1648 1520 Adolfo
1670 1483 1788 1524 Colo-

360 1536 489 1576 niensi
505 1537 807 1589 archiepiscopo.
866 1539 1065 1575 conferant
1083 1538 1223 1589 quibus
1240 1540 1364 1575 otium
1383 1545 1420 1575 et
1434 1537 1568 1575 lubido
1588 1545 1666 1585 est,
1695 1551 1787 1575 mu-

360 1602 506 1646 tuaque
548 1607 665 1644 opera
700 1607 786 1631 eam
825 1596 1040 1631 restituant.
1097 1595 1239 1643 legitur
1267 1593 1414 1630 ibidem
1442 1600 1480 1630 et
1507 1594 1583 1630 alia
1608 1595 1786 1644 epistola,

360 1663 480 1701 quam
508 1652 698 1686 Henricus
739 1650 833 1701 (qui
863 1651 948 1686 aliis
979 1647 1117 1698 Hugo)
1158 1650 1291 1686 Sancti
1317 1650 1429 1686 Pauli
1461 1661 1590 1689 comes
1618 1651 1785 1687 Heurico

359 1705 449 1742 duci
469 1705 517 1742 de
535 1707 723 1752 Lovanio,
753 1705 795 1741 id
813 1712 870 1742 est
886 1705 1129 1751 Brabantiae,
1158 1706 1278 1741 misit.
1336 1716 1455 1755 quam
1473 1703 1586 1750 vide3
1617 1711 1655 1741 et
1672 1705 1786 1755 plura

359 1763 392 1798 si
419 1761 547 1808 voles,
586 1759 727 1796 adhibe
757 1759 1001 1797 Guntherum
1027 1759 1264 1796 monachum
1289 1761 1464 1797 coenobii
1486 1761 1715 1798 Parisiensis
1743 1762 1786 1799 in

357 1817 527 1863 Alsatia,
560 1818 627 1866 qui
647 1814 851 1852 historiam
871 1815 971 1852 hauc
994 1822 1126 1865 captae
1149 1816 1312 1865 Cpoleos
1335 1828 1386 1851 ex
1405 1829 1470 1852 ore
1487 1817 1644 1852 Martini
1663 1816 1784 1852 abba-

357 1873 406 1908 tis
435 1873 513 1918 sui,
545 1873 612 1922 qui
641 1873 922 1921 expugnationi
953 1878 991 1908 et
1019 1872 1202 1907 victoriae
1230 1871 1426 1918 interfuit,
1458 1871 1544 1908 fuse
1569 1869 1783 1921 descripsit,

358 1927 504 1963 editam
529 1940 653 1976 nuper
679 1940 731 1963 ex
757 1927 993 1964 membranis
1011 1927 1058 1963 ab
1076 1928 1241 1963 Henrico
1261 1927 1413 1964 canisio
1432 1928 1670 1977 Noviomago
1689 1929 1721 1964 Ι.
1739 1927 1782 1964 C.

358 1984 552 2033 Antiquae
571 1983 747 2019 lectionis
766 1989 872 2019 tomo
893 1982 916 2022 5
940 1989 1038 2032 part.
1060 1985 1100 2022 2.
1155 1983 1316 2019 DousA.

468 2052 508 2088 p.
539 2039 562 2076 6
596 2051 633 2074 v.
660 2040 699 2078 9.
757 2034 890 2089 φυγήν
926 2052 965 2077 τε
1003 2033 1350 2089 μηχανησάμενος]
1389 2037 1552 2074 Alexius
1589 2037 1783 2074 obcaecati

357 2094 495 2129 Isaacii
512 2093 613 2129 filius
634 2092 681 2129 ab
703 2093 845 2130 Alexio
862 2099 997 2144 patruo
1019 2106 1040 2129 a
1058 2092 1231 2130 custodia
1253 2092 1413 2130 eductus
1426 2121 1435 2139 ,
1465 2093 1642 2129 libertate
1666 2099 1704 2128 et
1727 2093 1780 2128 li-

359 2150 485 2184 centia
504 2155 628 2195 utens,
661 2147 851 2199 quidquid
869 2149 980 2185 aliter
997 2156 1124 2185 narret
1138 2147 1310 2186 Blondus
1323 2147 1467 2184 Decad.
1485 2151 1512 2188 2
1527 2147 1595 2183 lib.
1614 2151 1653 2194 2,
1682 2148 1779 2185 Ale-

356 2205 471 2239 xium
499 2210 627 2239 contra
656 2210 970 2253 protostratorem
996 2206 1192 2240 exiturum
1211 2203 1261 2240 ad
1279 2204 1575 2240 Democraniam
1589 2204 1778 2254 sequitur.

356 2259 410 2304 is,
439 2270 512 2294 nec
537 2258 727 2294 abnuente
748 2264 912 2308 patruo,
943 2252 1031 2295 cum
1058 2261 1199 2296 Pisano
1229 2258 1397 2310 quodam
1423 2257 1471 2294 de
1495 2258 1589 2306 fuga
1606 2259 1777 2296 ·consilio

355 2313 474 2360 inito,
513 2313 580 2348 ubi
615 2313 826 2362 navigandi
855 2316 1179 2363 opportunitatem
1208 2320 1416 2364 captasset,
1456 2311 1507 2349 ad
1535 2314 1778 2364 Hellesponti

355 2368 565 2404 Auloniam
593 2367 735 2414 fertur,
769 2375 806 2404 et
831 2368 1001 2418 Athyrae
1032 2383 1272 2406 commorans
1302 2382 1371 2419 per
1389 2366 1580 2418 >scapham
1598 2371 1708 2406 navis
1727 2369 1779 2407 ad

353 2435 496 2460 navem
515 2421 703 2473 grandem
719 2422 955 2473 pervehitur.
998 2432 1154 2462 conatus
1175 2427 1215 2460 in
1234 2438 1277 2461 eo
1297 2422 1483 2474 capiendo
1500 2425 1632 2461 Alexii
1648 2426 1777 2475 patrui

354 2478 496 2515 frustra
516 2491 649 2515 omnes
666 2479 796 2515 fuere:
826 2474 918 2514 liam
936 2480 1003 2516 ille
1025 2493 1134 2516 coma
1150 2483 1191 2516 iu
1209 2481 1341 2516 orbem
1359 2492 1444 2516 rasa
1458 2486 1496 2515 et
1510 2481 1649 2517 Latina
1668 2487 1774 2518 veste

354 2533 512 2579 induta,
545 2535 639 2570 etin
658 2534 769 2570 turba
785 2546 928 2583 magna
954 2535 1181 2581 obversans,
1210 2536 1456 2586 inquisitores
1484 2535 1610 2572 latuit.
1669 2534 1775 2573 Cho-

352 2590 459 2625 niata
490 2591 531 2625 in
557 2590 699 2625 Alexio
727 2591 923 2627 Comueno
951 2590 1020 2625 lib.
1052 2594 1076 2630 3
1107 2603 1146 2640 p.
1173 2591 1254 2630 710
1285 2593 1349 2631 12.
1405 2591 1538 2627 Alexii
1571 2593 1613 2627 in
1643 2598 1774 2628 custo-

353 2643 495 2681 diendo
523 2646 671 2681 ,Isaacio
704 2644 821 2681 fratre
851 2651 1054 2681 excaecato
1084 2645 1366 2695 negligentiam
1390 2658 1468 2683 non
1494 2647 1577 2683 sine
1599 2647 1772 2696 periculo

349 2706 471 2736 notat.
529 2699 624 2751 quid
661 2712 751 2749 ergo
788 2707 956 2750 nugatur
987 2700 1159 2737 Blondus
1195 2703 1339 2738 Histor.
1372 2700 1506 2738 decad.
1534 2704 1559 2741 2
1583 2702 1683 2739 libro
1715 2700 1772 2742 6?

337 2756 470 2806 fiuter
487 2762 571 2792 erat
585 2754 770 2799 Alexim,
798 2763 921 2792 aetate
941 2757 1081 2801 minor,
1115 2769 1205 2792 cum
1225 2771 1299 2807 quo
1323 2757 1654 2808 indulgentissime
1673 2769 1771 2807 age-

346 2811 430 2856 bat,
457 2812 552 2848 adeo
581 2817 627 2848 ut
647 2811 750 2847 nillil
772 2811 848 2847 sibi
874 2812 931 2848 ad
946 2825 1139 2849 summam
1159 2812 1505 2851 arimini-strattbnis
1513 2819 1670 2862 praeter
1689 2814 1769 2863 im·-
