1924 3242
353 173 382 217 2
394 172 449 219 16
875 175 935 218 IN
969 173 1265 219 GEORGIUM

351 281 434 321 lam
449 282 597 321 Latinis
624 279 672 319 de
693 281 866 320 Graecis.
922 283 980 319 sic
1009 295 1081 334 par
1098 284 1183 335 pari
1210 282 1397 324 redditur.
1454 296 1515 322 res
1526 285 1664 337 itaque
1683 281 1782 322 haec

351 341 391 377 in
419 340 579 378 obscuro
609 337 769 386 latebit,
811 350 885 374 nec
908 340 1118 391 quisquam
1142 341 1348 377 veritatem
1376 339 1578 378 inveniet‘z
1617 340 1782 378 minime

350 408 456 433 vero.
513 392 791 432 recurnendum
819 399 877 431 est
904 393 956 431 ad
983 408 1230 433 communem
1251 395 1441 444 iudicem,
1480 397 1550 448 qui
1571 396 1782 433 momentis

350 453 546 488 rationum
564 450 611 487 ab
632 451 806 500 utrisque
821 447 964 487 auditis
981 452 1065 488 sine
1081 453 1252 503 partium
1271 464 1401 489 amore
1419 458 1485 489 aut
1501 449 1589 489 odio
1606 464 1784 502 pronun-

350 508 435 543 tiat.
464 508 497 542 is
519 506 636 542 fuerit
654 517 829 542 summus
850 506 1032 556 pontifex
1049 509 1312 557 Innocentius,
1342 508 1468 559 quiin
1490 520 1531 544 rc
1553 507 1783 558 gravissima

350 561 563 603 rationibus
587 559 833 619 ponderatis,
875 560 1008 599 addito
1040 565 1159 600 etiam
1183 564 1554 613 spectatissimorum
1577 561 1783 600 hominum

351 617 512 654 consilio
536 614 587 653 ad
613 615 880 653 marchionem
896 619 1154 661 Montisferati
1177 617 1276 656 datis
1301 620 1424 656 literis
1447 620 1502 656 ita
1530 617 1781 656 dehberavit·
1807 667 1810 670 .

349 685 418 710 vos
447 671 603 709 nullam
628 673 671 708 in
694 672 864 709 Graecos
881 673 1186 711 iurisdictionem
1212 681 1284 711 aut
1301 681 1531 725 potestatem
1555 672 1739 711 habentes
1755 685 1784 710 a

344 728 521 778 puritate
546 728 627 771 poti
651 728 770 764 vestri
797 729 928 764 timere
958 729 1172 767 declinasse
1196 730 1398 776 videmini,
1435 729 1531 772 dum
1551 742 1630 772 non
1649 734 1784 766 contra

355 784 592 828 Sarracenos
623 796 736 821 arma
769 785 942 828 movistis
954 811 968 830 ,
1010 799 1088 822 non
1120 786 1359 823 intendentes
1393 785 1451 823 ad
1476 783 1785 835 recuperandum

348 838 603 876 fflemsalem
631 838 701 875 sed
729 839 881 888 Cpolim
909 841 1198 890 occupandam,
1242 849 1412 883 terrenas
1439 854 1528 891 opes
1555 838 1784 880 caelestibus

349 895 496 932 dit-iliis
509 894 781 945 praeferendo.
827 895 933 932 illud
947 910 1098 947 quoque
1118 897 1234 948 longe
1244 898 1413 948 gravius
1430 903 1654 946 reputatur,
1680 894 1787 946 quod

349 950 514 1002 qnidam
534 963 603 987 nec
620 949 804 1000 religioni
817 964 891 987 nec
908 953 1034 988 aetati
1046 966 1117 989 nec
1136 955 1245 989 sexui
1255 958 1530 1003 pepercerunt,
1571 951 1642 989 sed
1644 951 1785 1002 jorni·-

350 1007 520 1042 cationes
538 1005 734 1043 adulteria
754 1013 790 1042 et
804 1007 972 1044 incestus
993 1009 1037 1044 in
1054 1008 1176 1048 oculis
1194 1009 1367 1045 omnium
1387 1014 1599 1044 exercentes
1617 1020 1696 1048 non
1719 1019 1783 1043 so-

350 1061 435 1098 lum
457 1062 663 1101 maritatas
681 1068 718 1097 et
740 1062 899 1107 viduas,
935 1064 1005 1100 sed
1019 1064 1134 1100 etiam
1149 1071 1350 1101 matronas
1369 1064 1539 1113 virgines
1556 1062 1701 1113 deoque
1719 1061 1783 1098 ‹li-

350 1123 460 1153 catas
488 1124 744 1166 exposuerunt
770 1119 967 1167 spurcitiis
984 1121 1226 1168 gartionum,
1286 1133 1357 1156 nec
1385 1117 1605 1168 imperiales
1629 1116 1784 1169 sefflica}

349 1173 511 1208 divitias
528 1171 731 1209 exhaurire
750 1186 799 1209 ac
814 1174 979 1223 diripere
996 1174 1123 1224 spolia
1141 1176 1332 1211 maiorum
1345 1176 1496 1223 pariter
1515 1179 1552 1210 et
1568 1174 1783 1217 minorum,

349 1229 429 1265 nisi
452 1228 511 1264 ad
534 1228 784 1266 ecclesiarum
804 1225 1020 1274 thesauros,
1058 1236 1095 1266 et
1112 1230 1219 1280 quod
1232 1231 1399 1280 gravius
1419 1235 1491 1273 est,
1526 1227 1584 1264 ad
1607 1228 1786 1280 ipsarum

342 1284 602 1332 possessiones
618 1283 837 1325 extendistis
855 1297 998 1320 manus
1016 1291 1179 1329 vestras,
1212 1281 1370 1320 tabulas
1391 1290 1597 1334 argenteas
1615 1282 1663 1320 de
1677 1282 1786 1319 alta-2

350 1337 460 1383 ribus
486 1339 705 1387 rapientes,
749 1345 786 1374 et
811 1338 969 1375 violatis
994 1341 1179 1376 sacrariis
1211 1353 1342 1377 cruces
1372 1340 1499 1376 icones
1532 1345 1569 1375 et
1597 1337 1785 1389 reliquias

350 1400 610 1443 asportantes,
642 1400 687 1429 ut
710 1394 949 1431 Graecorum
968 1396 1126 1437 ecclesia
1145 1402 1490 1446 quantumcunque
1507 1394 1786 1445 persecutionis

352 1448 424 1490 bus
443 1449 667 1499 affligatur,
695 1449 753 1485 ad
767 1449 1023 1487 obedientiam
1037 1450 1273 1501 apostolicae
1289 1450 1391 1487 sedis
1407 1450 1532 1494 redire
1549 1455 1786 1493 contemnat,

351 1517 453 1556 quae
471 1505 513 1543 in
531 1505 691 1540 Latinis
709 1517 787 1541 non
803 1506 881 1546 nisi
893 1506 1126 1555 perditionis
1147 1506 1322 1556 exempla
1341 1513 1378 1543 et
1401 1519 1518 1556 opera
1539 1504 1787 1544 tenebrarum

350 1561 519 1609 aspexit,
556 1567 601 1596 ut
620 1560 702 1604 iam
718 1562 852 1598 merito
874 1560 963 1598 illos
985 1562 1191 1599 abhorreat
1204 1563 1423 1613 plusquam
1446 1574 1574 1604 canes.
1633 1567 1677 1597 tu
1695 1573 1785 1597 vero

351 1622 487 1660 contra
504 1615 807 1653 iurisdictionem
825 1623 862 1654 et
877 1624 1104 1667 potestatem
1123 1617 1356 1663 indebitam,
1384 1617 1449 1654 vel
1455 1617 1591 1667 potius
1614 1628 1785 1665 usurpa-

350 1677 450 1720 tam,
487 1670 721 1720 apostolicae
742 1672 843 1714 sedis
861 1672 985 1724 legati
999 1673 1205 1710 consilium
1224 1673 1426 1724 allegasti,
1463 1679 1655 1723 tanquam
1677 1684 1722 1708 ex
1739 1683 1784 1707 eo

351 1725 461 1769 vobis
482 1726 638 1762 licuerit
655 1740 746 1762 cum
761 1729 950 1777 praefato
968 1729 1207 1770 adolescente
1222 1729 1280 1773 ad
1293 1728 1572 1767 instituendum
1587 1725 1663 1763 sibi
1681 1726 1786 1776 Opo-

352 1781 522 1824 litanum
539 1783 744 1831 imperium
755 1783 960 1833 proficisci
978 1791 1051 1822 eto.
1107 1786 1181 1821 ista
1207 1785 1271 1821 vel
1291 1784 1434 1821 similia
1455 1782 1507 1820 ad
1529 1783 1625 1820 alios
1648 1793 1786 1819 comm

352 1837 525 1874 scribens
543 1850 717 1875 summus
734 1840 916 1888 pontifex
938 1841 1097 1890 repetit:
1134 1853 1219 1877 ecce
1235 1839 1342 1890 quod
1354 1852 1444 1876 cum
1463 1851 1630 1876 moerore
1645 1837 1785 1888 referie-

351 1905 439 1935 mus
463 1899 499 1928 et
523 1891 678 1938 rubore,
717 1895 821 1932 unde
847 1895 1076 1939 videbamur
1102 1895 1290 1932 hactenus
1306 1895 1535 1945 profecisse,
1567 1893 1785 1941 deficimus,

351 1954 389 1984 et
406 1955 684 1997 angustamur,
717 1951 820 1986 unde
848 1950 1097 1995 credebamus
1115 1951 1363 2000 potissimum
1389 1950 1567 1987 dilatari:
1595 1947 1785 2000 quomodo

352 2003 455 2039 enim
479 2003 718 2041 Graecorum
739 2006 899 2042 ecclesia
921 2013 1265 2057 quantumcunque
1283 2003 1614 2056 persecutionibus
1634 2003 1785 2054 affligi?

353 2065 434 2103 tur,
472 2059 528 2095 ad
555 2061 745 2096 unitatem
772 2061 1072 2098 ecclesiasticam
1098 2069 1135 2098 et
1163 2062 1400 2099 devotionem
1426 2060 1527 2098 sedis
1550 2058 1785 2109 apostolicae

352 2121 577 2160 revertetur,
607 2130 707 2166 quae
729 2118 771 2153 in
788 2118 947 2155 Latinis
965 2118 1122 2154 nonnisi
1131 2117 1363 2167 perdition-is
1379 2115 1595 2166 exemplum
1612 2121 1648 2150 et
1667 2127 1784 2164 opera

353 2168 597 2206 tenebrarum
613 2173 778 2221 aspexit,
796 2180 840 2209 ut
856 2174 937 2209 iam
954 2174 1087 2216 merito
1097 2173 1186 2210 illos
1196 2172 1404 2210 abhorreat
1411 2172 1631 2222 plusquam
1640 2169 1785 2206 canes?

351 2223 418 2260 illi
434 2226 570 2260 etenim
589 2224 660 2275 qui
674 2241 753 2263 non
768 2242 869 2278 quae
883 2242 956 2265 sua
974 2235 1083 2273 sunt,
1117 2229 1188 2265 sed
1210 2241 1311 2279 quae
1328 2229 1418 2265 Iesu
1441 2226 1586 2264 Christi
1604 2238 1786 2277 quaerere

352 2278 623 2325 credebantur,
647 2282 805 2331 gladios
827 2297 922 2333 quos
939 2297 1084 2320 exerere
1098 2283 1290 2320 debebant
1303 2285 1346 2320 in
1356 2294 1559 2333 paganos,
1593 2280 1785 2318 Christia÷

354 2348 494 2377 norum
525 2338 718 2386 sanguine
744 2346 1004 2384 cruentantes,
1042 2352 1113 2375 nec
1133 2339 1316 2389 religioni
1341 2351 1410 2375 nec
1433 2338 1556 2374 aetati
1581 2350 1651 2373 nec
1676 2336 1786 2373 sexui

349 2398 622 2440 pepercerunt,
658 2393 826 2430 incestus
847 2394 1044 2430 adulteria
1063 2401 1099 2430 et
1104 2394 1389 2444 fornicationes
1406 2394 1449 2430 in
1467 2392 1590 2430 oculis
1609 2393 1785 2429 omnium

355 2452 582 2491 exercentes,
621 2454 658 2483 et
680 2454 762 2484 tam
782 2456 982 2485 matronas
997 2463 1117 2501 quam
1135 2451 1305 2500 virgines
1322 2450 1440 2485 etiam
1458 2449 1527 2485 deo
1547 2448 1698 2485 dicatas
1717 2460 1783 2483 ex-

347 2509 538 2551 ponentes
555 2505 752 2552 spurcitiis
765 2504 1008 2557 gartionumss
1066 2518 1136 2541 nec
1154 2505 1308 2556 suffecit
1324 2505 1463 2541 eisdem
1482 2503 1701 2554 imperiales
1719 2502 1786 2539 diu

355 2558 474 2594 vitias
492 2557 695 2595 exhaurite
713 2573 762 2595 ac
779 2560 944 2609 diripere
961 2559 1089 2608 spolia
1101 2562 1331 2610 principum
1347 2567 1384 2596 et
1397 2561 1607 2605 maiorum,
1635 2559 1714 2595 nisi
1728 2557 1787 2595 ad

356 2612 554 2650 thesauros
571 2614 835 2660 ecclesiarum,
865 2622 900 2652 et
915 2615 1021 2665 quod
1030 2616 1197 2664 gravius
1216 2623 1288 2662 est,
1316 2616 1373 2653 ad
1387 2617 1564 2666 ipsarum
1571 2614 1784 2665 possessio-

355 2680 422 2705 nes
442 2669 682 2707 extenderent
699 2685 842 2709 manus
860 2684 971 2715 suas,
994 2670 1159 2725 tabellas
1176 2679 1382 2722 argenteas
1395 2673 1511 2709 etiam
1526 2671 1573 2712 de
1589 2667 1784 2707 altaribus

354 2725 545 2780 rapientes
573 2732 608 2761 et
638 2727 737 2762 inter
763 2741 803 2764 se
830 2726 1114 2777 confi‘ingentes
1136 2727 1178 2763 in
1191 2727 1331 2778 frusta
1342 2754 1355 2772 ,
1399 2727 1586 2764 violantes
1607 2725 1784 2763 sacraria

356 2786 390 2816 et
408 2793 538 2821 cruces
562 2788 598 2818 et
615 2782 802 2835 reliquias
819 2789 1060 2834 asportantes
1084 2788 1157 2823 etc.
1215 2796 1305 2821 cum
1324 2790 1456 2820 autem
1479 2782 1700 2820 tabularum
1719 2791 1783 2816 ar-
