1832 3250
266 822 574 883 IOANNIS
646 821 967 882 MEU'RSII
1035 820 1490 882 DEDICATIO.

338 972 679 1013 SERENISSIMO
715 970 1170 1019 INVICTISSIMOQUE
1200 971 1425 1010 PRINCIPI

152 1080 828 1157 GUSTAVO
941 1079 1608 1153 ADOLPHO

218 1238 274 1282 D.
319 1239 371 1282 G.
423 1235 732 1283 SUECORUM
781 1235 1112 1280 GOTHORUM
1148 1236 1542 1281 VANDALORUM

150 1358 351 1408 REGI
405 1358 509 1407 ET
564 1356 951 1406 PRINCIPI
1009 1356 1604 1407 HEREDITARIO

336 1470 603 1507 MAGNO
673 1468 857 1504 nuel
925 1468 1425 1506 FINLANDIAE

236 1576 537 1615 ESTHONIAE
567 1574 1109 1620 WESTHMANNIAEQUE
1137 1574 1256 1611 ETC.
1286 1574 1524 1612 PRINCIPI.

155 1932 363 2023 Quantus
388 1957 439 1995 sit
467 1954 656 1994 historiae
678 1969 786 2006 usus,
817 1956 937 1993 etiam
956 1956 1138 2007 regibus,
1168 1955 1365 1992 GusrAvr.
1395 1953 1607 1999 Anomn,

154 2039 228 2065 rex
245 2030 435 2076 auguste,
475 2024 557 2061 iam
578 2024 694 2062 toties
717 2030 756 2061 et
779 2037 802 2061 a
826 2030 908 2061 tam
936 2024 1072 2062 multis
1099 2021 1251 2060 dictum
1276 2027 1320 2058 ut
1348 2032 1467 2058 nemo
1490 2020 1608 2069 igno—

155 2108 242 2133 rare
263 2093 412 2145 possit3
451 2104 577 2144 eaque
605 2090 654 2129 de
683 2105 725 2128 re
754 2104 978 2129 sermonem
1004 2089 1071 2129 hic
1093 2092 1298 2128 instituere
1329 2087 1433 2126 velle
1464 2087 1606 2124 merito

152 2160 339 2214 putidum
357 2158 562 2198 habeatur.
620 2159 755 2211 itaque
781 2157 857 2197 hoc
889 2159 1057 2197 sufficiat
1081 2170 1226 2207 unum,
1260 2168 1351 2194 cum
1374 2160 1465 2206 post
1485 2151 1608 2191 ardua

154 2231 268 2282 regni
290 2229 452 2280 negotia
480 2228 633 2265 fessum
660 2228 838 2264 animum
861 2227 1058 2264 oblectare
1077 2239 1190 2277 reges
1208 2226 1371 2272 volunt,
1410 2233 1610 2274 nusquam

156 2297 314 2350 dignius
335 2295 517 2346 occupari
542 2295 667 2332 otium
691 2307 807 2345 posse
836 2307 957 2346 quam
983 2296 1025 2332 in
1055 2292 1242 2332 historiae
1265 2292 1447 2330 lectione.
1504 2287 1609 2326 hanc

156 2366 206 2404 ob
235 2378 320 2403 rem
349 2369 538 2415 augustae
559 2362 756 2400 maiestati
773 2363 887 2400 Tuae
905 2362 1207 2401 Constantinum
1227 2361 1452 2397 Manassem
1469 2356 1606 2405 offero,

155 2434 224 2486 qui
252 2430 486 2484 compendio
516 2443 579 2468 res
614 2430 662 2467 ab
700 2430 794 2467 orbe
830 2428 987 2467 condito
1028 2435 1159 2481 gestas
1198 2441 1324 2480 usque
1354 2424 1405 2463 ad
1433 2438 1557 2462 annos
1584 2436 1606 2460 a

154 2499 310 2540 Christo
342 2504 538 2539 servatore
567 2503 660 2535 nato
681 2498 792 2535 mille
821 2496 1010 2536 ducentos
1035 2495 1350 2549 comprehendit.
1406 2494 1508 2531 facio
1532 2505 1605 2529 au-

157 2567 311 2617 dacter,
357 2565 465 2620 quod
496 2578 543 2603 ea
570 2564 788 2602 maiestatis
813 2566 927 2603 Tuae
964 2565 1071 2617 apud
1107 2578 1179 2603 nos
1212 2566 1262 2603 sit
1298 2564 1428 2610 fama,
1481 2562 1604 2597 immo

157 2636 291 2674 orbem
317 2633 586 2673 Christianum
615 2632 865 2682 universum,
912 2634 1015 2671 inter
1043 2641 1191 2671 ceteras
1217 2635 1381 2671 virtutes
1409 2628 1486 2667 hoc
1512 2640 1605 2679 pro-

158 2704 329 2754 positum
356 2703 534 2740 maxime
564 2700 730 2748 habere,
772 2714 904 2739 amare
928 2709 966 2739 et
994 2703 1201 2739 aestimare
1228 2701 1374 2737 literas.
1435 2695 1477 2733 id
1501 2692 1607 2747 quod

156 2771 354 2809 maximos
377 2781 555 2823 quosque
582 2768 780 2820 principes
803 2777 912 2807 tanto
930 2768 1059 2807 studio
1085 2774 1326 2807 consectatos
1346 2768 1387 2804 in
1409 2768 1608 2814 comperto

159 2845 239 2886 est,
268 2845 312 2876 ut
329 2839 602 2890 imperfectam
623 2826 698 2877 sibi
731 2838 898 2889 gloriam
924 2839 1044 2875 aliam
1069 2849 1229 2875 omnem
1253 2835 1480 2872 existimare
1499 2828 1611 2866 vide-
