1924 3242
318 174 382 220 40
711 174 944 219 GEORGII
971 175 1351 220 AGROPOLITAE

199 295 228 327 P
252 295 296 329 ΞΟ
318 285 363 328 ὃν
383 287 504 342 μέγαν
526 285 797 343 ἕταιρειάρχην
827 285 849 329 ὅ
878 287 1065 341 βασιλεὺς
1084 288 1304 343 τετίμηκεν,
1352 288 1420 331 τὸν
1444 287 1750 346 Ταρχανειώτην

319 352 560 408 Συναδηνόν,
594 354 663 396 τὸν
683 355 747 395 ἐπ’
773 354 927 411 ἀδελφῇ
949 353 1089 398 τούτου
1108 356 1290 412 γαμβρὸν
1307 354 1524 411 Στασηνόν,
1557 356 1626 399 τὸν
1645 359 1750 400 Μα-

319 422 460 478 κρηνὸν
494 422 560 462 καὶ
592 420 737 471 ἄλλους
766 423 821 472 εἷς
850 426 1006 477 πλῆθος
1033 423 1101 466 τὸν
1127 421 1315 479 ἀριθμόν.
1383 424 1528 478 ἐγένετο
1552 422 1639 479 ὁὲἥ
1663 425 1748 466 ἐπι-

317 489 444 542 βουλὴ
466 487 725 545 πολυήμερος.
794 490 835 532 ἐν
856 494 906 546 τῇ
925 489 1153 548 Λαμψάκῳ
1175 491 1218 532 δὲ
1238 489 1383 545 διάγων
1403 489 1423 532 ὅ
1441 491 1628 544 βασιλεὺς
1645 509 1749 545 μαν-

319 554 435 597 θάνει
456 559 596 598 ταῦτα.
664 558 759 613 πυρὶ
781 552 851 599 οὖν
875 557 947 608 τὰς
973 556 1145 614 τριήρεις
1165 556 1470 610 καταναλώσας,
1499 559 1567 600 ἵνα
1588 558 1646 613 μὴ
1669 565 1782 608 τοῒςό

317 623 482 672 Ἰταλοῖς
501 621 578 665 ὑπὸ
598 630 712 681 χεῖρα
731 624 915 679 γένοιντο,
950 627 1015 667 καὶ
1035 629 1358 681 προυργιαίτερον
1379 626 1446 667 τὸν
1463 624 1614 667 ἔσωθεν
1634 623 1751 668 πόλε-

321 706 397 743 μον
417 691 552 746 κρίνας
572 696 644 733 τοῦ
663 692 826 743 ἔξωθεν,
863 690 1021 748 ἀπάρας
1053 694 1202 734 ἐκεῖθεν
1231 694 1293 734 ἐπὶ
1322 692 1393 746 τὴν
1415 690 1634 749 Ἀχυράους
1657 693 1753 749 ἂφί-
1800 690 1803 693 ’

320 774 422 809 κετο,
457 758 640 800 κάκεῖθεν
658 759 729 813 τὴν
749 760 923 809 ἐξέτασιν
945 764 1016 814 τῆς
1036 761 1248 814 ἐπιβουλῆς
1272 758 1496 814 ἐποιήσατο.
1563 761 1629 802 καὶ
1653 754 1756 814 ἦσαν

322 825 359 866 οἳ
390 824 614 878 συνωμόται
643 825 784 876 πάντες
811 833 898 876 ταῖς
931 829 1058 877 δίκαις
1088 825 1317 869 ὑπεύθυνοι.
1387 827 1479 868 ἀλλ’
1517 825 1538 869 ὃ
1569 827 1757 881 βασιλεὺς

274 904 301 938 Β
326 892 702 950 φιλανθρωπότερον
722 901 805 943 τοῖς
825 893 960 947 νόμοις
982 892 1199 951 ἐχρήσατο,
1234 897 1300 936 καὶ
1328 894 1398 936 τὸν
1428 895 1499 948 μὲν
1531 893 1754 951 Νεστόγγον
1768 903 1810 938 10

316 958 514 1003 Ἰσαάκιον
533 960 732 1017 τυφλώσει
755 960 1003 1013 καταδικάζει
1022 964 1088 1004 καὶ
1104 963 1334 1021 χειροκοπία
1345 994 1358 1013 ,
1397 960 1587 1012 ὡσαύτως
1607 964 1673 1004 καὶ
1689 961 1758 1004 τὸν

324 1026 569 1083 Μακρηνόν·
603 1027 849 1084 ἐξελήλεγκτο
871 1029 947 1086 γὰρ
970 1028 1023 1079 ὥς
1040 1028 1229 1080 πολλάκις
1248 1028 1479 1086 ἐφώρμησε,
1516 1029 1618 1071 κατὰ
1635 1034 1758 1072 νῶτον

323 1093 527 1150 τυγχάνων
548 1100 619 1138 τοῦ
640 1098 855 1149 βασιλέως,
891 1095 1102 1152 ἐφελκύσαι
1130 1097 1201 1152 τὴν
1231 1096 1394 1151 σπάθην
1424 1099 1490 1139 καὶ
1513 1095 1778 1154 καταρράξαι·

326 1164 496 1219 καιρίαν.
550 1165 616 1205 καὶ
637 1164 782 1213 ἄλλους
804 1165 848 1206 δέ
867 1181 977 1213 τινας
996 1171 1157 1220 μικραῖς
1177 1171 1330 1213 ποιναῖς
1351 1164 1642 1218 καθυπὲβαλεν,
1668 1164 1762 1213 τοὺς

327 1229 370 1271 δέ
393 1231 599 1280 πλείστους
622 1231 772 1287 ἀφῆκεν
795 1233 965 1286 εἲρκταῖς
985 1231 1100 1287 μέχρι
1122 1231 1225 1280 τινὸς
1244 1233 1511 1287 περικλείσας,
1555 1233 1621 1272 καὶ
1643 1230 1762 1273 αὐτὸν
1774 1239 1816 1274 15

328 1296 378 1349 δὴ
399 1297 468 1337 τὸν
488 1298 743 1353 πρωτουργὸν
765 1302 836 1350 τῆς
856 1298 1092 1350 ἐπιβουλῆς,
1135 1297 1203 1338 τὸν
1232 1299 1297 1339 καὶ
1322 1299 1528 1351 βασιλείας
1548 1298 1763 1354 ἐφιέμενον,

326 1362 395 1404 τὸν
413 1362 639 1419 Νεστόγγον
654 1362 900 1420 Ἀνδρόνικον
931 1365 971 1405 ἐν
1002 1368 1059 1421 τῷ
1090 1366 1269 1422 φρουρίῳ
1291 1369 1361 1418 τῆς
1381 1366 1625 1420 Μαγνησίας
1651 1366 1765 1407 συνέ-

327 1434 490 1471 κλεισεν.
556 1435 745 1473 τοσοῦτον
775 1430 800 1484 ἡ
831 1435 902 1484 τῆς
932 1429 1087 1486 ἀγάπης
1114 1432 1246 1485 σχέσις
1271 1432 1339 1474 τὸν
1362 1433 1532 1486 βασιλέα
1553 1436 1625 1474 τοῦ
1644 1449 1765 1475 κακο-

277 1502 307 1536 C
329 1502 493 1551 ποιῆσαι
519 1502 661 1540 τοῦτον
688 1497 894 1540 ἐκώλυσεν.
962 1497 1005 1548 ὃς
1033 1501 1098 1540 καὶ
1129 1499 1218 1552 μετ’
1251 1499 1380 1555 ὀλίγον
1407 1500 1584 1556 ἀπέδρα,
1619 1498 1674 1550 ὥς
1695 1501 1767 1553 μέν

330 1582 431 1614 τινες
454 1564 641 1621 ἔφασκον,
668 1564 831 1619 θελήσει
851 1570 923 1608 τοῦ
944 1567 1140 1619 βασιλέως
1161 1565 1486 1623 ἐλευθεριώτερον
1503 1568 1654 1620 βαίνειν
1672 1571 1822 1611 τοῦ-20

331 1648 400 1674 τον
423 1634 817 1688 παρακελευσαμένου
840 1635 904 1674 καὶ
925 1630 1008 1675 οἷον
1027 1633 1173 1687 κλέψαι
1195 1637 1334 1675 τοῦτον
1353 1634 1424 1687 τὴν
1449 1635 1647 1690 σωτηρίαν
1667 1639 1768 1687 βου-

333 1701 587 1752 λευσαμένου.
656 1700 699 1750 ὃς
729 1702 793 1742 καὶ
824 1700 963 1751 νυκτὸς
996 1700 1133 1757 φυγῶν
1160 1701 1222 1742 ἐπὶ
1251 1701 1303 1743 τὰ
1330 1705 1409 1742 τῶν
1432 1699 1770 1755 Μουσουλμάνων

426 1805 449 1839 4
473 1802 492 1839 ὁ
519 1803 688 1849 βασιλεὺς
714 1805 776 1838 add
800 1806 830 1839 D
958 1805 981 1842 5
997 1806 1108 1840 τοῦτο
1127 1806 1158 1840 D
1282 1806 1373 1850 γοῦν
1388 1806 1419 1839 D
1532 1808 1555 1842 7
1571 1806 1655 1850 περὶ
1669 1807 1770 1851 vulgo

428 1851 469 1884 11
493 1848 744 1893 χειροκοπήσει
766 1851 797 1883 D
923 1850 965 1886 15
988 1851 1133 1890 πλείους
1154 1851 1185 1884 D
1308 1852 1351 1885 16
1374 1849 1440 1885 τὸν
1462 1849 1546 1895 καὶ]
1571 1851 1631 1886 καὶ
1651 1853 1717 1896 τῆς
1738 1853 1770 1886 D

428 1896 470 1930 17
493 1894 560 1929 τὸν
584 1894 793 1938 Νεστόγγον
814 1893 1048 1938 Ἀνδρόνικον
1071 1908 1122 1929 om
1144 1896 1176 1929 D
1313 1897 1356 1931 18
1378 1896 1557 1930 τοσοῦτον
1576 1915 1620 1923 —-
1644 1894 1771 1931 ἐκώλυ-

430 1949 490 1972 σεν
514 1951 564 1974 om
587 1940 617 1973 D
711 1942 752 1974 19
780 1936 823 1980 ὃς
843 1940 906 1974 καὶ
927 1937 1079 1983 ὕστερον
1104 1938 1246 1986 ἀπέδρα
1268 1939 1352 1986 περὶ
1373 1939 1689 1985 Μουσουλμάνους
1710 1942 1772 1977 καὶ

430 1978 480 2027 ἤν
503 1981 577 2018 ἐκεῖ
596 1983 698 2028 μέχρι
719 1986 751 2019 D
846 1987 893 2022 22
914 1985 996 2030 περὶ
1020 1986 1133 2030 vulgo.

340 2074 416 2107 bus.
462 2085 524 2108 nec
540 2074 678 2108 deerant
694 2075 830 2110 sceleris
845 2076 1026 2120 participes
1042 2077 1246 2111 Phlamulius
1267 2076 1377 2120 magni
1397 2075 1646 2110 hetaeriarchae
1665 2075 1775 2120 digni-

339 2123 410 2152 tate
424 2118 587 2153 beneficio
600 2120 809 2164 imperatoris
825 2122 1078 2163 condecoratus,
1096 2123 1294 2165 Synadenus
1308 2121 1534 2156 Tarchaniota
1549 2120 1674 2154 sororis
1688 2122 1774 2156 illius

340 2164 494 2204 maritus,
507 2165 681 2206 Stasenus,
697 2166 876 2199 Maerenus
891 2167 1011 2211 aliique
1026 2167 1264 2211 quamplurimi.
1312 2178 1384 2200 cum
1398 2175 1479 2199 vero
1495 2177 1555 2210 per
1569 2166 1688 2200 multos
1703 2167 1775 2201 dies

342 2208 525 2244 coniuratio
542 2211 813 2252 protraheretur,
844 2212 1017 2256 Lampsaci
1031 2212 1156 2255 degens
1172 2212 1350 2256 imperator
1364 2214 1502 2244 conatus
1517 2211 1776 2256 conspirantium

343 2252 493 2292 rescivit,
517 2258 551 2286 et
564 2254 753 2288 triremibus
768 2267 810 2288 ne
827 2257 868 2289 ab
885 2256 978 2289 Italis
994 2262 1236 2301 occuparentur
1250 2256 1477 2296 concrematis,
1491 2255 1580 2288 bello
1597 2256 1775 2290 domestico

347 2297 450 2340 magis
466 2308 563 2340 quam
578 2303 715 2332 externo
730 2300 964 2342 invigilandum
979 2305 1072 2334 ratus
1082 2327 1092 2344 ,
1123 2301 1200 2334 inde
1223 2301 1391 2342 digressus
1405 2300 1578 2334 Achiraum
1593 2301 1777 2345 proficisci-

347 2346 415 2380 tur,
437 2341 549 2386 ibique
564 2343 800 2386 quaestionem‚
823 2349 862 2377 ut
877 2350 1048 2379 consortes
1062 2346 1197 2380 sceleris
1209 2345 1444 2386 indicarentur,
1464 2345 1583 2379 habet:
1609 2349 1645 2379 et
1661 2346 1779 2380 coniu-

346 2387 412 2419 rati
427 2398 538 2419 omnes
553 2388 693 2420 convicti
709 2389 978 2433 condemnatique
993 2394 1080 2424 sunt.
1126 2395 1270 2424 attamen
1293 2390 1474 2434 imperator
1495 2390 1717 2425 humaniorem
1741 2402 1778 2424 se

346 2430 511 2476 praebens
526 2431 735 2476 Nestongum
754 2434 912 2466 isaacium
933 2435 1056 2468 lumine
1078 2438 1112 2468 et
1126 2446 1223 2469 manu
1238 2435 1387 2476 mutilat,
1418 2435 1610 2470 Macrenum
1625 2447 1777 2480 quoque:

347 2476 480 2519 saepius
497 2476 580 2509 enim
595 2489 668 2510 cum
684 2489 703 2511 a
718 2482 815 2521 tergo
839 2479 1049 2522 imperatoris
1067 2485 1176 2520 esset,
1209 2483 1244 2512 et
1268 2480 1413 2522 gladium
1428 2479 1594 2523 stringere
1609 2488 1645 2514 et
1660 2481 1779 2514 vulnus

346 2521 503 2564 infligere
518 2521 617 2555 letale
632 2527 776 2556 tentasse
792 2523 1016 2568 deprehensus
1032 2527 1094 2558 est.
1139 2525 1223 2558 alios
1241 2523 1353 2558 itidem
1370 2525 1551 2558 mitioribus
1563 2526 1679 2578 poenis
1694 2525 1779 2559 mul-

345 2567 441 2608 tavit,
459 2566 613 2610 plurimos
629 2568 670 2600 ad
685 2571 814 2611 tempus
833 2568 972 2601 detrusit
986 2569 1019 2602 in
1036 2580 1199 2610 carceres,
1222 2574 1257 2601 et
1270 2570 1375 2614 ipsum
1392 2570 1646 2614 conspirationis
1662 2574 1779 2604 aucto-

348 2622 418 2644 rem
440 2617 476 2644 et
501 2611 670 2655 imperium
698 2613 910 2647 affectantem
932 2613 1144 2657 Nestongum
1161 2615 1378 2648 Andronicum
1398 2616 1591 2658 Magnesiae
1613 2616 1648 2649 in
1672 2626 1780 2649 arcem

347 2656 522 2699 relegavit.
568 2657 618 2690 sic
634 2658 754 2691 amoris
768 2658 943 2691 illecebrae
959 2660 1002 2692 ab
1016 2659 1080 2692 illis
1094 2659 1320 2693 maleficiendo
1336 2660 1563 2703 imperatorem
1578 2661 1780 2694 abstraxere.

348 2700 547 2745 Nestongus
564 2703 660 2745 paulo
676 2707 752 2747 post
768 2703 910 2747 aufugit,
933 2707 971 2737 ut
986 2704 1115 2747 quidam
1134 2704 1284 2748 tradunt,
1309 2709 1472 2739 annuente
1488 2706 1701 2750 imperatore,
1724 2703 1782 2748 qui

348 2744 437 2779 illum
453 2746 587 2779 liberius
603 2748 720 2791 vagari
737 2759 836 2792 posse
849 2752 1086 2793 praeceperat,
1123 2753 1160 2782 ut
1182 2750 1324 2793 quodam
1340 2750 1436 2783 modo
1452 2750 1588 2784 salutem
1602 2749 1782 2784 suffuratus

352 2802 425 2825 esse
440 2791 622 2826 videretur.
669 2798 769 2827 noctu
795 2793 851 2828 ille
872 2793 906 2828 in
928 2794 1038 2839 fugam
1063 2794 1229 2829 coniectus
1245 2795 1471 2830 Musulmanos
1489 2795 1668 2837 convenit,
1695 2794 1784 2827 inter
