1872 3236
299 226 394 280 188
679 228 1051 280 CONSTANTINI
1090 235 1354 281 MANASSIS

426 347 472 391 τὸ
492 345 610 406 ῥόδον
628 345 746 403 μόλις
767 350 932 400 ἐξανθεῖ·
934 342 963 402 ,’
981 347 1120 404 τάχιον
1141 349 1184 392 ‹5'
1207 347 1405 406 ὓπορρέει,

427 415 454 471 ἦ
472 414 739 474 κεντροφόρος
760 416 911 474 ῥάμνος
927 419 971 460 δὲ
984 419 1101 474 μέχρι
1119 421 1268 460 πολλοῦ
1287 416 1427 469 νεάζει.

290 481 404 528 4380
426 482 447 526 ὅ
474 486 596 535 Τίτος
615 483 739 538 μόνον
759 485 905 541 ἔβλεψε
925 491 999 529 τοῦ
1016 484 1190 543 κράτους
1211 485 1278 528 τὸν
1299 489 1486 539 λειμῶνα,

426 554 492 595 καὶ
513 551 652 607 τάχιον
675 552 904 611 ἀνήρπαστο
921 555 980 610 μὴ
1002 554 1213 609 μετασχών
1237 551 1420 609 ὀπώρας·

423 615 541 671 οὗτος
559 621 603 662 δ’
628 620 648 663 ὃ
670 621 985 680 μυσαρῶνυμος,
1012 623 1064 680 ,τὸ
1091 620 1293 676 σκύβαλον
1312 625 1386 663 τοῦ
1406 620 1554 676 γένους,

423 689 570 745 ἐγένετο
593 688 837 748 μακρόβιος,
868 691 902 734 ὢ
922 689 1045 746 τύχης
1066 687 1303 743 ἀνωμάλου]

422 759 488 799 καὶ
505 757 577 812 τὴν
600 757 763 816 ὀπώραν
783 764 855 814 τῆς
873 760 1001 815 ἀρχῆς
1023 757 1235 815 ἐτρύγησεν
1257 759 1312 807 εἷς
1331 753 1465 814 κόρον.

289 825 399 869 4385
425 821 542 875 οὗτος
561 824 581 867 ὅ
602 826 898 883 τρισεξάγιστος
920 826 1083 883 ἐξήγαγε
1104 830 1178 869 τοῦ
1197 827 1289 880 βίου

423 894 493 937 τὸν
512 894 718 951 Στέφανον
736 895 804 938 τὸν
826 894 945 952 ἱερόν,
977 899 1057 938 τῶν
1076 897 1288 949 μοναστῶν
1311 890 1357 934 τὸ
1380 890 1546 949 στέφος·

424 957 474 1016 ἦν
494 962 570 1018 γὰρ
593 963 757 1020 στερρὸς
775 961 1006 1021 ὗπὲρμαχος
1026 967 1106 1005 τῶν
1127 963 1243 1019 ἱερῶν
1264 958 1436 1012 εἲκόνων,

426 1032 493 1072 καὶ
515 1030 560 1072 τὸ
578 1033 724 1088 θηρίον
743 1031 789 1074 τὸ
814 1032 939 1074 δεινὸν
961 1030 1158 1085 εὐστόχως
1181 1031 1394 1085 ὄιαπι-ίρων

426 1100 492 1140 καὶ
513 1097 677 1152 βάλλων
697 1099 947 1157 κατακάρδια
966 1100 1172 1154 βελέμνοις
1190 1102 1270 1141 τῶν
1286 1097 1466 1152 ἐλέγχων.

289 1165 400 1210 4390
424 1167 523 1209 ὄστᾶ
543 1171 615 1221 τῆς
635 1169 861 1209 καλλινίκου
885 1169 929 1210 δὲ
953 1166 1160 1225 μάρτυρος
1180 1166 1398 1223 Εὗφημίας

422 1239 531 1289 βοῶν
553 1235 703 1285 ὀστέοις
722 1238 789 1277 καὶ
810 1240 938 1278 κυνῶν
959 1234 979 1278 ὅ
995 1237 1169 1290 βέβηλος
1190 1235 1390 1286 συμμίξας

423 1301 592 1359 γνάθοις
614 1303 740 1359 πυρὸς
759 1305 978 1360 παρέδωκε.
1046 1306 1125 1344 ποῦ’
1143 1303 1339 1358 κεραυνοῦ
1359 1297 1404 1340 τὸ
1426 1299 1567 1354 βέλοςς

421 1369 635 1428 τριάκοντα
654 1371 695 1411 δ”
717 1371 757 1411 ἕν
778 1370 879 1412 ἔτεσι
901 1370 1002 1427 πρὸς
1020 1370 1210 1425 τέσσαρσι
1231 1363 1436 1424 κρατήᾶας

424 1445 513 1488 ταῖς
524 1437 659 1480 Ἅιδου
678 1439 982 1494 παραπέμπεται
1002 1436 1211 1479 κολάσεσιν
1230 1437 1404 1485 ἐνδίκως.

286 1505 394 1551 4395
481 1507 589 1548 Ἐπεὶ
611 1506 651 1548 <5²
674 1506 858 1562 ἐξέρρηξέ
873 1523 966 1548 ποτε
989 1505 1127 1560 ψυχὴν
1145 1505 1217 1559 τὴν
1235 1502 1464 1561 μιαιφόνον,

421 1575 547 1617 Λέων
567 1572 588 1616 ὃ
610 1580 704 1624 παῖς
724 1578 797 1616 τοῦ
817 1576 1017 1630 βδελυροῦ
1035 1575 1246 1631 χειρίζεται
1269 1572 1320 1617 τὰ
1339 1575 1534 1628 σκῆπτρα.

425 1643 529 1685 ἀλλὰ
552 1644 619 1684 καὶ
638 1642 764 1684 Λέων
784 1640 922 1695 τάχιον
939 1646 1063 1698 γῆθεν
1085 1639 1387 1695 μεταναστεύει,

422 1715 494 1764 τῆς
514 1712 721 1764 βασιλείας
741 1709 841 1752 ἔτεσι
863 1708 1002 1764 μόνοις
1021 1711 1131 1752 πέντε
1155 1707 1369 1764 κατάρξας,

422 1778 597 1836 Εἰρήνην
616 1778 688 1833 τὴν
710 1776 903 1833 ὃμόζυγον
924 1780 990 1820 καὶ
1010 1778 1079 1820 τὸν
1102 1779 1144 1819 ἐκ
1167 1775 1315 1831 ταύτης
1337 1777 1463 1818 παῖδα

287 1846 398 1891 4400
421 1847 491 1890 τὸν
512 1849 815 1891 Κωνσταντΐνον
837 1844 1038 1904 κράτορας
1059 1844 1184 1888 λιπὼν
1204 1842 1514 1900 ἕννομωτάτους.

377 1987 469 2023 4378
489 1984 617 2031 τάχιον
632 1983 806 2030 ἀπορρέει
821 1985 861 2021 Μ
949 1986 1040 2024 4379
1059 1982 1078 2021 ὁ
1098 1985 1137 2019 Μ
1227 1980 1368 2029 ῥάβδος
1385 1983 1419 2018 R
1508 1983 1598 2019 4383
1616 1981 1658 2018 αἲ
1674 1983 1738 2018 AR

381 2045 418 2067 v.
448 2033 622 2068 4385--6
650 2044 704 2066 om
735 2033 770 2067 R
866 2031 958 2071 4397
987 2027 1283 2076 μεταναστεύσας
1309 2030 1348 2065 Μ
1437 2039 1474 2064 v.
1500 2029 1589 2066 4398
1619 2041 1674 2066 om
1704 2030 1738 2063 R

377 2079 469 2118 4399
494 2075 656 2123 ὁμόζυγα
676 2078 708 2112 Α

286 2203 408 2239 florem
431 2205 533 2236 nacta
556 2201 718 2236 celeriter
739 2200 943 2236 marcescit:
968 2203 1003 2234 at
1026 2199 1169 2246 spinosa
1190 2199 1351 2233 rhamnus
1373 2196 1510 2242 longum
1534 2198 1579 2232 ad
1600 2201 1735 2243 tempo-

288 2249 338 2284 ris
361 2247 577 2282 intervallum
601 2248 711 2291 viget.
758 2247 862 2280 Titus
886 2246 1025 2291 imperii
1048 2257 1202 2290 campum
1224 2243 1377 2289 inspexit
1399 2244 1498 2277 modo
1512 2269 1521 2286 ,
1557 2247 1593 2277 et
1624 2255 1735 2288 aequo

289 2295 391 2329 citius
417 2295 582 2338 abreptus
606 2293 781 2338 particeps
807 2292 961 2326 autumni
984 2293 1223 2335 fructuumque
1245 2289 1323 2323 fieri
1346 2301 1414 2322 non
1438 2288 1572 2334 potuit:
1611 2294 1648 2322 at
1670 2289 1736 2323 im—

287 2340 491 2386 purissimus
515 2338 595 2380 iste,
622 2337 759 2371 humani
784 2338 922 2380 generis
948 2343 1212 2379 excrementum,
1235 2335 1437 2378 longaevam
1458 2340 1577 2368 nactus
1602 2339 1657 2368 est
1679 2334 1735 2368 vi-

288 2392 359 2420 tam
383 2386 419 2428 (o
444 2385 616 2417 fortunam
639 2383 898 2427 inaequalem),
935 2382 1140 2428 imperiique
1170 2383 1318 2415 fructum
1340 2380 1384 2414 ad
1407 2380 1603 2414 satietatem
1626 2391 1736 2424 usque

288 2429 477 2475 decerpsit.
538 2428 717 2462 interfecit
752 2428 854 2461 etiam
885 2428 1148 2462 scelestissimus
1180 2428 1279 2460 homo
1311 2431 1466 2459 sanctum
1499 2424 1593 2459 illum
1623 2425 1735 2459 virum

284 2477 520 2522 Stephanum,
556 2474 796 2507 monachorum
821 2475 947 2517 decus,
981 2474 1072 2517 quod
1095 2483 1267 2506 sacrarum
1291 2470 1475 2515 imaginum
1498 2475 1736 2516 propugnator

284 2528 445 2557 constans
471 2525 582 2562 esset,
613 2531 653 2552 ac
676 2530 814 2552 saevam
838 2519 984 2552 belluam
1010 2518 1161 2552 feliciter
1184 2517 1396 2561 configeret,
1431 2517 1575 2561 eiusque
1598 2516 1736 2550 viscera

282 2567 422 2612 sagittis
446 2571 722 2609 argumentorum
745 2564 955 2598 vulneraret.
1002 2564 1151 2608 denique
1175 2563 1279 2596 telum
1301 2561 1453 2596 fulminis
1478 2574 1557 2596 ossa
1578 2561 1734 2596 victricis

282 2614 375 2648 illius
398 2612 499 2647 testis
523 2610 754 2656 Euphemiae,
777 2611 880 2643 boum
904 2609 1040 2643 ossibus
1064 2620 1251 2653 canumque
1279 2607 1463 2653 permista,
1489 2606 1735 2642 concremavit.

281 2660 321 2694 in
345 2660 433 2693 hunc
456 2658 591 2690 modum
615 2655 713 2689 annis
737 2655 797 2689 ubi
825 2656 971 2700 triginta
993 2660 1155 2700 quattuor
1178 2659 1371 2698 regnasset,
1396 2655 1440 2688 ad
1457 2653 1542 2688 Orci
1565 2652 1736 2700 supplicia

283 2706 376 2740 iusto
401 2703 531 2738 iudicio
555 2703 714 2736 detrusus
740 2706 806 2735 est.

377 2749 462 2784 Cum
485 2749 623 2783 tandem
649 2747 861 2786 inquinatam
892 2745 1055 2780 caedibus
1091 2745 1238 2779 animam
1272 2744 1505 2790 exspirasset,
1538 2743 1612 2778 Leo
1642 2742 1735 2776 filius

286 2796 362 2832 eius
385 2796 538 2840 impurus
562 2789 709 2839 sceptra'
725 2792 966 2837 consequitur:
1001 2792 1064 2826 sed
1089 2795 1203 2824 tamen
1227 2794 1263 2824 et
1293 2789 1370 2835 ipse
1396 2795 1509 2824 terras
1534 2789 1603 2823 cito
1626 2788 1735 2822 relin-

287 2843 383 2889 quit,
413 2846 494 2886 post
515 2851 638 2875 annum
661 2838 800 2884 imperii
824 2838 978 2882 quintum
992 2863 1002 2881 ,
1033 2837 1135 2871 Irene
1158 2835 1304 2881 coniuge
1329 2835 1626 2880 Constantinoque
1649 2833 1735 2876 filio,

288 2899 390 2935 quem
414 2900 457 2923 ex
481 2899 525 2924 ea.
545 2890 759 2932 susceperat,
784 2883 1041 2921 successoribus
1065 2881 1103 2918 in
1120 2881 1266 2932 imperio
1286 2880 1391 2927 longe
1415 2881 1553 2928 optimis
1573 2878 1735 2925 designa-
