1924 3242
337 158 401 205 76
723 159 955 204 GEORGH
980 159 1358 207 ACROPOLITAE

336 287 411 328 ρας
426 274 498 314 τοῦ
513 269 622 320 ἴτους
641 273 713 313 τοῦ
733 271 791 326 μὴ
811 276 883 328 τῆς
902 272 1018 324 θείας
1041 273 1318 331 ἱεροτελεστιάς
1335 271 1662 334 ἓπακροᾶσασθαι
1671 307 1686 328 ,
1719 277 1755 319 εἰ

333 337 391 392 μή
416 355 476 389 τις
506 335 647 379 ἐκώλυε
673 336 801 388 νόσος.
865 347 1045 397 προσεῖχε
1076 343 1119 384 δὲ
1147 344 1375 396 παννυχίσιν
1403 343 1556 398 εὗχαῖς,
1591 345 1657 386 καὶ
1680 343 1754 393 τὰς

296 438 300 446 .
334 405 434 447 καθ’
462 404 569 461 ὥραν
588 403 790 463 ὗμνῳὸίας
806 405 997 466 ὅσημέραι
1014 408 1196 466 ἐπλήρου.
1265 408 1400 463 ὡμίλει
1422 411 1547 453 δὲκαὶ
1569 412 1755 467 διηνεκῶς

278 477 311 517 D
333 473 594 528 Ναζηραίοις,
645 474 711 515 καὶ
744 468 793 528 ἦν
819 475 927 534 αὐτῷ
954 476 1020 518 διὰ
1051 475 1360 530 σπουδάσματος
1384 476 1443 520 ὅτι
1470 479 1653 522 πλείστου
1679 481 1753 521 τοῦ

329 537 527 595 μονήρους
546 541 637 592 βίου
655 548 785 595 τυχεῖν
805 545 871 584 καὶ
888 547 960 598 τῆς
978 545 1157 586 ἐντεῦθεν
1173 543 1339 598 ἡσυχίας
1361 545 1401 587 ἓν
1423 546 1539 604 πείρᾳ
1555 545 1784 600 γενέσθαι,5

327 605 355 660 ἢ
382 605 455 648 κᾶν
482 612 713 665 προσφιλῶς
735 611 960 653 διακεῖσθαι
983 618 1066 661 τοῖς
1092 610 1217 661 οὕτως
1242 611 1408 665 ἔχουσιν.
1473 610 1495 654 ὅ
1517 612 1561 654 δὲ
1582 612 1754 670 ἀδελφὸς

328 672 560 731 Δημήτριος
585 676 627 726 ἐξ
653 677 830 727 ἐναντίας
850 676 926 732 εἶχε
946 683 1018 721 τοῦ
1033 677 1196 735 τρόπου.
1261 681 1479 736 μειρακίοις
1492 679 1570 737 γὰρ
1591 679 1753 732 ἄβελτὲ-
1804 696 1807 699 ’

327 758 412 797 ροις
433 739 589 795 ὧμίλει,
627 745 694 785 καὶ
723 743 877 795 τούτοις
904 763 945 788 τε
967 751 1128 788 πλεῖστα
1151 745 1373 802 συνῄσθετο
1393 749 1459 790 καὶ
1479 746 1754 804 τοῖςιᾶφροδι-

326 809 426 858 σιόις
452 809 652 865 ἠσέλγαινε
680 813 747 852 καὶ
774 813 885 869 παρὰ
913 820 1000 863 ταῖς
1027 812 1104 855 ὑπὸ
1129 813 1242 869 ζυγὸν
1262 815 1422 872 ἐφοίτα,
1456 813 1556 858 ὥστε
1573 816 1667 857 ποτὲ
1684 816 1752 856 καὶ

325 874 551 930 σύμπτωμα
579 878 722 933 συνέβη
748 879 875 938 τούτῳ
897 879 1042 923 δεινόν·
1077 882 1118 923 ἐκ
1137 881 1214 938 γὰρ
1237 885 1407 939 θυρίδος
1428 886 1501 924 τοῦ
1520 881 1664 938 ἀνδρὸς
1680 885 1752 936 τῆς
1763 887 1806 923 10

322 945 603 1000 μοιχευομένης
624 945 777 1003 ἀθρόον
802 947 1100 999 ἕπεισελθόντος
1117 952 1333 1003 βουληθεὶς
1353 949 1600 1006 ἀποδρᾶσαι,
1630 947 1687 998 ὥς
1709 950 1752 999 ἐξ

321 1008 580 1067 ὖπερυψήλου
609 1017 682 1056 τοῦ
708 1013 830 1057 τόπου
860 1015 1011 1068 πεσών,
1044 1016 1114 1059 τὸν
1140 1017 1304 1072 γλουτὸν
1335 1015 1482 1072 ἐπλήγη
1488 1049 1502 1068 ,
1537 1015 1674 1065 ἱκανὰς
1707 1016 1751 1058 δὲ

321 1075 472 1135 ἡμέρας
489 1084 743 1134 νοσηλευθεὶς
761 1081 861 1137 ἰάθη
879 1085 950 1137 μέν
959 1116 972 1136 ,
1011 1076 1200 1135 ’ὗπέσκαζε
1234 1085 1277 1126 δὲ
1303 1089 1382 1129 τῶν
1413 1086 1547 1126 ποδῶν
1576 1082 1750 1143 θάτερον

322 1147 387 1186 καὶ
409 1146 480 1188 οὐκ
503 1146 732 1202 ε’βημάτιζεν
752 1148 923 1203 ὁμαλῶς.
975 1151 1067 1192 ἀλλ’
1091 1146 1206 1200 οὗτος
1223 1152 1294 1192 οὐκ
1313 1154 1367 1201 εἷς
1384 1151 1542 1207 μακρὰν
1563 1149 1748 1193 ἀπώνατο

204 1213 232 1246 Ρ
255 1212 300 1247 39
322 1217 392 1266 τῆς
425 1214 562 1269 ἀρχῆς.
630 1214 651 1256 ὃ
671 1216 747 1272 γὰρ
766 1218 954 1270 βασιλεὺς
967 1217 1150 1272 Ἰωάννης
1170 1219 1305 1267 ἀδείας
1324 1217 1568 1274 δραξάμενος
1585 1222 1643 1275 τῷ
1659 1216 1748 1259 τότε
1761 1223 1803 1259 15

321 1285 475 1336 καιροῦ,
509 1283 674 1338 ἐπείπερ,
710 1281 764 1332 ὡς
783 1283 945 1339 ἔφημεν,
979 1284 1024 1326 τὸ
1045 1289 1124 1326 τῶν
1143 1286 1358 1341 Ταχαρίων
1378 1285 1488 1339 γένος
1505 1285 1750 1339 ἕνησχολεῒτο

318 1346 465 1404 ἑτέροις
482 1346 614 1391 ἔθνεσι
624 1380 638 1400 ,
682 1351 899 1392 καταλιπὸν
914 1350 986 1405 τὴν
1002 1351 1102 1407 πρὸς
1118 1356 1192 1394 τοῦ
1211 1352 1382 1394 σουλτὰν
1399 1356 1472 1394 τοῦ
1485 1352 1648 1394 Ἰκονίου
1665 1350 1747 1406 μά-

313 1431 391 1469 χην
409 1416 485 1472 (τῷ
502 1416 577 1472 γὰρ
599 1419 847 1475 Βαβυλωνίῳ
866 1420 932 1460 καὶ
951 1425 1034 1468 τοῖς
1051 1420 1163 1476 πέριξ
1182 1418 1323 1462 τούτου
1342 1420 1393 1462 τὰ
1411 1423 1483 1474 τῆς
1501 1418 1634 1474 μάχης
1651 1421 1748 1474 ἐπῆ-

315 1498 401 1536 γεν,
440 1482 484 1524 ὃν
502 1486 698 1540 Χαλιφᾶν
721 1483 889 1528 εἰώθασι
919 1490 1050 1528 καλεῖν
1080 1487 1131 1529 τὰ
1147 1491 1227 1529 τῶν
1243 1485 1584 1540 ’Μουσουλμάνων
1602 1488 1746 1543 φῦλα),

313 1550 461 1605 θέρους
485 1549 592 1607 ὥρας
611 1553 818 1607 γενομένης
839 1555 1136 1610 διαπεραιοῦται
1158 1554 1226 1597 τὸν
1238 1553 1548 1608 Ἑλλήσποντον,
1579 1558 1743 1596 καταλι-
1753 1563 1801 1598 20

314 1617 399 1659 πῶν
419 1620 475 1668 εἷς
491 1618 562 1673 τὴν
582 1619 633 1661 ἕω
654 1620 723 1662 τὸν
743 1621 829 1663 υἱὸν
850 1622 974 1665 αὐτοῦ
994 1620 1216 1678 Θεόδωρον.
1283 1621 1392 1675 ἔτυχε
1417 1622 1488 1676 μὲν
1506 1622 1583 1678 πρὸ
1604 1626 1746 1679 καιροῦ

400 1758 423 1791 9
445 1752 689 1793 ‹agave—1052:
711 1750 797 1816 γὰρ]
820 1755 862 1800 ὃς
884 1758 921 1795 ἐκ
944 1761 976 1795 D
1046 1762 1088 1796 11
1114 1757 1259 1805 ἀθρόον
1280 1773 1332 1796 om
1354 1761 1387 1795 D
1447 1758 1742 1806 ὦς-12τόπου]

401 1801 464 1835 καὶ
485 1802 517 1835 D
571 1804 613 1838 14
634 1804 697 1838 καὶ
713 1824 757 1830 -
774 1806 917 1848 ομοιλῶς
940 1817 991 1839 om
1014 1805 1046 1839 D
1102 1801 1211 1847 οὗτος
1234 1818 1286 1840 om
1307 1807 1339 1841 D
1388 1806 1430 1842 15
1452 1804 1620 1851 Ἰωάννης
1635 1817 1687 1840 om
1709 1807 1741 1840 D

400 1847 453 1892 τῷ
475 1844 558 1882 τότε
577 1869 621 1875 -
638 1861 672 1894 p.
692 1851 756 1892 77,
783 1852 824 1885 13
851 1850 893 1885 τὸ
914 1852 1104 1895 ποίμνιον]
1127 1853 1196 1886 τοῦ
1213 1851 1440 1907 πατριάρχου
1456 1852 1648 1896 Γερμανοῦ
1667 1851 1742 1885 τῶν

399 1892 488 1935 τῇδε
509 1890 733 1937 ἀπάραντος,
755 1895 817 1929 καὶ
830 1897 1026 1930 ,Μεθοδιόυ
1043 1895 1144 1936 τινὸς
1162 1897 1336 1941 μοναχοῦ,
1359 1895 1564 1942 ηγουμένου
1579 1897 1643 1941 τῆς
1658 1894 1739 1930 “Pa-

397 1937 550 1979 κίνθου,
582 1939 935 1996 πατριαρχεύσαντος
963 1941 1026 1975 καὶ
1056 1941 1146 1984 μετοὶ
1174 1945 1272 1987 τρεῖς
1295 1943 1413 1986 μῆνας
1438 1939 1739 1986 τετελευτηκότος,

398 1981 460 2016 καὶ
478 1981 561 2017 τότε
578 1995 801 2030 χηρευουσης
817 1987 881 2031 τῆς
901 1984 1086 2031 ἐκκλησίας
1105 1988 1137 2021 D
1229 1990 1272 2024 17
1293 1986 1502 2022 καταλιπών
1523 1987 1634 2031 vulgo.

311 2106 459 2141 letudine
474 2107 691 2142 discruciatus
705 2109 900 2154 abstinuit),
923 2110 1076 2155 precibus
1091 2110 1135 2144 ad
1150 2111 1245 2145 deum
1261 2110 1469 2145 effundendis
1485 2111 1647 2154 perpetuo
1663 2120 1740 2154 per-

310 2153 487 2196 noctabat,
522 2154 703 2198 laudesque
727 2155 854 2188 divinas
879 2157 978 2189 certis
1003 2157 1068 2189 diei
1084 2156 1172 2191 horis
1189 2157 1351 2201 ascriptas
1365 2155 1513 2200 quotidie
1529 2153 1740 2195 celebrabat3

309 2197 451 2241 quinimo
468 2199 622 2231 continuo
638 2210 709 2232 cum
725 2200 910 2234 Nazaraeis
927 2202 1140 2244 versabatur,
1174 2202 1377 2245 volebatque
1396 2199 1632 2245 quammaxime
1647 2200 1740 2246 vitae

308 2242 477 2275 solitariae
492 2244 621 2276 nomina
636 2244 717 2277 dare
733 2250 766 2278 et
781 2251 964 2279 manantem
980 2246 1057 2280 inde
1071 2247 1341 2291 tranquillitatem
1356 2245 1518 2290 experiri,
1547 2245 1600 2277 vel
1622 2245 1738 2278 saltem

308 2287 357 2320 sic
382 2287 578 2320 affectorum
602 2289 794 2322 amicissimo
818 2291 1010 2324 commercio
1035 2292 1094 2326 uti.
1141 2297 1176 2324 at
1197 2292 1303 2324 frater
1317 2291 1505 2324 Demetrius
1519 2290 1552 2323 in
1568 2291 1738 2323 fraternae

308 2331 400 2365 vitae
416 2333 580 2365 contraria
594 2333 702 2366 studia
718 2335 923 2378 trahebatur,
948 2341 1101 2380 tanquam
1117 2337 1172 2381 qui
1187 2336 1317 2371 stolidis
1331 2335 1582 2369 adolescentulis
1597 2345 1737 2368 consue-

306 2380 435 2419 sceret,
470 2377 588 2421 quibus
604 2377 805 2422 potissimum
819 2381 1003 2423 gaudebat,
1027 2386 1062 2415 et
1077 2381 1180 2415 dediti
1195 2381 1345 2425 corporis
1360 2381 1517 2425 obsequio
1532 2379 1736 2422 vinceretur,

307 2421 499 2467 alienasque
521 2423 722 2467 permoleret
738 2434 870 2459 uxores.
915 2426 990 2459 hinc
1006 2427 1181 2470 aliquando
1197 2438 1261 2459 non
1276 2426 1443 2459 mediocre
1457 2425 1669 2459 infortunium
1683 2425 1736 2458 in-

304 2467 416 2509 venit;
433 2478 506 2500 nam
522 2479 595 2501 cum
612 2473 845 2513 constupratae
859 2471 1003 2504 mulieris
1017 2472 1069 2504 vir
1085 2483 1144 2516 per
1159 2473 1340 2505 fenestram
1355 2483 1396 2505 ex
1414 2471 1594 2525 improviso
1607 2471 1735 2504 domum

305 2518 394 2546 esset
408 2513 575 2557 ingressus
585 2539 595 2555 ‚
631 2513 687 2546 ille
713 2514 795 2558 fuga
816 2514 878 2548 sibi
901 2517 1075 2550 consulens
1101 2517 1168 2550 alto
1194 2529 1236 2551 ex
1254 2516 1328 2550 loco
1353 2516 1591 2561 praecipitatus
1606 2516 1734 2549 clunem

304 2557 425 2602 laesit,
460 2564 494 2591 et
511 2570 581 2592 cum
597 2558 652 2591 diu
669 2564 876 2602 aegrotasset
888 2586 898 2602 ‚
920 2566 1056 2594 sanatus
1072 2562 1203 2605 quidem
1218 2567 1289 2602 est,
1312 2562 1370 2595 sed
1388 2562 1492 2595 altero
1507 2561 1594 2606 pede
1609 2560 1735 2594 claudi-

307 2614 387 2637 cans
402 2614 466 2636 non
477 2609 572 2637 'recta
586 2603 774 2638 incedebat.
807 2609 843 2638 at
858 2605 911 2638 hic
927 2617 991 2639 non
1008 2607 1142 2640 multum
1157 2607 1295 2652 imperio
1314 2607 1440 2652 potitus
1456 2611 1518 2640 est.
1546 2617 1619 2640 nam
1634 2606 1733 2639 Ioan-

307 2659 365 2682 nes
381 2648 561 2693 imperator
576 2653 655 2682 tunc
668 2650 824 2694 temporis
839 2652 1012 2685 occasione
1028 2659 1179 2697 arrepta,
1205 2653 1305 2696 quod,
1330 2657 1367 2685 ut
1382 2652 1533 2694 diximus,
1555 2651 1646 2685 natio
1661 2651 1733 2684 Ta·-

307 2694 477 2728 charorum
501 2704 574 2727 cum
595 2694 667 2728 aliis
691 2695 877 2729 nationibus
898 2697 1139 2738 contendebat,
1175 2709 1246 2731 cum
1260 2698 1392 2731 sultano
1409 2707 1520 2743 pugna
1534 2695 1731 2742 postposita,

306 2739 437 2783 quando
456 2739 676 2783 Babylonico,
700 2751 796 2785 quem
812 2740 1011 2776 Musulmani
1025 2743 1198 2787 Calipham
1214 2743 1322 2776 solent
1340 2743 1519 2789 appellare,
1543 2745 1579 2775 et
1592 2741 1638 2775 illi
1676 2751 1733 2773 ro-

306 2784 403 2820 ximis
417 2783 535 2821 bellum
548 2784 708 2828 inferret,
740 2786 876 2821 ineunte
889 2792 1017 2822 aestate
1031 2788 1281 2834 Hellespontum
1295 2793 1428 2830 tranat5
1461 2788 1528 2822 filio
1543 2798 1602 2821 suo
1617 2785 1650 2820 Τ
1672 2796 1731 2820 eo·-
