1872 3236
469 186 844 237 coMPENDmM
878 183 1228 232 cimomcnm.
1406 163 1407 166 ’
1476 179 1568 227 185

245 301 385 360 ἔμελλε
402 298 523 361 τάφῳ
541 298 794 359 κρύπτεσθαι
817 303 886 344 καὶ
902 305 956 359 γῇ
971 305 1023 360 τῇ
1039 297 1292 361 παποδόχῳ,

243 372 402 423 ἐλπίδες
415 372 490 427 μὲν
509 370 583 414 οὔκ
599 369 771 427 ἀγεννεῖς
784 367 1000 413 ὗπέσαινον
1019 369 1116 422 τοὺς
1136 367 1226 414 τότε

107 439 221 486 4810
243 438 314 484 τὸν
333 445 407 496 τῆς
424 441 554 498 ἀρχῆς
576 437 766 494 διάδοχον
789 439 940 492 ἐπιεικῆ
960 443 1135 496 φανῆναι

243 510 312 553 καὶ
331 507 470 567 γνώμῃ
491 505 758 566 μετριώτερον
778 509 845 550 καὶ
863 507 922 562 μὴ
941 511 1250 564 μιαιφονοῦντα.

243 578 350 621 ἀλλὰ
366 577 444 636 γὰρ
463 577 596 635 ὥσπερ
616 576 795 635 Εὔριπος
803 608 817 628 ,
852 573 909 626 ὧς
928 573 1067 627 ἔοικεν,
1100 573 1126 630 ἦ
1148 574 1270 633 φύσις

244 649 302 698 εἰς
323 647 418 698 τοὺς
436 648 564 697 ι’δίους
582 645 763 703 ἀγωγοὺς
781 645 1130 702 ἀνθυποστρέφειν
1144 646 1300 701 χαίρει·

245 716 312 758 καὶ
335 715 412 772 γὰρ
435 713 655 766 ὗπνοῦντος
675 715 860 765 Λέοντος
881 711 1077 770 ἀγκάλαις
1098 714 1301 771 ἔνταᾳιόις

109 782 222 828 4815
245 781 272 840 ἦ
291 783 492 842 πάρδαλις
510 784 673 841 ἐξέθορε
693 787 832 842 πολλῷ
852 782 1115 839 θυμικωτέρα
1124 813 1139 834 ,

245 854 313 896 καὶ
335 854 616 911 καλυφθείσης
635 854 698 895 ἐπὶ
719 857 793 908 γῆς
815 856 888 907 τῆς
910 851 1019 910 ῥίζης
1040 855 1113 906 τῆς
1138 847 1347 905 δυσχύμου

246 925 384 981 πολλῷ
403 919 771 980 πικροκαρπότερος
792 919 942 971 κλάδος
961 917 1189 978 ὖπανεφύη,
1340 930 1347 937 ·

249 988 272 1032 ὃ
290 989 716 1048 μυσαροκοπρώνυμος
737 991 884 1040 ἐκεῖνος
900 991 1221 1039 Κωνσταντῖνος,

247 1059 290 1102 ἐκ
309 1064 382 1115 τῆς
402 1059 574 1111 ἀσπίδος
593 1059 745 1114 ἔχιδνα,
780 1057 1028 1116 προσφόρως
1048 1057 1098 1101 ἄν
1114 1075 1176 1108 τις
1198 1056 1322 1108 εἶ’ποι,

113 1124 225 1170 4820
248 1129 291 1179 ἔξ
310 1126 526 1186 ἐλλεβόρου
550 1126 726 1181 κώνειον,
761 1127 840 1171 ἀπὸ
861 1129 1055 1185 σκορπίου
1078 1124 1256 1185 δράκων,

250 1195 374 1247 ἄλλος
392 1195 616 1254 Βαλτάσαρ
636 1197 805 1252 ἀναιδὴς
821 1197 864 1239 ἐκ
881 1193 1267 1252 Ναβουχοδονόσορ.

319 1266 507 1322 ,Κατῆρξε
528 1270 624 1321 γοῦν
649 1263 669 1307 ὃ
694 1264 894 1322 βδελυρὸς
919 1262 1195 1320 αἱματοπότης
1218 1262 1362 1315 λύκος,

250 1325 287 1375 ὦ
304 1331 438 1376 πάντα
457 1334 619 1388 βλέπων
639 1333 740 1388 ἥλιε,
774 1335 843 1375 καὶ
863 1337 1045 1386 βασιλεῖς
1065 1335 1132 1375 καὶ
1150 1331 1266 1386 νόμοι
1282 1336 1298 1372 !

252 1399 473 1459 ἅνθρωπος
488 1400 606 1458 γόης,
642 1400 883 1459 φαρμακός,
920 1403 1192 1458 ζωοσφαγιάις
1210 1401 1363 1458 χαίρων

116 1465 227 1513 4325
252 1472 322 1513 καὶ
345 1475 522 1521 τελεταῖς
542 1477 631 1520 ταῖς
648 1477 854 1528 μυσαραῖς
873 1474 946 1525 τῆς
965 1468 1279 1525 ἡπατοσκοπιάς,

132 1534 134 1536 ’
252 1537 443 1597 ἄντικρυς
461 1537 728 1594 τελματόβιος
745 1537 1062 1596 βορβοροφάγος
1076 1546 1230 1596 χοῖρος.

247 1601 370 1659 οὗτος
388 1606 410 1651 ὃ
431 1611 578 1659 δοῦλος
599 1612 672 1663 τῆς
688 1608 865 1664 γαστρὸς
886 1609 953 1649 καὶ
972 1612 1045 1663 τῆς
1063 1608 1285 1658 ἀκολασίας

252 1677 296 1719 τί
309 1677 383 1731 μὲν
401 1677 475 1720 οὐκ
498 1675 684 1732 ἐπενόησε
703 1682 784 1720 τῶν
802 1678 964 1731 θλίβειν
982 1678 1230 1731 δυναμένων,

251 1746 295 1789 τί
310 1746 354 1788 δὲ
374 1745 479 1803 παρ’
506 1744 641 1790 ἄλλων
658 1742 821 1802 εῧρεθέν
845 1744 979 1796 αὔξειν
1001 1745 1073 1788 οὐκ
1095 1746 1309 1802 ἐπεχείρεις

117 1810 230 1856 4330
254 1811 417 1873 νύμφην
438 1814 513 1870 τὴν
527 1813 862 1873 χρυσοκόσμητον
885 1815 953 1857 καὶ
971 1815 1334 1873 τρυφερευομένην,

207 1955 300 1994 4309
319 1953 516 1992 ἕπέσοιινον
532 1956 573 1992 Μ
725 1957 814 1994 4311
837 1956 1099 2000 μιαιφονῶντα
1120 1958 1152 1991 Α
1304 1955 1397 1992 4314
1413 1955 1506 2001 γοῦν
1523 1956 1588 1990 AR

208 2001 302 2038 4316
321 2000 511 2049 δυσμάχου
532 2002 603 2037 ΑΜ
724 2003 817 2038 4318
833 2001 1002 2047 μυσαρὰς
1021 2001 1264 2046 κοπρώνυμος
1285 2001 1316 2037 Α
1438 2001 1530 2038 4323
1551 2001 1588 2036 οἱ

172 2091 173 2095 ¹
209 2045 348 2094 νόμοιῖ
481 2049 574 2087 4328
597 2047 750 2094 θλίψειν
773 2049 807 2085 R
943 2049 1036 2085 4330
1053 2048 1129 2095 καὶ]
1151 2047 1220 2093 τήν
1242 2049 1277 2085 R

121 2177 228 2219 esset,
250 2185 332 2220 spes
354 2186 424 2210 non
444 2173 638 2209 mediocres
662 2174 737 2209 eius
761 2174 886 2209 aetatis
910 2174 1068 2208 homines
1093 2173 1351 2220 concipiebant,
1378 2175 1531 2209 futurum
1553 2177 1592 2208 ut

120 2220 260 2267 imperii
275 2232 459 2256 successor
472 2232 621 2266 aequum
639 2233 679 2255 se
700 2221 851 2257 subditis
870 2223 1069 2267 praeberet,
1089 2220 1195 2254 animi
1213 2221 1459 2256 moderatioris
1483 2225 1590 2263 esset,

121 2278 146 2302 a
166 2267 332 2303 caedibus
356 2267 563 2303 abstineret.
610 2278 731 2302 verum
756 2273 880 2301 natura
902 2267 940 2303 in
958 2279 1088 2302 morem
1106 2267 1248 2312 Euripi,
1273 2280 1337 2302 ceu
1356 2267 1510 2310 videtur,
1535 2266 1594 2302 in-

122 2318 180 2349 tra
197 2324 281 2348 suos
302 2313 422 2348 alveos
449 2312 585 2348 reverti
613 2313 840 2359 perlubenter
864 2313 968 2349 solet.
1016 2313 1145 2348 etenim
1173 2314 1275 2348 leone
1298 2315 1363 2348 sub
1387 2320 1485 2348 terra
1508 2324 1592 2347 con-

123 2358 239 2405 sopito
263 2359 417 2406 pardalis
441 2359 597 2405 prosiliit
617 2359 722 2394 multo
741 2360 963 2404 iracundior,
987 2365 1024 2394 et
1041 2360 1161 2394 radice
1184 2359 1265 2394 mali
1288 2360 1384 2395 succi
1407 2360 1473 2394 sub
1497 2364 1594 2393 terra

123 2404 266 2441 condita
282 2405 386 2451 longe
406 2405 620 2441 acerbiorem
641 2406 790 2441 fructum
814 2407 932 2440 serens
951 2417 1065 2440 ramus
1086 2411 1208 2441 enatus
1228 2410 1295 2451 est,
1317 2406 1478 2441 nimirum
1497 2405 1592 2439 Con-

123 2451 296 2487 stantium
319 2451 398 2497 ille,
436 2451 493 2486 cui
515 2452 655 2487 foedum
685 2458 722 2487 et
747 2452 980 2487 abominabile
1013 2464 1205 2496 cognomen
1238 2465 1259 2488 a
1290 2458 1448 2487 stercore
1477 2452 1595 2486 datum

123 2496 206 2541 fuit,
229 2508 331 2542 quem
351 2510 421 2533 non
437 2497 728 2533 inconvenienter
744 2505 950 2544 prognatam
971 2511 1014 2533 ex
1033 2499 1155 2543 aspide
1176 2498 1346 2544 viperam,
1374 2511 1417 2533 ex
1440 2497 1594 2532 elleboro

124 2542 295 2588 cicutam,
330 2556 375 2580 ex
402 2545 544 2590 scorpio
575 2545 782 2590 draconem,
817 2557 862 2580 ex
888 2545 1238 2581 Nabuchodonosore
1268 2545 1488 2581 Baltasarum
1516 2543 1596 2589 quis

123 2588 368 2635 appellaverit.

215 2635 287 2671 Hic
306 2647 391 2681 ergo
411 2636 631 2673 detestabilis
655 2640 692 2672 et
711 2636 956 2682 sanguinarius
977 2636 1079 2682 lupus
1100 2637 1248 2683 imperio
1273 2637 1407 2683 potitus
1432 2640 1500 2680 est,
1524 2635 1594 2679 hic,

124 2680 266 2727 inquam
289 2682 327 2726 (o
346 2681 400 2716 sol
422 2689 622 2719 cunctorum
643 2683 835 2730 inspector,
861 2696 880 2717 o
905 2683 1149 2729 imperatores,
1173 2696 1193 2717 ο
1215 2683 1355 2728 leges!)
1380 2682 1594 2729 praestigia-

124 2732 195 2771 tor,
219 2728 410 2770 veneficus,
434 2729 631 2765 animalium
653 2730 922 2765 mactationibus
942 2736 979 2764 et
999 2729 1276 2765 exsecrabilibus
1300 2729 1369 2765 illis
1394 2729 1504 2763 sacris
1530 2741 1592 2762 ex-

125 2773 313 2819 tispicinae
336 2773 488 2819 deditus,
509 2775 548 2809 in
567 2788 676 2812 coeno
694 2776 797 2822 plane
816 2777 948 2830 degens
972 2788 1098 2821 porcus
1122 2782 1279 2811 stercore
1302 2786 1464 2811 vescens.
1490 2774 1593 2819 quid-

124 2831 204 2856 nam
233 2820 319 2854 illud
352 2819 486 2855 ventris
519 2832 561 2855 ac
593 2821 696 2867 gulae
726 2822 935 2868 mancipium
959 2834 1028 2856 non
1051 2822 1277 2867 excogitabat
1306 2823 1352 2857 ad
1376 2821 1594 2856 divexandos

123 2865 282 2903 homines
294 2866 314 2903 ‘3
335 2865 422 2913 quid
443 2867 487 2903 ab
511 2866 589 2903 aliis
607 2867 788 2905 inventum
805 2879 935 2915 augere
959 2880 1029 2904 non
1047 2869 1268 2904 conabatur?
1294 2868 1480 2914 nympham
1501 2866 1594 2902 illam
