1924 3242
358 165 422 213 74
745 164 975 223 GEORGII
998 164 1372 211 ACROPOLITAE

361 278 403 321 ὁὲ
421 271 538 335 ἦρχεν
558 274 686 319 αὐτῶν
706 251 754 318 ozi
775 280 910 332 κλῆσις
924 276 1146 333 Ἰαθατίνης
1154 309 1167 330 ,
1207 278 1293 329 υἱὸς
1312 281 1382 321 τοῦ
1401 278 1569 322 σουλτᾶν
1578 276 1768 333 Ἀζατίνη,

361 351 513 403 φαῦλος
530 345 571 393 ἐξ
589 343 746 399 ἀγαθοῦ
766 344 887 401 ἄρχός
905 344 1082 400 γεγονώς,
1107 371 1157 378 -
1182 344 1315 396 πότοις
1327 346 1403 404 γὰρ
1421 346 1548 404 ἔχαιρε
1566 348 1632 389 καὶ
1652 346 1768 400 ἀσελ-

308 423 341 457 1)
364 414 482 469 γειάις
510 412 576 453 καὶ
603 412 749 461 κοίταις
777 410 1002 463 ἀλλοκότοις
1028 431 1070 456 τε
1089 415 1154 456 καὶ
1173 412 1332 463 ἀτόποις
1342 445 1355 464 ,
1397 416 1461 456 καὶ
1481 418 1600 470 συνῆν
1618 413 1676 456 ἀεὶ
1697 414 1767 455 ἅν-

356 479 599 535 θρωπίσκοις
620 478 745 521 οὐκέτι
763 478 877 535 λόγον
898 477 1040 523 εἶδόσιν
1059 481 1148 523 οὐδ’
1171 481 1422 537 ἀνθρωπίνην
1442 480 1561 538 φύσιν
1582 481 1627 524 τὸ
1649 478 1767 524 σύνο-

357 551 437 587 λον.
503 543 524 586 ὃ
553 546 683 602 πατὴρ
712 547 755 588 δὲ
782 548 903 589 αὐτοῦ
931 548 976 590 οὐ
1005 553 1180 598 τοιοῦτος
1206 543 1274 602 ἦν,
1310 548 1402 590 ἀλλ’
1433 547 1686 602 ἦττᾶτομέν,
1720 547 1799 591 οὗ5

356 611 515 670 σφόδρα
533 613 588 664 δέ,
612 618 690 656 τῶν
710 614 937 670 ἂσελγέιῶν·
966 615 1026 657 διὸ
1042 617 1108 657 καὶ
1125 616 1278 669 βέλτιον
1296 621 1375 658 τῶν
1393 615 1470 673 πρὸ
1486 615 1607 658 αὗτοῦ
1627 613 1768 672 ἐστρα-

356 679 484 736 τήγει,
520 682 585 722 καὶ
618 681 757 737 φιλίως
781 681 880 739 πρὸς
907 682 975 724 τὸν
999 683 1166 736 βασιλέα
1201 683 1371 726 διέκειτο.
1440 683 1533 726 ἀλλ’
1565 677 1679 732 οὗτος
1710 679 1770 732 οἷς
1804 696 1808 699 ’

356 746 485 804 ἔχαιρε
495 779 509 799 ,
561 750 764 803 πλησμίως
796 748 944 791 τούτων
987 748 1181 792 ἀπώνατο.
1255 752 1482 808 πεπείραται
1503 754 1608 810 γοῦν
1638 747 1770 805 μάχης
1810 746 1813 748 q

357 819 587 871 Ταχαρικῆς
610 817 674 856 καὶ
700 815 874 870 ἥττηται.
940 818 980 858 ἓν
1003 823 1124 874 στενῷ
1149 821 1243 873 γοῦν
1264 822 1342 860 τῶν
1364 815 1607 875 πραγμάτων
1627 819 1770 873 κομιδῇ

353 882 520 938 γεγονώς
538 882 718 938 πρέσβεις
737 885 918 937 ἐκπέμπει
945 884 1043 940 πρὸς
1061 885 1129 927 τὸν
1149 886 1316 938 βασιλέα
1333 884 1528 941 Ἰωάννην,
1558 889 1707 940 βουλῆς
1727 900 1769 927 τε
1782 890 1824 925 10

355 950 475 999 ἀξιῶν
497 949 659 1006 ἀρίστης
677 952 719 1000 ἐξ
738 952 858 993 αὐτοῦ
880 958 1025 1005 τυχεῖν,
1053 950 1106 1002 ὥς
1125 952 1173 994 ἂν
1191 952 1452 1009 ἅποτρέψοιτο
1472 953 1541 996 τὸν
1561 953 1770 995 ἀντίπαλον

353 1018 419 1059 καὶ
435 1016 576 1073 μικρὸν
596 1020 831 1074 κουφισθειή
857 1023 926 1061 τοῦ
946 1018 1099 1076 βάρους
1119 1020 1240 1062 αὐτοῦ
1249 1052 1261 1071 ,
1292 1023 1539 1077 σωτηριῶὸες
1553 1025 1668 1063 τοῦτο
1688 1017 1770 1076 φά-

353 1100 458 1126 σκων
476 1083 678 1139 τυγχάνειν
695 1086 862 1142 ἀμφοῖν·
888 1091 958 1128 τοῦ
975 1087 1051 1144 γὰρ
1069 1088 1203 1142 γε’νους
1218 1091 1295 1130 τῶν
1305 1086 1638 1141 Μουσουλμάνων
1658 1085 1770 1143 παρὰ

351 1156 430 1194 τῶν
450 1150 648 1207 Ταχάρων
668 1152 917 1203 ἀπολωλότος
938 1153 1071 1204 ἄνετος
1097 1156 1264 1196 λείπεται
1295 1161 1376 1204 τοῖς
1405 1156 1592 1203 ἐναντίοις
1615 1152 1642 1209 ἦ
1669 1152 1770 1196 κατὰ

350 1223 429 1261 τῶν
445 1217 672 1271 Ῥωμαϊκῶν
688 1225 832 1275 χωρῶν
850 1219 1005 1276 ἔφοδος.
1071 1223 1136 1262 καὶ
1153 1216 1201 1275 ἦν
1218 1225 1333 1263 τοῦτο
1352 1220 1454 1263 πάνυ
1471 1239 1513 1276 γε
1533 1221 1692 1275 ἀληθές.
1748 1217 1824 1261 ὅ15

351 1290 445 1340 γοῦν
466 1284 670 1339 Ἰωάννης,
718 1285 782 1328 οἶα
811 1283 952 1335 ἐκεῖνος
983 1286 1107 1337 δεινὸς
1136 1289 1176 1328 ἐν
1203 1294 1286 1337 τοῖς
1313 1286 1504 1338 τοιούτοις
1531 1286 1770 1345 πράγμασιν,

234 1359 262 1392 Ρ
286 1359 329 1395 38
352 1353 580 1406 ἀποδέχεται
599 1351 767 1406 ἄσμενος
782 1353 853 1407 τὴν
872 1356 1101 1410 πρεσβείαν,
1143 1356 1207 1396 καὶ
1226 1357 1280 1404 εἰς
1300 1355 1435 1398 ἕνωσιν
1457 1359 1658 1398 συνελθεῖν
1677 1353 1771 1412 ᾕρε-

348 1421 483 1462 τίσατο
505 1424 561 1477 τῷ
583 1419 753 1462 σουλτάν
762 1452 776 1472 ,
812 1419 865 1470 ὦς
886 1420 934 1462 ἂν
951 1426 1065 1464 τοῦτο
1084 1428 1166 1472 τοῖς
1185 1424 1374 1472 ἐναντίοις
1391 1425 1446 1473 εἷς
1462 1423 1689 1481 ἀποτροπὴν
1705 1422 1771 1478 γε’-

347 1500 474 1529 νοιτο·
511 1486 720 1541 ἦνωμένων
752 1488 827 1545 γὰρ
857 1493 937 1530 τῶν
965 1487 1150 1532 τοιούτων
1183 1488 1253 1533 δύο
1280 1492 1474 1545 μεγίστων
1506 1491 1638 1547 ἀρχῶν
1670 1489 1771 1538 εἰκὸς

346 1556 485 1596 πτοίαν
499 1556 682 1609 γενέσθαι
705 1562 788 1605 τοῖς
806 1558 1022 1610 πολεμιόις,
1049 1557 1148 1613 πρὸς
1173 1557 1240 1599 ἕνα
1263 1558 1334 1611 μὲν
1360 1558 1490 1611 ἔχουσι
1516 1558 1583 1599 τὸν
1610 1555 1825 1607 σκοπόν,Ξο

346 1621 445 1678 πρὸς
473 1621 543 1664 δύο
574 1623 616 1663 δὲ
645 1621 797 1680 ἀθρόον
824 1622 1122 1681 εὑρισκομένοις.
1190 1626 1255 1666 καὶ
1280 1629 1374 1680 γοῦν
1394 1626 1455 1666 ἐπὶ
1479 1631 1558 1675 τοῖς
1579 1623 1770 1674 τοιούτοις

433 1718 454 1751 1
479 1710 526 1750 οὖ
547 1716 668 1760 κλῆσις
690 1729 742 1751 om
763 1718 795 1752 D
889 1717 973 1759 υἱὸς
994 1715 1173 1760 Ἀζατίνου
1194 1720 1226 1754 D
1316 1719 1337 1754 5
1362 1716 1382 1754 ὁ
1398 1739 1444 1746 -
1464 1716 1639 1753 ἀπώνατο
1663 1729 1715 1753 om
1736 1717 1769 1752 D

433 1763 455 1797 9
478 1758 810 1807 ἐν-1Οπρέσβεις]
831 1761 999 1808 πρέσβεις
1022 1758 1089 1798 οὖν
1111 1765 1143 1798 D
1226 1765 1269 1799 10
1291 1775 1329 1798 τε
1352 1768 1388 1798 et
1412 1766 1454 1799 11
1472 1763 1621 1808 άρίστης
1643 1761 1679 1806 ἐξ
1703 1761 1768 1798 αὖ·

436 1806 505 1840 τοῦ
529 1818 581 1840 om
603 1807 634 1840 D
700 1809 739 1842 11
765 1804 815 1846 (ὃς
837 1806 1088 1852 άποτρέψαιτο
1111 1809 1142 1842 D
1204 1810 1247 1844 12
1270 1809 1338 1843 τοῦ
1361 1807 1502 1854 βάρους
1523 1807 1641 1843 αὐτοῦ
1663 1820 1714 1843 om
1736 1808 1768 1842 D

436 1849 589 1906 φάσκων
609 1850 811 1896 τυγχάνειν]
832 1852 1009 1907 τυγχάνον
1031 1854 1062 1888 D
1155 1854 1198 1889 14
1215 1854 1350 1898 γίνεται
1365 1855 1395 1888 D
1486 1855 1527 1889 15
1541 1852 1722 1908 Ῥωμαίων
1736 1854 1768 1887 D

437 1896 699 1940 καὶ--αληθές
718 1909 770 1931 om
785 1898 815 1931 D
886 1900 927 1933 16
939 1911 1028 1943 γουν
1051 1897 1225 1943 βασιλεὺς.
1240 1897 1410 1944 Ἰωάννης
1431 1899 1474 1942 D,
1498 1910 1624 1933 omissus
1647 1896 1710 1933 οἷα
1723 1918 1769 1923 -

436 1940 642 1985 πράγμασιν
733 1945 774 1978 17
798 1939 950 1985 ἅσμενος
973 1956 1025 1978 om
1046 1945 1078 1978 D
1176 1943 1237 1979 καὶ
1260 1944 1309 1985 εἰς
1325 1964 1369 1971 -
1385 1942 1650 1990 εὑρισκομένοις
1671 1955 1724 1978 om
1737 1943 1769 1977 D

435 1987 479 2021 21
503 1987 594 2030 γοῦν
609 2007 653 2012 -
668 1986 971 2032 συσκευασάμενοι
993 2001 1045 2024 om
1067 1990 1111 2024 D.

347 2063 479 2097 Azatini
494 2064 592 2108 filius,
607 2065 663 2110 qui
679 2077 720 2099 ex
734 2066 822 2100 bono
837 2066 872 2099 in
887 2067 1069 2112 principem
1084 2068 1200 2101 malum
1215 2067 1451 2111 degener-arat:
1469 2066 1601 2112 potibus
1617 2076 1769 2110 namque,

348 2109 534 2142 libidinibus
549 2112 763 2144 monstruosis
779 2112 1037 2157 execrandisque
1051 2113 1215 2146 amoribus
1230 2115 1353 2153 furens,
1367 2119 1527 2157 perpetuo
1543 2123 1615 2145 cum
1631 2111 1769 2145 homun-

349 2154 499 2187 cionibus
514 2159 548 2187 et
562 2156 700 2190 rationis
715 2161 747 2189 ct
762 2162 899 2190 naturae
914 2159 1075 2191 humanae
1089 2158 1220 2202 penitus
1235 2158 1357 2202 ignaris
1373 2157 1621 2196 consuescebat,
1637 2156 1769 2201 parenti

347 2208 406 2231 suo
423 2199 584 2244 dissimilis
596 2226 606 2242 ‚
631 2201 687 2244 qui
702 2201 899 2245 libidinibus,
922 2214 988 2236 non
1004 2203 1052 2236 ita
1066 2208 1185 2245 tamen,
1210 2203 1364 2247 parebat3
1390 2213 1494 2246 quare
1509 2206 1544 2235 et
1556 2202 1673 2235 melius
1688 2212 1768 2246 pro-

348 2242 554 2286 genitoribus
576 2244 649 2288 ipse
672 2246 739 2279 suis
765 2247 868 2280 aciem
891 2249 1062 2290 struebat,
1095 2259 1175 2291 erga
1188 2247 1419 2292 imperatorem
1437 2247 1597 2280 benevole
1613 2247 1768 2281 affectus.

348 2298 462 2321 verum
481 2289 598 2332 quibus
611 2289 675 2322 iste
692 2291 942 2334 delectabatur,
973 2293 1085 2326 iisdem
1109 2293 1282 2326 saturitate
1302 2303 1367 2325 non
1380 2292 1533 2326 fraudata
1549 2292 1680 2325 adiutus
1696 2297 1767 2334 est3

347 2333 404 2377 qui
428 2343 500 2365 cum
524 2343 561 2366 se
584 2334 687 2367 vellet
711 2335 744 2367 in
771 2346 882 2379 pugna
897 2338 1084 2371 Tacharica
1099 2338 1259 2382 experiri,
1282 2337 1475 2370 debellatur.
1521 2342 1556 2370 et
1569 2348 1654 2381 pene
1669 2337 1770 2371 rebus

346 2377 477 2412 aversis
498 2377 627 2421 legatos
651 2379 692 2412 ad
714 2379 944 2423 imperatorem
961 2383 1115 2416 loannem
1134 2383 1253 2426 mittit,
1287 2382 1455 2416 consilium
1470 2382 1770 2426 praesentissimum

345 2427 482 2468 petens,
514 2434 654 2466 quanam
677 2424 808 2458 tandem
832 2425 905 2470 ipse
927 2427 1056 2460 ratione
1077 2428 1205 2461 hostem
1222 2427 1399 2471 repelleret
1416 2431 1450 2460 et
1464 2427 1628 2471 paululum
1642 2438 1662 2460 a
1677 2426 1770 2460 malis

346 2467 576 2509 sublevaretur
586 2495 596 2510 ,
621 2469 655 2501 id
670 2469 796 2502 scilicet
810 2469 966 2504 dictitans
981 2472 1130 2516 utrisque
1144 2473 1287 2506 salutare
1303 2483 1393 2505 esse:
1416 2472 1631 2506 Musulmanis
1650 2471 1734 2505 enim
1749 2481 1770 2504 a

346 2512 512 2547 Tacharis
527 2514 722 2558 prostratis,
755 2513 789 2548 in
804 2515 971 2549 Romanas
986 2517 1140 2550 civitates
1154 2517 1264 2550 aditus
1279 2517 1371 2550 liberi
1386 2528 1425 2550 ac
1439 2517 1511 2551 sine
1523 2517 1770 2563 impedimento,

346 2558 436 2603 quod
449 2562 485 2591 et
500 2559 704 2593 verissimum
720 2564 805 2603 erat,
828 2561 990 2604 hostibus,
1013 2572 1085 2595 cum
1103 2573 1160 2595 eos
1174 2562 1352 2606 reprimere
1366 2573 1431 2596 non
1445 2563 1572 2608 possis,
1595 2563 1768 2606 patebunt.

346 2614 447 2648 porro
463 2603 642 2648 imperator
655 2605 815 2649 Ioannes,
847 2611 965 2650 utpote
979 2607 1013 2639 in
1027 2607 1126 2640 rebus
1141 2607 1298 2640 similibus
1311 2618 1413 2651 sagax
1429 2614 1464 2641 et
1478 2608 1619 2652 prudens
1631 2634 1641 2651 ,
1673 2607 1767 2650 lega-

346 2648 468 2681 tionem
482 2647 588 2683 libens
604 2649 725 2695 accipit
735 2676 744 2694 ‚
776 2655 810 2683 et
825 2651 1033 2685 concordiam
1048 2663 1120 2685 cum
1136 2653 1265 2686 sultano
1281 2653 1485 2696 conglutinat
1495 2680 1505 2696 ,
1530 2657 1569 2686 ut
1585 2652 1633 2685 sic
1646 2652 1768 2686 adver-

346 2693 451 2727 sarios
465 2694 684 2739 repellerent:
716 2706 790 2729 nam
811 2695 863 2730 his
886 2696 1014 2730 duabus
1033 2697 1180 2731 maximis
1203 2698 1360 2742 potentiis
1376 2698 1571 2732 consociatis
1585 2695 1769 2730 verosimile

347 2738 450 2772 fuerit
467 2739 593 2782 hostem
609 2744 728 2774 metum
742 2741 916 2786 concipere
927 2767 937 2784 ‚
968 2742 997 2776 si
1013 2741 1090 2776 dum
1104 2748 1220 2777 contra
1236 2754 1331 2776 unum
1347 2743 1564 2785 invehuntur,
1587 2742 1769 2786 derepente

349 2789 464 2830 contra
484 2784 567 2820 duos
590 2797 628 2820 se
644 2796 736 2821 arma
750 2787 929 2832 sumpsisse
943 2786 1201 2833 deprehendant.
1247 2792 1385 2834 propter
1398 2789 1481 2824 haec
1494 2788 1606 2832 itaque
1620 2786 1654 2820 in
1670 2795 1769 2820 unum
