1832 3250
293 194 359 243 46
649 213 653 235 1
664 195 1044 249 »CONSTANTINI
1084 202 1344 249 MANASSIS
1374 227 1375 230 ¹

427 309 670 363 ἐπλίνθευον,
704 309 940 369 εἰργάζοντο,
971 313 1044 364 τὰς
1062 313 1194 366 πόλεις
1213 315 1457 374 ᾠκοδόμουν.

239 387 269 420 C
292 380 398 420 1010
420 373 523 433 ἦσαν
544 379 680 429 αὐτοῖς
697 381 762 422 καὶ
777 383 943 434 χαλεποὶ
963 386 1043 424 τῶν
1059 382 1183 440 ἔργων
1199 384 1426 428 ἐπιστάται·

421 444 638 501 ἓβάρυνον,
673 447 884 500 ἐπέτεινον,
914 448 1084 504 ηὔξανον
1105 451 1178 501 τὰς
1197 451 1402 505 κακώσεις,

421 512 556 563 ἅπλῶς
575 515 715 566 εἶπεῖν,
745 513 876 573 ὥσπερ
896 517 1058 573 ἐχθροῖς
1077 519 1249 575 ἐχρῶντο
1269 527 1351 570 τοῖς
1372 522 1572 570 δειλαίοις.
1593 511 1595 515 V

424 581 461 622 οἳ
486 582 616 624 τοίνυν
635 584 954 636 τληπαθὲστατοι
974 586 1040 626 καὶ
1062 584 1226 635 τάλανες
1239 585 1448 645 (Εβραῖοκ

423 650 598 705 οἰκτραῖς
619 648 791 704 ἐβόησαν
811 658 963 708 φωναῖς
979 652 1077 708 πρὸς
1097 653 1164 695 τὸν
1180 653 1278 696 θεὸν
1295 655 1364 696 τὸν
1380 658 1519 707 ζῶντα,

289 714 394 757 1015
422 717 487 757 καὶ
506 717 708 773 λυτρωτὴν
725 722 804 760 τῶν
823 719 1002 773 ἀναγκῶν
1019 719 1140 774 ᾔτουν
1162 721 1283 763 αὐτὸν
1301 723 1498 777 γενέσθαι.
1532 762 1535 763 ⁷

421 782 639 837 κάμπτεται
661 787 791 827 τοίνυν
812 784 832 827 ὅ
851 786 948 836 θεὸς
969 794 1051 837 τοῖς
1073 796 1303 843 στεναγμοῖς
1322 791 1490 840 ἐκείνων,
1534 843 1536 846 .
1577 800 1579 802 ’

419 852 552 905 βλέπει
572 852 641 894 τὸν
656 851 814 906 μόχθον
830 853 898 895 τὸν
914 853 1065 910 βαρύν,
1101 858 1278 913 οἷκτείρει
1287 889 1300 908 ,
1336 860 1588 913 δυσωπεῖται,

420 921 486 960 καὶ
507 919 647 973 πέμπει
668 919 823 971 τούτοις
841 923 1026 976 ΗΙωῦσῆν
1046 922 1113 964 τὸν
1134 925 1279 979 μέγαν,
1312 925 1380 967 τὸν
1398 924 1586 978 θεόπτην,

416 991 495 1028 τῶν
517 987 697 1043 ἀναγκῶν
718 987 946 1045 ῥυσόμενον,
975 992 1216 1047 κουφίσοντα
1232 992 1326 1042 τοὺς
1346 992 1504 1045 πόνους,

289 1057 396 1097 1020
419 1056 484 1096 καὶ
504 1059 575 1108 τῆς
596 1060 740 1112 πικρᾶς
760 1055 948 1106 ἐξάξοντα
965 1060 1029 1099 καὶ
1049 1064 1244 1114 στυγητῆς
1263 1059 1486 1115 Αἰγύπτου.

420 1121 569 1164 κάτεισι
590 1124 720 1164 τοίνυν
741 1127 945 1178 Μωῦσῆς,
980 1130 1038 1182 τῷ
1058 1127 1213 1183 Φαραώ
1234 1126 1373 1182 μηνύει

418 1190 463 1232 ’τὸ
484 1191 694 1238 κελευσθὲν
715 1190 792 1233 ὑπὸ
815 1196 936 1244 θεοῦ,
972 1195 1038 1234 καὶ
1059 1194 1151 1244 τοὺς
1169 1195 1416 1251 Ἰσραηλίτας
1440 1244 1443 1245 ⁷

417 1259 582 1311 πέμπειν
604 1259 754 1300 ἐκεῖθεν
773 1267 961 1316 παραινεῖ
976 1262 1041 1302 καὶ
1064 1262 1121 1316 μὴ
1143 1263 1318 1316 κατέχειν
1337 1252 1423 1306 ἔτι-

233 1324 264 1359 D
417 1326 463 1374 οὗ
488 1327 725 1367 δυσωπεῖται
750 1327 906 1383 Φαραώ
924 1335 1007 1378 τοῖς
1027 1327 1157 1383 λόγοις
1176 1334 1248 1371 τοῦ
1265 1329 1489 1387 προφήτου,

283 1392 389 1435 1025
415 1393 460 1435 οὗ
483 1395 608 1452 δειλιᾷ
628 1393 700 1442 τὰς
720 1398 792 1435 τοῦ
812 1399 913 1436 θεοῦ
933 1395 1260 1449 παντοδυνάμους
1277 1404 1432 1453 χεῖρας,

415 1459 606 1509 πολλάκις
625 1461 665 1501 δ’
687 1459 956 1514 ὑποσχόμενος
976 1461 1166 1516 ψεύδεται
1186 1463 1444 1517 τοσαυτάκις,

415 1530 480 1570 καὶ
497 1529 642 1582 γίνεται
663 1526 885 1585 πολύχροος
907 1531 1082 1579 ποικίλος
1098 1532 1341 1584 χαμαιλέων.

413 1597 594 1637 ἐντεῦθεν
612 1593 830 1649 ἐκβιάζεται
850 1595 1059 1653 προφήτης
1080 1595 1100 1638 ὃ
1122 1596 1310 1653 θεόπτης,

414 1662 517 1704 οὕτω
535 1667 635 1704 θεοῦ
656 1662 929 1714 κελεύσαντος,
957 1665 1164 1720 ἐπαγαγεῖν
1181 1665 1374 1716 κολάσεις.

282 1734 390 1774 1030
415 1729 435 1772 ὃ
456 1733 479 1771 δ
485 1731 496 1745 ²
521 1729 733 1784 ἔχιδνώδης
756 1729 932 1787 Φαραώ,
966 1731 1011 1773 τὸ
1033 1736 1103 1786 τῆς
1122 1735 1262 1783 κακίας
1284 1735 1462 1790 θρέμμα,

412 1802 492 1840 τῶν
513 1798 586 1851 μὲν
605 1798 807 1853 μαστίγων
831 1799 1040 1855 αὐστηρῶς
1061 1800 1170 1858 αὐτῷ
1193 1803 1498 1857 προσαγομένων

411 1866 658 1908 ἐταπεινοῦτο
670 1897 683 1916 ,
718 1867 784 1906 καὶ
805 1868 966 1920 Μωσῆν
986 1867 1149 1910 ἱκέτευεν
1165 1867 1352 1922 ἐκθύμως
1480 1867 1485 1871 ’

411 1938 546 1975 νεῦσαι
566 1933 667 1988 πρὸς
684 1931 796 1975 λύσιν
816 1938 886 1975 τοῦ
906 1936 1036 1976 δεινοῦ
1054 1937 1120 1976 καὶ
1140 1941 1213 1977 τοῦ
1231 1941 1310 1979 τῶν
1328 1935 1458 1979 πόνων
1476 1934 1642 1992 βάρους,

411 2002 614 2043 ἐποτνιᾶτο
623 2032 637 2052 ,
671 2002 737 2042 καὶ
757 2001 855 2044 θεὸν
872 2006 1096 2057 κλαυθμοῖς
1116 2005 1322 2055 ἕξιλεοῦτο,

277 2164 345 2196 reS,
367 2163 451 2196 opus
470 2152 664 2195 faciebant,
685 2154 789 2187 urbes
811 2155 1045 2189 exstruebant.
1092 2156 1266 2190 habebant
1289 2160 1324 2190 et
1340 2167 1463 2190 saevos
1486 2166 1625 2200 operum
1644 2167 1706 2190 ex-

277 2203 430 2240 actores,
462 2198 520 2241 qui
537 2200 729 2241 gravabant
744 2199 968 2233 intendebant
987 2202 1158 2244 augebant
1180 2202 1399 2235 afflictiones.
1429 2206 1486 2243 ,ut
1505 2201 1708 2244 simpliciter

277 2244 409 2286 dicam,
442 2243 588 2276 hostium
613 2244 688 2276 loco
714 2244 856 2278 miseros
886 2245 1071 2279 habebant.
1136 2251 1346 2291 quapropter
1362 2246 1651 2280 aerumnosissimi
1670 2251 1707 2280 et

274 2288 429 2331 infelices
445 2288 599 2321 Hebraei
617 2288 867 2322 miserabilibus
887 2291 986 2324 deum
1006 2290 1122 2324 vivum
1140 2293 1282 2326 vocibus
1300 2291 1538 2336 implorabant,
1561 2301 1705 2335 eumque

274 2335 444 2377 rogabant
465 2338 502 2365 ut
520 2334 562 2366 ab
582 2333 634 2366 his
658 2334 920 2368 necessitatibus
947 2347 1006 2369 eos
1025 2336 1200 2371 liberaret.
1247 2337 1399 2370 flectitur
1420 2348 1502 2380 ergo
1519 2336 1704 2380 gemitibus

272 2379 424 2423 ipsorum
442 2379 538 2412 deus.
586 2378 711 2422 aspicit
726 2378 876 2412 laborem
893 2392 1044 2424 gravem,
1068 2382 1260 2425 miseretur,
1287 2382 1448 2425 afficitur,
1469 2382 1601 2415 Mosem
1624 2380 1703 2414 mit-

273 2425 319 2458 tit
336 2424 398 2466 eis,
420 2423 530 2457 virum
548 2434 714 2466 magnum,
737 2424 793 2457 dei
811 2431 1051 2469 spectatorem,
1078 2427 1136 2470 qui
1155 2428 1198 2461 de
1216 2427 1479 2461 necessitatibus
1498 2438 1557 2460 eos
1575 2426 1703 2459 libera-

273 2474 339 2511 ret,
361 2468 536 2502 laboribus
555 2468 687 2501 levaret
699 2495 707 2511 ,
732 2481 774 2508 ex
795 2471 920 2503 acerba
939 2476 974 2504 et
995 2471 1088 2504 tristi
1107 2473 1267 2516 Aegypto
1286 2473 1460 2506 educeret.
1505 2473 1622 2516 itaque
1641 2472 1703 2504 de-

272 2514 406 2549 scendit
414 2514 542 2556 Moses,
563 2514 693 2547 indicat
702 2514 873 2547 Pharaoni
891 2514 983 2558 quod
1000 2516 1200 2560 imperatum
1219 2523 1312 2551 esset
1328 2529 1348 2550 a
1365 2518 1442 2560 deo,
1462 2520 1569 2562 utque
1587 2516 1703 2550 dimit-

271 2565 363 2604 teret
379 2558 554 2592 Israelitas
573 2571 636 2592 nec
655 2558 796 2603 amplius
814 2559 987 2594 detineret
1005 2561 1171 2596 hortatur.
1219 2562 1304 2595 nihil
1323 2574 1479 2596 sermone
1499 2562 1590 2596 vatis
1609 2561 1703 2594 Pha-

268 2615 330 2639 rao
350 2609 597 2647 commovetur,
627 2616 694 2637 non
722 2604 779 2638 dei
800 2616 917 2638 manus
945 2605 1186 2650 omnipotentis
1214 2607 1396 2640 formidat:
1430 2608 1491 2642 sed
1510 2606 1645 2652 quoties
1665 2606 1703 2641 id

268 2649 501 2695 promisisset,
536 2649 640 2682 toties
669 2650 772 2683 fidem
798 2649 897 2684 fallit.
942 2650 1022 2684 inde
1054 2652 1180 2686 factum
1200 2657 1239 2686 ut
1259 2653 1316 2686 dei
1335 2657 1511 2696 spectator
1536 2657 1639 2690 vates,
1657 2652 1702 2686 de

268 2696 426 2730 mandato
452 2694 569 2728 divino
596 2706 724 2738 poenas
749 2695 903 2738 irrogare
924 2700 1117 2739 cogeretur.
1163 2709 1282 2731 verum
1298 2697 1459 2742 vipereus
1476 2697 1534 2732 ille
1551 2697 1702 2740 Pharao,

269 2740 419 2775 alumnus
437 2739 678 2784 improbitatis,
699 2751 773 2774 cum
791 2742 916 2773 acerba
932 2740 1066 2784 flagella
1083 2742 1151 2786 ipsi
1170 2743 1450 2786 admovebantur,
1473 2744 1607 2777 abiecto
1626 2747 1701 2776 erat

270 2786 381 2819 animo
394 2812 404 2829 ‚
434 2790 471 2819 et
494 2785 626 2819 Mosem
651 2785 852 2829 suppliciter
874 2787 996 2820 orabat
1018 2791 1056 2820 ut
1077 2789 1121 2821 ad
1139 2787 1340 2822 calamitatis
1362 2788 1585 2833 graviumque
1603 2787 1699 2822 dolo-

270 2841 343 2864 rum
370 2831 575 2867 levationem
599 2836 786 2867 annueret:
819 2832 1025 2867 obsecrabat
1045 2832 1147 2868 etiam
1167 2835 1266 2868 deum
1283 2833 1510 2880 lamentisque
1530 2833 1700 2879 placabat,
