1858 3236
247 1116 280 1152 D

283 254 286 256 ’
304 241 398 287 100
686 236 1060 284 CONSTANTINI
1103 239 1365 284 MANASSIS

434 358 506 410 τῆς
527 353 729 408 εὐσεβείας
753 352 799 396 τὸ
822 353 948 410 φυτὸν
967 352 1188 412 ἇρτίφυτον
1206 351 1389 411 ὖπάρχον

435 423 703 479 ἐφιλονείκουν
724 423 766 464 ἐκ
786 421 902 480 ῥιζῶν
922 420 1148 479 πρεμνόθεν
1167 421 1399 465 ἀνασπάσαι

436 489 491 541 ὥς
511 489 660 532 κλάδον
679 489 976 545 νεομόσχευτον,
1012 488 1067 541 ὥς
1086 489 1242 532 ἁπαλὸν
1262 491 1453 547 δενδρίον.

435 559 618 601 ἐντεῦθεν
639 559 829 618 στρέβλαι
852 560 919 601 καὶ
943 557 1072 613 δεσμά
1079 590 1093 611 ,
1127 556 1355 608 κατάθυσις
1375 553 1617 616 ἀνθρώπων,

298 627 408 670 2295
433 628 499 668 καὶ
524 626 669 684 σάρκες
690 627 938 682 μελιζόμεναι
952 625 1146 683 ,καθάπερ
1167 628 1208 668 ἓν
1229 627 1428 684 μακέλλῳ.

436 695 540 737 ἀλλὰ
559 693 925 750 θυμομαχήσαντες
943 693 1134 750 ἀλόγιστοι
1157 694 1257 751 πρὸς
1276 698 1409 746 τοῦτο,

434 765 501 806 καὶ
523 762 656 818 μάτην
675 761 969 817 ὖλακτήσαντες
994 761 1049 813 ὥς
1067 762 1180 812 κύνες
1196 766 1456 819 λυσσητῆρες,

433 831 561 885 ὄνομα
583 833 626 874 δὲ
642 832 687 874 τὸ
708 836 779 874 τοῦ
797 834 984 887 Χριστοῦ
1004 831 1144 885 σβέσαι
1161 831 1219 885 μὴ
1243 832 1501 885 δυνηθέντες,

431 901 619 953 μανέντες
641 900 678 941 οἳ
700 898 930 957 τρισάθλιοι
950 899 1131 957 ῥιπτοῦσι
1151 899 1224 952 μὲν
1244 898 1289 940 τὸ
1309 899 1477 955 στέφος,

296 971 408 1011 2300
435 969 490 1018 εἷς
512 967 635 1023 τύχην
658 969 702 1009 δὲ
724 966 966 1024 κατάγουσιν
987 966 1134 1018 αὖτοὺς
1154 958 1454 1024 ταπεινοτέραν(

433 1038 497 1079 καὶ
520 1035 657 1090 κήπων
678 1037 910 1090 ἐπιμεληταὶ
932 1038 997 1077 καὶ
1020 1026 1213 1093 ᾳυτῖυταὶ
1236 1036 1428 1092 δενδρέων

437 1107 503 1146 καὶ
524 1103 779 1161 φυτοσκάφοι
800 1106 996 1160 γίνονται,
1037 1106 1104 1146 καὶ
1124 1107 1484 1157 λαχανοκομοῦσιν.

432 1172 713 1226 ἀναλαβέσθαι
732 1171 852 1214 πάλιν
873 1174 916 1214 δὲ
933 1170 1179 1226 θελήσαντες
1199 1172 1244 1214 τὸ
1267 1170 1414 1228 κράτος

431 1243 498 1282 καὶ
520 1245 593 1282 τοῦ
615 1245 768 1283 σκοποῦ
789 1239 1011 1296 διήμαρτον
1032 1242 1100 1281 καὶ
1121 1244 1193 1282 τοῦ
1212 1241 1486 1293 καταθυμίου,

296 1308 406 1350 2305
432 1311 500 1351 καὶ
518 1309 591 1358 τὰς
612 1308 752 1362 ψυχὰς
775 1308 1005 1365 ἀπέρρηξαν
1023 1307 1221 1357 θανάτοις
1240 1306 1500 1364 βαρυτάτοις,

429 1381 502 1431 τῆς
517 1378 728 1430 βασιλείας
749 1375 941 1432 ἄρξαντες
962 1375 1086 1418 εἰκοσι
1110 1374 1182 1417 δύο
1205 1375 1287 1430 ἔτη.

498 1439 622 1486 Οὗτοι
643 1443 896 1498 λαμβάνουσι
917 1443 1128 1500 γαμβροὺς
1152 1441 1286 1486 αὗτῶν
1305 1449 1396 1493 ταῖς
1418 1439 1686 1499 θυγατράσιν,

430 1510 769 1569 ἀναγορεύσαντες
789 1512 937 1562 αὐτοὺς
958 1513 1175 1568 Καίσαρας
1196 1508 1263 1554 οἷα
1286 1512 1417 1564 τέκνα,

431 1579 452 1622 ὅ
470 1585 628 1637 πρῶτος
647 1581 720 1634 μὲν
742 1582 781 1621 Γ
779 1581 961 1636 αλλέριον
981 1581 1043 1621 ἐπὶ
1063 1584 1114 1636 τῇ
1135 1581 1329 1639 Βαλερίᾳ,

294 1652 406 1692 2310
429 1649 694 1703 ΖΙῚαξιμιανός
715 1649 758 1690 δὲ
775 1647 1026 1690 Κώνσταντα
1047 1648 1117 1690 τὸν
1138 1653 1208 1690 τοῦ
1228 1647 1438 1689 Κλαυδίου
1460 1647 1587 1688 παῖδα

425 1722 500 1759 τοῦ
523 1716 600 1772 πρὸ
622 1720 771 1772 μικροῦ
787 1716 831 1757 τὸ
853 1720 924 1769 τῆς
943 1716 1071 1772 ἀρχῆς
1094 1715 1363 1769 ἅνεζωσμένου
1392 1713 1552 1773 κράτος.

430 1783 508 1838 εἶχε
533 1785 573 1826 δ’
599 1782 620 1826 ὅ
641 1783 841 1833 Istam-mg
861 1784 1037 1839 γαμετὴν
1051 1782 1211 1838 Ἑλένην
1228 1784 1301 1839 τὴν
1323 1784 1478 1836 ὀλβίαν,

431 1854 472 1903 ἐξ
494 1847 542 1908 ἧς
564 1850 584 1894 ὃ
607 1854 733 1908 μέγας
757 1852 919 1907 νικητὴς
943 1856 1124 1909 προῆλθε
1147 1854 1479 1902 Κωνσταντΐνος·

385 1993 478 2028 2292
494 1991 711 2038 πρυμνόθεν
731 1992 835 2027 AMR
970 1992 1063 2028 2300
1080 1991 1304 2037 κατάγοντες
1324 1991 1364 2027 Μ
1477 2002 1514 2026 v.
1538 1988 1630 2027 2306
1649 2001 1703 2026 om
1724 1990 1757 2024 R

385 2038 544 2083 χρόνους
563 2039 677 2074 εἴκοσι
699 2037 769 2074 δύο
792 2038 862 2074 ΑΜ

297 2163 453 2208 quemvis
472 2163 711 2207 gravissimum
730 2163 895 2209 spirando
915 2166 1119 2209 superantes
1137 2161 1324 2208 plantulam
1342 2161 1483 2207 pietatis
1503 2160 1616 2195 adhuc
1632 2171 1756 2194 recen-

296 2214 367 2242 tem
390 2210 557 2244 radicitus
579 2210 731 2245 evellere
755 2209 921 2254 singulari
953 2210 1069 2243 studio
1092 2210 1324 2253 conabantur,
1358 2207 1467 2241 veluti
1493 2218 1623 2240 ramum
1646 2216 1756 2251 quen-

297 2255 463 2289 dam.non
484 2256 533 2289 ita
554 2255 687 2300 pridem
710 2255 879 2290 insertum
901 2255 1106 2290 arboremve
1129 2254 1302 2289 tenellam.
1371 2253 1453 2287 hinc
1476 2257 1648 2286 tormenta
1677 2252 1757 2286 vin-

299 2300 376 2334 cula
398 2301 623 2336 mactationes
648 2301 839 2335 hominum:
875 2301 956 2334 hinc
976 2313 1096 2335 carnes
1118 2300 1331 2334 membratim
1353 2299 1652 2343 discerpebantur‚
1677 2301 1757 2331 tan-

298 2356 400 2390 quam
423 2346 459 2380 in
483 2346 624 2382 macello
647 2348 726 2380 fieri
749 2347 945 2381 cousuevit.
993 2347 1169 2380 enimvero
1195 2351 1420 2391 posteaquam
1454 2357 1497 2378 ex
1520 2344 1623 2378 animi
1645 2343 1758 2378 lubitu

298 2392 385 2425 satis
408 2393 472 2426 hac
497 2394 533 2426 in
556 2396 655 2437 parte
678 2395 781 2426 bruto
804 2393 934 2438 impetu
954 2392 1214 2434 decertassent,
1239 2393 1436 2435 frustraque
1460 2395 1584 2424 cuncta
1605 2390 1757 2423 furioso-

297 2447 374 2471 rum
396 2437 433 2471 in
457 2450 585 2472 morem
606 2439 812 2482 latrassent‚
845 2450 910 2472 nec
939 2443 1053 2471 tamen
1082 2435 1215 2471 Christi
1236 2447 1361 2470 nomen
1384 2435 1524 2470 abolere
1548 2436 1756 2480 potuissent,

297 2484 342 2517 ad
363 2483 530 2517 insaniam
559 2485 693 2518 redacti
716 2484 899 2518 miserrimi
918 2483 1072 2517 homines
1091 2483 1228 2517 abiecta
1247 2493 1374 2516 corona
1392 2486 1502 2515 semet
1520 2482 1563 2515 ad
1583 2482 1756 2515 fortunam

299 2533 335 2562 et
356 2529 592 2564 condicionem
612 2529 825 2564 humiliorem
843 2529 1038 2572 demittunt,
1058 2529 1215 2573 adeoque
1239 2533 1417 2562 curatores
1438 2527 1626 2572 hortorum,
1650 2528 1755 2561 arbo-

297 2585 374 2608 rum
404 2574 639 2620 plantatoreS‚
677 2577 830 2609 fossores
864 2575 1023 2620 stirpium
1056 2574 1254 2619 olerumque
1279 2573 1469 2607 nutritores
1492 2573 1593 2607 fiunt.
1641 2579 1678 2607 at
1695 2572 1755 2606 ubi

295 2631 507 2666 recuperare
532 2619 662 2656 vellent
692 2621 890 2667 imperium,
927 2619 1133 2665 gravissimo
1167 2619 1323 2654 caedium
1345 2630 1474 2664 genere
1499 2619 1606 2652 vitam
1629 2618 1755 2652 amise-

296 2671 407 2702 runt.·

393 2713 553 2747 Generos
577 2713 645 2747 sibi
670 2714 895 2758 delegerant,
927 2711 1052 2757 quibus
1081 2710 1174 2746 filiae
1206 2711 1395 2753 nuberent,
1431 2721 1561 2755 eosque
1592 2712 1756 2753 tanquam

300 2761 400 2793 natos
421 2770 465 2792 ex
483 2770 522 2793 se
542 2758 633 2793 filios
655 2759 824 2794 Caesares
845 2757 1090 2803 designatam,
1114 2757 1245 2803 primus
1266 2756 1405 2801 quidem
1428 2755 1627 2799 Galerium,
1649 2754 1756 2788 Vale—

298 2805 374 2838 riae
391 2803 676 2849 filiaemaritum,
698 2805 787 2839 alter
804 2816 901 2848 vero,
924 2804 1083 2838 nimirum
1100 2802 1343 2845 Maximianus,
1369 2802 1594 2835 Constantem
1619 2799 1758 2834 Claudii

297 2849 418 2894 filium,
441 2849 502 2894 qui
521 2862 589 2884 non
608 2850 659 2884 ita
680 2851 814 2895 pridem
836 2851 1082 2896 imperaverat.
1129 2849 1282 2883 habebat
1302 2848 1371 2882 iam
1393 2852 1465 2881 tum
1486 2848 1659 2882 Constans
1681 2846 1757 2879 He—

296 2895 407 2931 lenam
436 2907 598 2942 uxorem,
643 2897 806 2932 feminam
830 2896 1064 2933 beatissimam
1079 2922 1089 2939 ,
1122 2907 1143 2930 e
1169 2905 1237 2940 qua
1262 2905 1406 2939 magnus
1435 2892 1497 2929 ille
1527 2891 1760 2938 triumphator
