1924 3242
406 164 502 211 202
926 161 985 206 IN
1019 161 1313 232 GEORGIUM

404 273 507 310 claro
525 272 595 310 illo
616 278 654 308 et
673 283 774 321 pene
795 269 1008 309 invidendo
1030 271 1178 322 elogio,
1207 270 1312 324 quod
1339 271 1448 322 operi
1465 270 1732 334 praefiximus..
1764 278 1831 310 mt

402 335 556 365 taceam
586 327 746 364 titulum
775 325 1020 377 logothetae,
1047 339 1147 379 quae
1174 340 1327 365 summa
1348 327 1422 364 fuit
1444 327 1548 380 apud
1567 323 1734 366 Graecos
1752 327 1832 364 im·-

402 391 598 434 peratores
627 381 820 433 dignitas3
859 382 908 420 de
941 395 1018 435 qua
1044 396 1141 423 mox
1167 384 1270 421 infra
1294 382 1487 436 quaedam
1515 382 1654 423 dicturi
1681 392 1831 421 sumum

401 442 561 477 DoUSA.

511 495 593 531 Tit.
613 494 963 545 ΛΟΓΟΘΕΤΟΤ]
994 493 1231 545 Logothetes
1269 495 1436 533 auctoris
1460 506 1605 532 nomen
1628 471 1830 546 proprium

401 550 523 601 possit
543 548 681 587 videri.
737 548 808 586 sed
827 556 885 586 est
907 551 1024 588 officii
1044 551 1212 587 Palatini
1234 563 1399 599 nomen3
1428 550 1532 588 unde
1554 549 1662 588 haud
1681 551 1760 588 scio
1781 563 1830 586 an

401 619 547 643 nomen
573 606 794 656 proprium,
825 607 1003 657 quamvis
1030 613 1216 657 pereunte
1241 606 1391 655 officio,
1419 607 1462 644 in
1479 607 1631 643 familia
1646 618 1832 663 permau-
1866 650 1871 655 .

403 664 509 699 serit.
567 674 667 712 quae
696 668 827 698 autem
845 662 990 699 fuerint
1009 661 1251 712 Logothetae
1270 669 1398 714 partes
1419 661 1525 713 apud
1542 659 1838 722 ἱιιιΡειίιὼιειιιζ.
1855 691 1861 695 .

403 731 456 754 ex
478 718 706 768 Curopalate
728 730 797 754 seu
816 719 981 768 Georgio
1005 718 1152 755 Codino
1171 725 1280 768 petas
1295 718 1450 766 licebit,
1480 719 1588 756 cuius
1615 722 1722 755 extat
1750 709 1833 754 ele-

404 775 657 824 gantissimus
690 779 728 809 et
756 776 1066 812 accuratissimus
1083 774 1132 811 de
1153 775 1291 811 officiis
1310 775 1452 811 Palatii
1473 774 1666 825 Cpolitani
1687 778 1726 810 et
1746 785 1834 810 ma-

404 842 504 880 gnae
544 830 728 866 ecclesiae
766 830 936 867 libellus.
993 829 1084 867 vide
1122 837 1160 867 et
1197 828 1382 868 Iohannis
1406 831 1567 867 Meursii
1594 829 1836 867 Glossarium

405 885 783 934 Graecobarbarmn,
814 899 865 923 ex
893 899 970 938 quo
992 884 1116 923 disces
1138 887 1255 924 variis
1278 886 1397 923 fuisse
1419 885 1669 936 dignitatibus
1690 880 1837 922 nomen

406 939 482 978 hoo
512 942 745 992 appositum.
804 948 885 978 erat
910 956 930 978 e
958 943 1146 979 Palatinis
1176 941 1244 993 (ut
1266 942 1544 979 ecclesiasticos
1565 930 1832 992 praeteream)

406 996 427 1037 ὅ
447 996 659 1049 λογοθέτης
677 1000 749 1036 τοῦ
765 1000 937 1049 γενικοῦ,
967 997 1010 1034 id
1029 1005 1087 1035 est
1107 998 1258 1034 aeraiii.
1316 1004 1397 1034 erat
1415 1004 1454 1034 et
1472 1013 1493 1037 ο
1512 999 1591 1036 τῶν
1610 996 1834 1044 οἰκειακοῖν,

407 1055 505 1104 qui
494 1053 588 1090 alias
609 1049 827 1105 κουράτωρ.
885 1061 994 1090 erant
1015 1060 1213 1104 praeterea
1232 1051 1255 1093 ὁ
1273 1055 1347 1092 τοῦ
1366 1050 1528 1105 δρόμου,
1556 1054 1629 1092 τοῦ
1649 1064 1835 1102 στρατιω-

403 1111 537 1156 τικοῦ,
566 1124 647 1147 των
671 1106 844 1160 ἄγελων,
873 1124 952 1148 των
979 1108 1189 1162 σεκοέτων,
1220 1110 1287 1162 qui
1308 1116 1526 1159 postremus
1548 1110 1704 1145 Nicetae
1727 1105 1833 1144 eho-

404 1166 533 1202 niatae
564 1165 606 1200 in
635 1165 817 1201 Manuele
853 1166 1052 1202 Comneno
1075 1166 1144 1201 lib.
1172 1167 1197 1205 7
1231 1165 1351 1201 etiam
1375 1159 1650 1217 καγκελλαριος
1680 1161 1834 1201 dicitur.

406 1221 508 1256 inter
528 1233 662 1256 omnes
682 1227 812 1257 autem
828 1221 1047 1257 excellebat
1066 1219 1089 1260 ὁ
1110 1218 1227 1271 μέγας
1250 1219 1483 1271 λογοθέτης,
1517 1220 1678 1270 eiusque
1691 1231 1837 1256 munus

405 1277 505 1312 circa
535 1275 721 1312 mandata
746 1276 952 1327 bullasque
972 1277 1216 1326 imperatoris
1236 1281 1274 1311 et
1290 1276 1367 1311 alia
1397 1274 1525 1326 (quae
1545 1274 1693 1311 functio
1712 1286 1836 1339 quae-

405 1332 518 1368 storis
543 1329 627 1380 est)
658 1332 852 1381 occupari.
911 1343 1011 1382 quae
1039 1344 1128 1368 cum
1151 1331 1304 1380 singula
1324 1329 1621 1381 diligentissime
1644 1330 1691 1366 ab
1711 1329 1836 1366 amico

402 1387 471 1423 illo
494 1393 624 1423 nostro
643 1387 975 1436 praestantissimo
1000 1388 1193 1437 explicata
1216 1388 1293 1424 sint
1315 1393 1353 1423 et
1369 1393 1523 1434 notata,
1553 1398 1838 1437 supervacuum

402 1455 487 1479 esse
514 1440 611 1478 duxi
630 1455 676 1479 ea
693 1441 758 1479 hic
778 1449 952 1493 repetere
965 1471 975 1490 ‚
1008 1456 1097 1480 cum
1117 1442 1167 1479 ad
1188 1444 1407 1480 satietatem
1423 1443 1534 1479 illinc
1552 1440 1707 1478 haurire
1725 1443 1838 1493 quis-

402 1511 478 1550 que
506 1498 642 1548 possit.
700 1498 896 1550 quaedam
921 1500 1040 1536 etiam
1069 1497 1177 1536 haud
1199 1500 1360 1549 protrita
1379 1497 1642 1549 suppeditabit
1659 1509 1836 1535 summus

402 1554 686 1591 iureconsultus
717 1556 794 1591 Iac
828 1555 1008 1592 Cuiacius
1038 1553 1089 1591 ad
1114 1555 1184 1591 lib.
1209 1556 1261 1595 10
1282 1553 1424 1591 codicis
1443 1554 1672 1591 Iustinianei
1689 1554 1750 1590 tit.
1770 1554 1837 1599 30,

402 1611 472 1662 qui
503 1616 561 1646 est
589 1609 637 1646 de
666 1610 965 1655 discussoribus,
993 1609 1035 1647 id
1061 1618 1139 1658 est,
1168 1613 1200 1647 I.
1225 1611 1268 1647 C.
1287 1611 1519 1661 interprete,
1549 1608 1768 1660 logothetis:
1799 1614 1838 1645 et

401 1666 636 1703 discussores
666 1667 720 1703 ait
751 1679 835 1704 esse
865 1667 988 1704 veluti
1027 1667 1201 1717 cognitor
1201 1679 1239 1702 es
1271 1673 1306 1702 et
1337 1666 1610 1715 disceptatores
1640 1665 1839 1701 rationum.

389 1721 600 1771 fiscalium
623 1720 674 1759 ab
704 1721 797 1758 aliis
828 1729 1087 1762 tractatarum
1114 1722 1178 1758 vel
1205 1722 1321 1759 eliam
1345 1723 1544 1758 rationum
1564 1719 1834 1771 publicarum.

382 1777 569 1822 ‚Novella
592 1778 857 1816 Valentiniani
885 1777 934 1815 de
963 1776 1120 1828 Indulg.
1147 1778 1259 1829 reliq.
1289 1778 1408 1814 refert
1437 1777 1670 1814 discussores
1688 1777 1731 1812 in
1739 1788 1839 1826 pro-

404 1831 556 1871 vinciae
576 1831 809 1884 pleramque
827 1834 1031 1884 prefici-sci
1049 1833 1258 1871 ambitione
1284 1840 1321 1870 et
1346 1832 1538 1884 suffragio
1557 1833 1692 1883 potius
1717 1844 1839 1882 quam

404 1890 538 1930 merito
572 1888 638 1925 vel
664 1889 843 1926 electione
867 1897 989 1935 certa,
1019 1897 1054 1926 et
1077 1891 1268 1941 ingressos
1290 1890 1423 1926 statim
1441 1895 1610 1940 expetere
1625 1886 1840 1926 cohortales

403 1952 522 1995 alque
541 1945 658 1981 etlam
672 1945 879 1985 scholares.
941 1944 1104 1983 exhibet
1128 1944 1277 1983 ibidem
1296 1946 1358 1983 vir
1375 1958 1551 1983 summus
1568 1943 1638 1981 lib.
1654 1942 1681 1984 4
1701 1956 1753 1980 ex
1766 1943 1839 1980 lib.

405 2000 460 2050 5¹6
482 2001 700 2049 Basilicou,
736 2013 835 2052 quae
855 2002 1054 2039 exulabat.
1112 2003 1222 2039 cuius
1243 2003 1370 2052 capita
1388 2003 1596 2052 praecipua
1613 1997 1710 2038 haec
1725 2005 1837 2036 sunt:

407 2070 486 2093 non
510 2057 614 2093 mitti
637 2057 680 2093 in
703 2059 933 2107 provincias
966 2057 1223 2095 discussorem
1253 2059 1337 2095 sine
1369 2058 1600 2095 auctoritate
1624 2055 1839 2105 principis,-

405 2112 590 2152 discussis
619 2113 814 2162 apocham
839 2127 996 2151 sac-ram
1025 2114 1090 2152 vel
1114 2128 1141 2151 α
1155 2114 1380 2153 'discas-sore
1400 2113 1507 2160 dan}
1534 2117 1713 2162 sumptus
1732 2110 1839 2147 sola-

405 2169 539 2217 tiaqne
559 2167 812 2206 discussorem
831 2171 912 2206 sive
930 2170 1145 2236 logotheten
1164 2168 1306 2206 habere
1319 2183 1364 2206 ex
1372 2168 1553 2219 publico,
1581 2166 1685 2204 nihil
1702 2178 1840 2216 capere

405 2235 433 2261 a
458 2223 724 2261 collatoribus.
786 2224 1011 2263 discussor
1000 2240 1042 2263 ιιι
1065 2227 1228 2263 Novella
1247 2225 1510 2264 Valentiniani
1529 2224 1562 2263 ἓ.
1583 2221 1623 2260 d.
1646 2224 1840 2272 inspector

405 2285 581 2316 vocatur.
637 2278 710 2316 sed
725 2280 968 2349 frequentius
987 2280 1201 2334 λογοθέτης
1218 2279 1369 2319 dicitur.
1425 2279 1636 2330 Procopius
1654 2278 1724 2316 lib.
1742 2281 1769 2319 2
1789 2276 1839 2314 de

405 2333 511 2372 bello
542 2332 728 2374 Gothico:
758 2330 811 2386 ἦν
840 2335 883 2375 δὲ
905 2333 1154 2389 Ἀλέξανδρός
1173 2351 1231 2384 τις
1254 2336 1297 2376 ἐν
1316 2336 1514 2404 Βυζαντίῳ
1534 2339 1617 2383 τοῖς
1635 2334 1841 2400 δημοσίοις

405 2387 578 2439 ἐφεστώς
607 2392 827 2442 λογισμοῖς·
857 2391 1074 2443 λογοθέτην
1099 2392 1359 2443 ἑλληνίζοντες
1373 2406 1447 2442 την
1465 2388 1584 2443 τιμὴν
1601 2386 1748 2440 ταύτην
1766 2404 1841 2428 κα-

404 2448 518 2485 λοῦσι
548 2444 739 2496 Ῥωμαῖοι.
795 2447 837 2483 iu
880 2449 1042 2485 vetustIs
1079 2449 1276 2498 glossariis
1311 2447 1506 2484 discussor
1536 2447 1634 2484 alias
1665 2443 1840 2483 redditur

402 2499 580 2553 πράκτωρ
606 2514 860 2552 στρατιωτης,
891 2503 987 2540 alias
1013 2503 1237 2555 λογοθέτης.
1294 2515 1371 2554 quo
1391 2509 1523 2540 autem
1540 2514 1702 2540 munere
1722 2513 1775 2537 ex
1789 2501 1839 2537 iis

403 2558 586 2596 omnibus
615 2564 748 2594 noster
774 2559 963 2608 Georgius
991 2559 1146 2596 functus
1173 2561 1243 2607 sit,
1273 2557 1381 2596 haud
1409 2561 1504 2597 satis
1529 2556 1629 2595 mihi
1651 2555 1840 2595 hactenus

408 2620 651 2663 compertum
671 2621 742 2651 est.
799 2626 918 2665 quare
936 2613 1066 2653 illud
1055 2627 1097 2651 ιιι
1115 2614 1291 2651 medium
1311 2615 1504 2666 relinquo,
1534 2613 1686 2651 erudito
1704 2608 1841 2650 lectori

409 2668 738 2719 investigandum.
797 2669 1085 2710 discutiendum
1108 2669 1247 2707 itidem
1272 2668 1507 2708 doctioribus
1530 2669 1710 2720 relinquo
1735 2665 1841 2705 unde

410 2724 657 2775 Acropolites
697 2725 859 2763 dicatur.
916 2725 1127 2777 Acropolcs
1159 2726 1307 2778 Libyae
1340 2727 1433 2765 urbs
1467 2733 1506 2764 et
1532 2725 1707 2763 Aetoliae
1735 2721 1842 2773 apud

410 2781 655 2833 Stephanum
683 2781 1230 2834 Ethuographum.1heriae
1257 2783 1452 2821 Asiaticae
1471 2782 1590 2821 etiam
1611 2780 1703 2819 urbs
1722 2777 1840 2816 Dioni
