1872 3236
286 158 378 208 184
663 158 1039 207 CONSTANTINI
1078 163 1342 209 MANASSIS

413 276 481 317 καὶ
499 273 615 328 χύσει
637 275 913 330 πελαγίζοντας
934 276 1198 319 παντοδαπῶν
1213 277 1390 332 χαρίτων

279 340 387 385 4285
413 342 521 392 ἐντὸς
539 340 697 398 ἀρκύων
717 346 929 397 συλλαβεῖν
947 341 967 385 ὃ
988 345 1177 397 βασιλεὺς
1197 345 1342 399 ἓδίψα,

413 412 480 451 καὶ
500 416 607 463 σχεῖν
627 409 829 461 κάκείνους
849 411 1060 461 κοινωνοὺς
1080 417 1152 466 τῆς
1171 410 1322 466 λύσσης
1341 416 1411 467 τῆς
1433 413 1625 457 δυσθέοι·’.

411 476 466 527 ὥς
489 478 532 520 δὲ
551 475 716 532 κινήσας
731 479 916 534 μηχανὰς
936 477 1095 530 ἁπάσας
1116 478 1375 536 ἀπεκρούσθη

411 545 479 599 (οὗ
503 546 581 602 γὰρ
605 550 746 602 φοβῶν
764 547 835 590 οὐκ
858 547 1030 590 ἀπειλῶν
1052 548 1187 601 ἴσχυσε
1208 545 1375 598 τούτους
1393 555 1539 601 πεῖσαι,

411 614 477 654 καὶ
501 617 559 670 τῷ
573 619 716 672 χρυσῷ
729 613 1004 672 χρησάμενος,
1039 613 1240 671 συμμάχῳ
1264 606 1540 675 δυσμαχήτῳ,

275 679 388 723 4290
411 678 510 735 ἔγνω
532 680 686 724 διώκων
707 683 822 725 ἀετὸν
839 683 864 738 ἢ
882 682 1045 736 βάλλων
1067 687 1122 734 εἷς
1142 683 1347 739 ἀστέρας),

409 747 455 790 τὸ
481 753 704 792 τελευταῖον
726 749 943 806 ἀπογνούς,
976 751 1080 792 ἀλλὰ
1106 751 1180 806 γὰρ
1204 755 1288 800 πῶς
1313 750 1476 804 ἒξεῖπως

408 817 561 871 βουλὴν
581 818 815 871 βουλεύεται
839 818 982 860 σκαιάν
1000 818 1164 860 ἔκτοπον
1181 819 1358 870 ἀνοσίαν,

408 883 457 938 ’ἢν
477 885 571 927 οὐδὲ
594 885 762 941 Σκύθης
785 886 924 942 ἄγριος
934 918 947 937 ,
984 886 1075 927 ἀλλ’
1098 886 1190 928 οὐδὲ
1210 886 1501 942 ΖΙῙασσαγέτης.

407 952 508 1007 ὕλης
529 951 693 1010 σωρεύει
716 955 893 1010 φορυτὸν
913 953 1046 1011 κύκλῳ
1068 956 1156 1011 περὶ
1179 954 1247 997 τὸν
1270 953 1391 1006 οἶκον,

274 1015 383 1061 4295
408 1019 508 1075 ὕλην
529 1020 665 1075 ξηράν,
697 1023 924 1074 εὐέξαπτον,
961 1024 1128 1081 δαδῖτιν,
1165 1029 1414 1079 φρυγανῖτιν,

407 1091 473 1129 καὶ
497 1093 576 1145 πῦρ
602 1088 776 1146 ὗφάπτει
802 1088 985 1147 λιπαρόν,
1021 1092 1086 1132 καὶ
1112 1091 1350 1147 καταφλέγει
1375 1089 1527 1142 πάντας

407 1156 502 1206 τοὺς
526 1156 676 1214 ἄνδρας
696 1162 774 1215 φεῦ
789 1158 883 1207 τοὺς
902 1157 1031 1215 ἱεροὺς
1053 1160 1118 1199 καὶ
1139 1158 1213 1200 σὺν
1235 1159 1369 1207 αὐτοῖς
1388 1160 1460 1209 τὰς
1480 1161 1660 1215 βίβλους.

409 1224 455 1265 αἲ
474 1225 518 1266 αἲ
535 1225 756 1278 μισόκαλος
776 1224 920 1280 ψυχή]
954 1230 1030 1282 φεῦ
1055 1223 1191 1281 γνώμη
1214 1224 1456 1280 θηριώδης]

409 1292 453 1333 ἐκ
477 1297 556 1334 τῶν
574 1291 727 1345 ὀνύχων
745 1291 765 1334 ὃ
787 1294 914 1342 δεινὸς
933 1293 1092 1342 πάντως
1113 1290 1297 1347 ἐγνώσθη
1318 1294 1457 1335 Λέων.

163 1359 188 1392 Ρ
210 1364 253 1400 88,
276 1353 389 1399 4300
412 1353 517 1413 ἦσαν
538 1361 621 1403 ἐκεῖ
635 1360 685 1402 τὰ
708 1358 903 1403 κάλλιστα
924 1358 1085 1401 πάντων
1104 1364 1183 1402 τῶν
1204 1359 1502 1414 παιδευμάτων,

411 1429 478 1468 καὶ
497 1426 619 1480 τόμος
639 1425 695 1476 εἷς
713 1429 883 1477 ἐξαίσιος
903 1428 944 1469 ἐκ
966 1425 1184 1484 δράκοντος
1203 1429 1375 1484 ἕντέρου,

410 1494 485 1545 τὰς
507 1496 669 1545 δέλτους
689 1493 997 1551 τάςὉμηρικάς
1017 1495 1150 1552 φέρων
1169 1495 1500 1553 ἐγγεγραμμένας,

407 1562 480 1617 τὴν
496 1562 648 1606 Ἰλιάδα
668 1564 712 1605 τέ
729 1580 834 1620 φημι
854 1564 920 1604 καὶ
941 1562 992 1605 τὰ
1013 1563 1345 1617 τῆςὈδυσσείας.

473 1629 545 1681 Ὡς
567 1631 608 1672 δ’
632 1632 694 1672 ἐπὶ
708 1629 881 1687 χρόνους
900 1631 1021 1673 εἰκοσι
1046 1636 1117 1673 τοῦ
1139 1629 1312 1687 κράτους
1328 1629 1562 1683 ἀπολαύσας

273 1693 382 1738 4305
415 1697 435 1739 ὅ
456 1699 540 1755 θὴρ
565 1698 586 1740 ὃ
606 1697 888 1752 κακομήχανος
898 1730 910 1749 ,
942 1697 962 1740 ὃ
982 1697 1207 1755 κρεωβόρος
1227 1700 1351 1742 Λέων

416 1766 490 1808 σὺν
511 1766 648 1816 ἄλλοις
671 1762 782 1808 πέντὲ
805 1768 1011 1819 δυσσεβῶς
1022 1798 1035 1817 ,
1069 1766 1094 1820 ἢ
1117 1770 1272 1820 μᾶλλον
1294 1764 1559 1824 τυραννήσας,

411 1834 483 1888 (τὰ
502 1834 579 1892 γάρ
604 1835 706 1877 κακὰ
729 1832 938 1892 μακρόβια
960 1836 1026 1878 καὶ
1045 1833 1163 1888 μόλις
1187 1835 1393 1892 ἀπορρέει)

365 1940 459 1976 4284
475 1939 598 1985 χρήσει
612 1941 652 1976 Μ
742 1939 833 1979 4287
851 1937 1085 1985 ἀνεκρούσθη
1100 1940 1131 1975 Α
1221 1940 1313 1979 4290
1329 1937 1424 1986 ἀέρα
1437 1942 1469 1976 Α
1534 1939 1625 1976 4298
1641 1938 1733 1984 γνώ-

369 1998 439 2031 μης
457 1986 671 2031 θηριώδους
686 1987 718 2022 Α
854 1987 946 2022 4304
966 1986 1114 2031 χρόνοις
1137 1986 1280 2027 ἱκανοῖς
1301 1987 1332 2021 Α
1445 1998 1481 2022 v.
1505 1986 1595 2022 4305
1619 1998 1673 2021 om
1694 1986 1735 2037 M

277 2089 421 2122 rumque
441 2079 606 2112 donorum
627 2078 736 2112 ubere
755 2076 857 2122 copia
876 2081 1107 2122 praestantes,
1129 2077 1174 2112 im
1203 2080 1319 2112 erator
1340 2077 1433 2111 intra
1450 2088 1514 2111 sua
1531 2076 1623 2111 retia
1640 2088 1734 2111 com-

276 2123 495 2168 prehendere
519 2124 642 2167 suique
666 2123 794 2156 furoris
819 2123 918 2167 impii
940 2124 1131 2167 participes
1151 2136 1170 2158 e
1189 2124 1293 2157 ficere
1316 2123 1456 2156 multum
1478 2123 1634 2158 sitiebat.
1659 2134 1736 2157 cum

276 2173 391 2202 autem
417 2169 549 2204 cunctis
574 2168 810 2203 molitionibus
841 2169 1007 2203 adhibitis
1038 2169 1227 2204 elideretur
1257 2169 1347 2211 (nec
1370 2168 1461 2202 enim
1484 2167 1540 2203 vel
1563 2172 1657 2203 metu
1677 2167 1735 2202 vel

276 2213 378 2247 minis
404 2225 463 2247 eos
494 2214 532 2247 in
553 2213 761 2248 sententiam
785 2225 881 2248 suam
910 2215 1114 2259 pertrahere
1142 2218 1300 2259 poterat,
1345 2224 1488 2258 cumque
1519 2213 1623 2249 etiam
1649 2224 1733 2250 auro

277 2263 446 2301 uteretur,
472 2257 675 2302 ceteroquin
698 2259 963 2303 inexpugnabili
985 2260 1100 2301 socio,
1124 2266 1239 2294 tamen
1259 2258 1408 2303 aquilam
1429 2271 1467 2294 se
1489 2258 1654 2302 persequi
1676 2257 1734 2293 vel

279 2303 397 2338 sidera
414 2302 509 2339 iactu
527 2303 729 2347 contingere
752 2304 841 2338 velle
865 2286 1178 2349 deprehendebat),
1202 2305 1340 2339 tandem
1362 2315 1401 2338 re
1426 2305 1611 2357 desperata
1636 2303 1734 2348 (qui

279 2360 358 2382 nam
382 2349 485 2391 haec,
510 2350 675 2391 obsecro,
698 2351 920 2401 exponam‘e)
950 2350 1128 2386 consilium
1151 2361 1291 2384 saevum
1310 2348 1522 2385 absurdum
1511 2349 1652 2394 impium
1674 2360 1735 2383 ca-

278 2394 345 2439 pit,
370 2395 463 2437 quod
481 2406 524 2428 ne
543 2393 676 2436 Scytha
694 2393 863 2436 quidem
853 2396 1009 2429 lmmanis
1033 2395 1089 2429 vel
1108 2396 1323 2438 Massagetes
1343 2394 1507 2439 cepisset.
1554 2394 1734 2431 materiem

280 2440 408 2474 siccam
429 2444 465 2473 et
487 2438 770 2472 concremabilem
801 2451 844 2472 ex
874 2440 981 2476 aridis
1014 2441 1166 2474 fascibus
1195 2445 1396 2484 coacervat,
1430 2451 1540 2484 eaque
1566 2451 1734 2476 succensa

281 2488 423 2519 cunctos
447 2484 581 2526 exurit,
613 2483 795 2518 homines
784 2495 924 2528 mquam
946 2485 1023 2519 illos
1050 2486 1167 2529 (heu)
1190 2485 1374 2528 religiosos
1405 2497 1480 2520 cum
1506 2485 1594 2530 ipsis
1617 2485 1732 2521 libris.

279 2530 370 2583 proh
390 2529 555 2564 infestum
572 2528 696 2564 virtuti
717 2529 876 2571 animum,
900 2531 989 2574 proh
1007 2536 1154 2565 mentem
1172 2530 1375 2566 belluinam!
1423 2531 1582 2565 nimirum
1604 2543 1647 2565 ex
1667 2542 1731 2565 un·

279 2575 405 2628 guibus
425 2586 549 2608 saevus
569 2574 627 2608 ille
645 2574 728 2608 leo‘
718 2586 786 2608 lam
805 2575 941 2618 agnitus
961 2580 1028 2609 est.
1074 2576 1304 2621 pulcherrima
1327 2587 1484 2620 quaeque
1512 2578 1556 2612 de
1574 2576 1733 2630 discipli-

283 2620 339 2656 nis
363 2620 520 2654 omnibus
541 2620 622 2654 istic
643 2620 930 2663 asservabantur,
965 2625 1001 2653 et
1019 2620 1114 2656 inter
1136 2621 1204 2655 alia
1224 2621 1382 2656 volumen
1401 2623 1560 2656 exstabat
1582 2621 1732 2656 admira-

282 2666 366 2709 bile,
391 2667 583 2699 confectum
605 2666 648 2699 de
667 2665 826 2699 draconis
844 2665 1030 2710 intestino,
1056 2666 1112 2700 cui
1136 2672 1236 2700 erant
1257 2666 1418 2713 inscripti
1437 2667 1520 2703 libri
1541 2667 1732 2711 Homerici,

283 2718 355 2746 tam
376 2711 458 2745 Ilias
477 2716 551 2745 tota
572 2722 672 2754 quam
694 2711 846 2744 Ulissea.

374 2756 604 2800 Posteaquam
636 2756 745 2790 solers
775 2756 813 2790 in
841 2755 1063 2801 designandis
1087 2756 1184 2791 malis
1212 2756 1326 2791 bellua
1355 2757 1625 2802 carnivorusque
1645 2757 1733 2800 Leo,

283 2802 369 2839 satis
393 2801 496 2846 longo
514 2809 671 2848 tempore
692 2806 859 2848 percepto
876 2802 1015 2849 imperii
1041 2803 1177 2849 fructu,
1211 2802 1280 2840 iam
1302 2805 1366 2839 sub
1385 2809 1512 2840 terram
1536 2803 1733 2841 condendus
