1924 3242
339 169 403 215 30
728 161 960 216 GEORGn
983 144 1365 221 mmmmm

337 280 473 337 μάχας
493 280 723 341 ὀξύρροπος,
758 287 826 327 καὶ
843 288 1154 341 τεταπεινωμένα
1174 290 1226 332 τὰ
1246 295 1326 334 τῶν
1340 289 1548 345 Ῥωμαίων
1563 290 1682 350 ὁρῶν,
1702 296 1771 338 καὶ

337 348 514 404 μάλιστα
544 353 585 400 ἐξ
613 350 704 394 ὅτου
736 352 805 395 τὸν
837 354 1008 397 σουλτὰν
1027 355 1260 413 πεφόνευκεν
1281 356 1302 400 ὃ
1323 359 1512 411 βασιλεὺς
1535 358 1770 418 Θεόδωρος-τ

338 416 425 460 τότε
443 418 519 473 γὰρ
543 418 587 459 τὸ
611 419 654 460 ἐκ
676 418 874 477 Φράγκων
898 423 1048 479 προσὸν
1070 424 1179 482 αὐτῷ
1201 424 1422 470 ἀπολώλεκε
1444 425 1694 486 στράτευμα,
1726 430 1768 473 ἓν

337 479 373 541 ᾧ
393 486 459 526 καὶ
481 484 553 534 τὰς
572 486 673 542 πρὸς
693 488 787 538 τοὺς
805 487 1000 545 ὁμογενεῖς
1027 493 1285 549 τεθαρρηκὼς
1314 488 1363 548 ἦν
1389 492 1538 549 μάχας.
1603 494 1674 546 οὓς
1700 490 1768 539 καὶ

337 549 358 593 ὅ
390 553 578 605 βασιλεὺς
600 554 742 612 Ἐρρῆς
770 557 924 600 ἐδεδίει·
966 562 1104 601 πολλοὶ
1134 560 1210 617 γὰρ
1242 556 1345 615 ἦσαν
1376 561 1589 616 ὀνομαστοὶ
1611 561 1694 612 ἀπό
1722 573 1799 613 τεῦ

335 619 471 674 γένους
499 619 578 663 ἆπό
611 640 652 665 τε
671 623 752 677 μὴν
769 629 841 679 τῆς
863 624 1088 682 προσούσης
1110 628 1267 678 ἐκείνοις
1289 629 1464 686 ἀνδρίας.
1533 629 1603 672 διὰ
1627 634 1768 684 ταῦτα,

336 685 392 736 ὥς
425 689 530 744 φασί
554 707 676 741 τινες,
722 693 788 733 καὶ
817 692 889 747 τὴν
920 699 992 735 τοῦ
1020 696 1215 748 βασιλέως
1243 698 1353 751 νίκην
1382 696 1564 752 ἀκηκοὼς
1587 695 1770 754 ὅἛρρῆς
1811 703 1814 707 ’

330 751 585 810 “νενίκηται”
614 757 690 814 ἔφη
709 757 760 800 “ὃ
781 759 1019 817 Λάσκαρις,
1046 763 1092 804 οὗ
1109 764 1344 819 νενίκηκεν.”
1367 765 1437 806 ἵνα
1457 768 1552 820 γοῦν
1571 764 1630 819 μὴ
1645 765 1769 808 πολὺν

219 826 249 860 Ρ
272 826 314 862 15
337 825 553 866 κατατείνω
583 824 698 881 λόγον
728 832 799 881 τῆς
830 828 1005 884 ἱστορίας
1011 861 1025 881 ,
1071 831 1183 872 τοῦτ’
1222 831 1271 873 ἂν
1303 830 1425 886 μόνον
1457 831 1575 874 εἲπών
1609 832 1656 874 τὸ
1689 836 1769 876 πᾶν

333 890 654 947 παραστήσαιμι·
681 895 795 950 μέχρι
817 897 883 937 καὶ
904 897 1028 938 αὐτοῦ
1047 902 1119 939 τοῦ
1137 902 1357 955 Νυμφαίου
1378 900 1452 950 τὰς
1473 900 1620 954 σκηνὰς
1638 898 1660 942 ὃ
1674 900 1824 957 'Ep-10

335 962 409 1015 ρῆς
425 958 608 1013 ἐπήξατο,
643 963 732 1004 κατ’
757 964 922 1019 ἐρημίαν
943 963 1113 1018 πολλήν,
1144 967 1301 1017 οὐδενὸς
1318 966 1551 1018 κωλύοντος.
1619 968 1769 1010 ἐκεῖθέν

332 1043 374 1068 τε
396 1024 654 1084 ὑποστρέψας
671 1029 715 1071 τὸ
736 1031 808 1083 μὲν
828 1038 911 1080 τοῖς
930 1037 1162 1088 κρατηθεῖσι
1183 1037 1408 1092 κορεσθείς,
1448 1035 1494 1077 τὸ
1522 1035 1567 1077 δὲ
1594 1036 1660 1077 καὶ
1682 1036 1767 1078 ἔκε-

328 1096 482 1150 χειρίαν
515 1095 711 1151 ἐθελήσας
741 1102 875 1151 λαβεῖν
906 1100 981 1153 (οὗ
1008 1101 1084 1156 γὰρ
1115 1101 1214 1156 ἄγαν
1233 1103 1462 1160 καρτερικὸν
1481 1102 1527 1144 τὸ
1545 1102 1768 1145 Λατινικόν

333 1165 462 1217 φῦλον
477 1163 519 1204 ἐν
539 1171 626 1213 ταῖς
643 1163 794 1218 μάχαις
808 1167 1094 1220 καθέστηκεν),
1142 1172 1197 1218 εἷς
1220 1169 1435 1223 ξυμβάσεις
1453 1165 1555 1224 ἦλθε
1575 1169 1676 1223 μετὰ
1695 1173 1769 1213 τοῦ

329 1231 526 1282 βασιλέως
549 1231 776 1288 Θεοδώρου.
842 1235 907 1274 καὶ
930 1234 1194 1290 συνεφωνήθη
1217 1237 1268 1277 τὰ
1286 1238 1358 1290 μὲν
1379 1241 1453 1278 τοῦ
1467 1239 1621 1290 Κιμινᾶ
1638 1234 1820 1285 aduam

333 1296 458 1350 (οὕτω
487 1298 563 1353 γὰρ
593 1299 638 1339 τὸ
671 1298 764 1354 ὅρος
791 1304 966 1341 καλεῖται
993 1301 1038 1342 τὸ
1069 1302 1181 1356 ἔγγὺς
1208 1307 1279 1356 τῆς
1304 1301 1526 1360 Ἀχυράους
1553 1302 1766 1360 τυγχάνον)

331 1364 433 1416 μετὰ
462 1366 528 1405 καὶ
556 1365 680 1419 αὐτῆς
706 1370 776 1420 τῆς
797 1366 1016 1423 Ἀχυράους
1047 1369 1158 1425 παρὰ
1188 1374 1262 1411 τοῦ
1297 1375 1376 1413 τῶν
1407 1366 1606 1428 Φράγκὶον
1633 1372 1769 1426 γένους

331 1430 615 1483 ὁεσπόζεσθαι,
653 1432 722 1474 τὸν
740 1434 782 1475 δὲ
802 1432 1000 1487 Κάλαμον
1022 1435 1155 1490 (κώμη
1177 1438 1222 1478 δέ
1239 1439 1343 1480 ἐστιν
1362 1436 1383 1480 ὃ
1404 1437 1625 1492 Κάλαμος,
1658 1439 1702 1489 ἐξ
1720 1433 1769 1481 οὗ

278 1507 309 1542 Β
331 1498 376 1540 τὸ
399 1503 477 1541 τῶν
496 1498 762 1556 Νεοκάστρων
781 1500 942 1558 ἄρχεται
965 1504 1093 1557 θέμα)
1114 1505 1241 1557 μένειν
1265 1504 1412 1557 ἄοικον,
1447 1506 1500 1548 τὰ
1521 1507 1564 1548 δὲ
1585 1507 1768 1548 ἐντεῦθεν

329 1566 441 1623 παρὰ
462 1571 534 1609 τοῦ
555 1569 751 1622 βασιλέως
775 1568 986 1627 Θεοδώρου
1009 1570 1289 1623 ὃεσπόζεσθαι·
1318 1572 1558 1630 Νεόκαστρα
1579 1574 1623 1615 δὲ
1638 1577 1822 1620 *consitam

329 1628 380 1687 ἦν
400 1637 466 1676 καὶ
485 1636 708 1690 Κελβιανὸν
722 1635 887 1693 Χλίαρά
907 1655 947 1680 τε
968 1640 1034 1680 καὶ
1051 1641 1269 1696 Πέργαμος
1289 1642 1356 1682 καὶ
1375 1640 1427 1682 τὰ
1447 1641 1624 1696 πλαγίως
1643 1642 1766 1696 ἐγκεί-

330 1719 430 1754 μενα
441 1734 455 1753 ,
495 1702 683 1758 Mayldtd
716 1721 756 1745 τε
786 1706 853 1745 καὶ
877 1705 1055 1758 Ὀψίκια.
1122 1705 1272 1763 ὑπῆρχε
1298 1708 1345 1749 δὲ
1364 1710 1431 1749 καὶ
1452 1707 1554 1762 ἄλλη
1571 1706 1687 1765 χώρα
1709 1698 1767 1766 τῷ

418 1786 442 1820 3
458 1783 579 1829 παρὸν
593 1786 626 1820 D
731 1784 771 1820 ἐν
789 1806 834 1812 —-
849 1788 871 1823 7
884 1789 998 1833 τινες]
1024 1786 1083 1823 διὸ
1099 1788 1131 1823 D
1242 1792 1264 1826 8
1281 1789 1342 1824 ἵνα
1357 1809 1402 1816 -ω-
1420 1792 1464 1826 10
1476 1788 1766 1836 παραστήσαιμι]

419 1829 482 1865 καὶ
496 1831 528 1864 D
621 1832 664 1867 10
678 1831 746 1865 τοῦ
762 1843 815 1866 om
829 1832 860 1866 D
953 1836 993 1868 11
1009 1831 1094 1868 κατ’
1113 1853 1160 1861 -
1171 1835 1376 1876 κωλύοντος
1389 1847 1442 1870 om
1456 1836 1489 1870 D
1581 1837 1625 1872 12
1638 1834 1682 1871 τὸ
1700 1833 1765 1879 μὲν

419 1894 464 1901 -
476 1873 699 1919 καθέστηκεν
715 1888 765 1910 om
780 1877 812 1910 D
905 1880 946 1914 17
964 1877 1097 1923 μέρους
1112 1881 1143 1913 Α
1232 1882 1273 1915 18
1291 1881 1412 1924 κῶμος
1426 1881 1458 1915 D
1549 1882 1592 1916 19
1605 1878 1693 1915 τάδ’
1708 1878 1763 1914 ἐν·

419 1921 552 1955 τεῢθεν
573 1919 662 1955 τάδε
681 1919 898 1966 Νεόκοιστροι
908 1923 1112 1969 Κελβιοινόν
1129 1924 1270 1970 Χλιαροὶ
1290 1937 1330 1960 τε
1348 1926 1411 1960 καὶ
1426 1925 1483 1960 Πέ
1507 1937 1619 1969 γαμος
1635 1924 1695 1960 καὶ
1714 1924 1762 1959 τὰ

417 1967 578 2010 πλαγίως
594 1964 775 2009 ἐγκείμενοι
794 1968 946 2002 Μαλδίοι
969 1980 1007 2003 τε
1024 1969 1087 2003 καὶ
1103 1966 1253 2013 Ὀψίκια
1269 1969 1370 2015 παρὰ
1389 1971 1458 2005 τοῦ
1503 1969 1652 2011 ασιλέως
1672 1970 1764 2008 Θεο-

420 2010 544 2055 δώρου
565 2010 817 2053 δεσπόζεσθαι.
862 2010 1001 2058 ὑπῆρχε
1020 2012 1059 2049 δὲ
1080 2015 1199 2061 τούτῳ
1217 2015 1279 2049 καὶ
1299 2012 1386 2060 ἄλλη
1406 2013 1506 2060 χώρα
1524 2012 1549 2060 ἦ
1571 2015 1614 2050 D.

325 2078 535 2125 pugnandum
548 2090 710 2124 praeceps
727 2083 762 2113 et
776 2079 884 2114 audax
895 2107 905 2123 ‚
941 2080 1138 2126 videretque
1151 2081 1319 2116 Romanos
1334 2082 1515 2127 depressos
1525 2107 1535 2125 ‚
1570 2085 1607 2122 et
1625 2082 1761 2127 potissi-

325 2135 414 2157 mum
438 2128 609 2169 postquam
634 2125 797 2159 sultanum
818 2125 1000 2170 imperator
1014 2126 1213 2160 Theodorus
1227 2128 1296 2160 leto
1313 2127 1426 2161 dedit:
1447 2130 1527 2161 tunc
1541 2126 1627 2160 enim
1643 2127 1761 2162 Italum

327 2168 483 2212 militem,
517 2181 582 2213 quo
609 2170 713 2203 fultus
741 2182 815 2204 cum
843 2181 924 2204 suae
947 2172 1089 2205 nationis
1113 2172 1295 2206 hominibus
1321 2172 1480 2206 audacter
1501 2172 1623 2206 bellum
1643 2183 1762 2206 conse·-

330 2214 444 2257 rebat‚
477 2217 514 2247 et
543 2226 640 2258 quem
668 2215 850 2259 imperator
878 2216 997 2250 Ericus
1027 2217 1198 2250 metuebat
1226 2216 1315 2261 quod
1344 2217 1381 2249 in
1410 2227 1451 2250 eo
1481 2220 1517 2251 et
1546 2228 1671 2260 genere
1699 2228 1763 2255 no-

329 2258 413 2291 biles
455 2262 489 2291 et
528 2259 613 2292 irato
651 2260 714 2292 sibi
752 2261 886 2303 ingenio
921 2262 1048 2295 viribus
1076 2261 1227 2295 valentes
1256 2261 1547 2306 conspicerentur,
1595 2261 1754 2307 perdidit.

327 2307 537 2360 praeterea,¹
556 2308 595 2336 ut
626 2304 758 2347 quidam
790 2310 983 2348 memorant,
1021 2307 1063 2340 de
1091 2306 1299 2351 imperatoris
1330 2305 1474 2340 victoria
1501 2306 1623 2340 certior
1650 2307 1762 2341 factus

357 2344 541 2382 Lascaris”
575 2348 738 2382 exclamat
769 2346 789 2359 ‘³
801 2350 910 2383 victus
939 2355 1011 2392 est,
1053 2362 1119 2384 non
1149 2351 1241 2385 vicit.
1252 2347 1273 2361 ''
1319 2350 1380 2384 sed
1409 2362 1452 2385 ne
1482 2351 1604 2384 diutius
1635 2352 1762 2386 oratio-

329 2405 403 2428 nem
431 2393 640 2437 protraham,
685 2394 740 2427 vel
772 2394 834 2428 hoc
863 2395 933 2428 solo
962 2407 1017 2430 res
1047 2392 1224 2440 conspicua
1252 2395 1327 2430 erit.
1379 2395 1612 2441 Nymphaeum
1641 2408 1760 2442 usque,

331 2450 406 2472 cum
434 2438 542 2472 nullus
571 2438 826 2480 adversaretur,
865 2445 975 2473 castra
1004 2441 1113 2485 posuit
1138 2441 1259 2474 Ericus
1271 2465 1281 2480 ‚
1320 2440 1465 2485 indeque
1494 2441 1643 2485 rediens,
1680 2452 1760 2486 par-

326 2484 385 2518 tim
401 2483 525 2528 praeda
538 2488 636 2527 parta
651 2484 777 2528 opimus
793 2496 832 2517 ac
847 2489 991 2527 saturus,
1014 2485 1133 2529 partim
1147 2496 1169 2518 a
1182 2485 1350 2519 laboribus
1368 2485 1484 2519 feriari
1499 2490 1619 2531 optans
1633 2488 1758 2531 (neque

328 2528 416 2563 enim
429 2528 464 2561 in
479 2528 680 2562 sustinendis
695 2529 854 2562 bellorum
872 2530 1103 2564 certaminibus
1119 2530 1241 2564 Latina
1255 2530 1344 2564 natio
1359 2531 1538 2575 perdurat)
1563 2542 1636 2565 cum
1652 2532 1759 2577 impe-

327 2577 441 2608 ratore
455 2573 635 2607 Theodoro
659 2574 777 2608 foedus
802 2574 890 2615 iniit3
923 2575 1225 2619 concordatumque
1240 2578 1292 2608 est
1309 2575 1438 2609 Oimeni
1464 2576 1530 2619 (sic
1557 2576 1641 2611 enim
1664 2587 1758 2613 mons

330 2619 472 2653 Achirao
488 2619 644 2652 adiacens
658 2619 862 2664 appellatur)
878 2619 1034 2654 universa
1049 2624 1084 2654 et
1097 2620 1201 2664 ipsam
1215 2620 1393 2654 Achiraum
1407 2631 1428 2654 a
1442 2620 1570 2654 Latinis
1583 2621 1759 2665 possideri,

332 2664 503 2698 Calamum
517 2675 598 2697 vero
618 2664 674 2707 (id
688 2665 844 2709 oppidum
860 2669 928 2708 est,
959 2675 1001 2699 ex
1016 2677 1082 2709 quo
1097 2665 1359 2699 Neocastrorum
1374 2666 1488 2699 thema
1500 2665 1626 2699 initium
1641 2665 1757 2708 sumit)

330 2708 545 2742 inhabitatum
570 2709 696 2751 deseri3
727 2721 814 2753 quae
835 2714 1055 2754 sequerentur
1079 2711 1140 2744 sub
1163 2710 1300 2744 arbitrio
1324 2721 1399 2744 esse
1420 2711 1628 2755 imperatoris
1642 2711 1758 2744 Theo-

333 2753 427 2788 dori:
449 2765 489 2788 ea
503 2759 597 2787 erant
611 2754 811 2798 Neocastra,
835 2755 1040 2798 Consanum,
1066 2755 1216 2799 obnata,
1239 2756 1443 2799 Pergamus,
1467 2760 1503 2790 et
1519 2766 1606 2800 quae
1620 2766 1641 2790 a
1654 2755 1759 2793 latere

333 2802 431 2835 erant
444 2799 594 2845 Magidia
607 2802 644 2834 et
658 2800 805 2846 Opsicia.
839 2804 972 2846 praeter
986 2801 1070 2835 haec
1083 2800 1168 2835 alius
1182 2800 1280 2836 etiam
1294 2801 1442 2846 regionis
1455 2800 1632 2846 imperator
1644 2799 1758 2834 'Pheo-
