1872 3236
256 301 289 347 ,D

177 1191 277 1226 1²86

309 186 404 233 180
690 187 1067 232 CONSTANTINI
1102 189 1367 234 MANASSIS

441 296 591 356 φόνους
612 298 840 357 ἀνθρώπων
863 302 930 343 καὶ
950 298 1136 358 φθοράς,
1168 301 1253 345 ἀντὶ
1271 307 1350 346 τιῐίν
1371 302 1538 363 ι’)’,ιιβρων
1557 300 1674 360 αἷμα.

444 365 464 409 ὃ
488 366 565 424 γάρ
586 385 647 409 τοι
669 367 986 426 τρισκατάρατος
1008 365 1124 420 οὗτος
1145 369 1323 422 αὖτάναξ
1344 373 1469 415 Λέων

307 435 419 478 4190
442 434 557 476 ὤδινε
578 436 664 488 με’ν,
700 434 756 486 ὡς
779 436 914 488 ἔοικεν,
947 436 1136 489 ἕκτόπους
1153 440 1327 489 ἐπινοίας

441 503 544 544 κατὰ
565 506 752 560 Χριστοῦ
774 507 839 546 καὶ
858 510 937 547 τῶν
958 506 1083 548 αὐτοῦ
1104 509 1255 560 τιμίων
1263 506 1564 563 μορφωμάτων,

439 572 495 620 εἷς
517 575 604 626 φῶς
626 571 668 612 δ’
694 572 766 614 οὐκ
789 572 889 627 ἔχων
910 574 1074 629 ἓνεγκεῖν
1097 573 1165 616 τὸν
1186 578 1258 628 τῆς
1279 577 1420 625 κακίας
1443 574 1561 619 τόκον

440 637 505 693 (τὸ
528 638 605 695 γὰρ
628 638 954 697 ἀπαρρησίαστον
972 640 1187 696 ἠνάγκαζεν
1210 643 1394 696 ἐπέχειν),

434 703 491 755 ὥς
508 706 675 763 ὕστερον
692 707 886 765 ἐδράξατο
906 713 1049 765 καιροῦ
1070 711 1135 751 καὶ
1158 712 1406 765 παρρησίας,

300 771 409 815 4195
433 774 612 831 ἐξέρρηξε
635 775 704 818 τὸν
724 775 905 819 τοκετόν·
939 775 965 831 ἦ
989 777 1065 833 γὰρ
1087 777 1210 832 νηδὺς
1230 776 1395 835 ἐρράγη,

434 843 500 883 καὶ
522 841 639 896 γόνος
658 843 907 898 ἓχιὸνότοκος
929 845 1115 902 ἐξέθορεν
1134 846 1299 888 ἐκεῖθεν.

498 909 605 952 'Emi
630 911 673 952 δ’
700 911 772 952 οὐκ
796 910 963 969 ἄκαιρον
987 915 1106 955 εἰπεῖν
1127 916 1186 964 τίς
1205 915 1273 956 καὶ
1294 911 1423 956 πόθεν
1444 916 1512 957 καὶ
1535 905 1653 967 ποίας

435 977 477 1019 ἔκ
499 977 606 1033 ῥίζης
625 977 918 1033 ἀνεβλάστησεν
942 978 962 1022 ὃ
983 983 1228 1037 βδελυγμίας
1246 983 1384 1024 Λέων.

434 1045 477 1086 ἔκ
496 1046 568 1098 μὲν
585 1045 778 1102 Ἰσαύρων
799 1047 872 1101 τὴν
894 1049 1030 1104 σειρὰν
1051 1047 1155 1092 εἷλκε
1176 1055 1248 1104 τῆς
1268 1051 1492 1106 γεναρχίας,

298 1111 409 1155 4200
428 1112 701 1169 χειροβιιότων
722 1117 787 1156 καὶ
806 1119 968 1171 λυπρῶν
986 1117 1118 1171 τυχὼν
1138 1122 1218 1159 τῶν
1237 1117 1480 1174 γεννητόρων

434 1183 501 1222 καὶ
522 1179 771 1224 παλαιόντων
790 1188 860 1225 τοῦ
883 1187 1004 1238 λιμοῦ
1023 1192 1112 1235 ταῖς
1134 1189 1385 1242 φθαρτικαΐς
1407 1183 1652 1243 πυράγραις·

434 1248 508 1298 τὰς
529 1249 677 1299 ἀτελεῖς
697 1251 741 1291 δὲ
763 1252 982 1307 παρελθών
1003 1254 1069 1294 καὶ
1093 1251 1257 1308 πρώτας
1275 1251 1432 1306 ἡλικίας

431 1314 566 1372 μετῄει
589 1316 891 1372 παλιγκάπηλον
911 1317 1126 1375 ε’μπορικόν
1149 1336 1190 1361 τε
1212 1321 1315 1372 βίον.

430 1382 486 1432 ὥς
508 1379 579 1426 οὖν
599 1385 693 1426 ποτὲ
715 1385 921 1442 παρώδευε
940 1393 1024 1435 τοῖς
1046 1387 1401 1444 ἓμπεπορευμὲνοις

290 1450 404 1494 4205
433 1452 721 1508 ῥαμνοῳαγοῦν
744 1452 906 1509 ὀνάριον
929 1453 1187 1512 κατάφορτον
1209 1453 1400 1507 ἐλαύνων,

430 1521 534 1571 ζειᾶς
554 1521 752 1574 μηδέποτε
776 1523 957 1576 πλησθὲν
978 1524 1082 1576 μηδὲ
1101 1527 1430 1579 κριθοφαγῆσαν,

433 1586 538 1629 οὕτω
563 1588 724 1641 συμβὰν
747 1590 983 1646 συνέκυρσεν
1008 1588 1198 1647 ἐμπόροις
1211 1590 1442 1641 Ἰουδαίοις,

432 1657 498 1697 καὶ
522 1655 768 1710 κοινωνήσας
790 1662 862 1711 τῆς
884 1656 982 1700 ὁδοῦ
1000 1665 1083 1708 τοῖς
1106 1662 1278 1709 σκολιοῖς
1301 1660 1459 1710 ἐκείνοις

434 1725 499 1764 καὶ
523 1724 933 1779 συναναπαυσάμενος
951 1727 1132 1769 ὕπνωσεν
1155 1726 1419 1781 ἓκκαμάτου.

297 1791 409 1834 4210
434 1792 470 1833 οἱ
488 1794 620 1833 τοίνυν
638 1790 872 1848 ὄφιότροποι
893 1798 1097 1848 θεομισεῖς
1116 1793 1298 1850 (Εβραῖοι

434 1859 538 1901 καθ’
562 1858 731 1910 ἑαυτοὺς
755 1860 1001 1916 σκεψάμενοι
1023 1865 1090 1904 καὶ
1111 1860 1413 1919 συννενοηκότες

386 1966 478 2001 4188
501 1966 563 2001 καὶ
587 1966 733 2012 σφαγὰς
751 1968 784 2003 R
908 1968 999 2004 4199
1023 1966 1141 2014 ἀρχὴν
1158 1968 1189 2003 Α
1300 1969 1394 2004 4200
1412 1965 1697 2014 χειροβιοῦντων
1719 1971 1753 2006 R

381 2012 472 2046 4201
492 2013 560 2046 τοῦ
584 2015 799 2058 φθαρτικοῦ
822 2013 994 2061 πυράγρᾳ
1013 2015 1046 2049 R
1135 2014 1227 2050 4204
1248 2013 1339 2056 τοὺς
1356 2012 1697 2061 ἐμπεπορευμένονς
1713 2017 1752 2051 Μ

386 2070 424 2092 v.
441 2058 532 2093 4206
559 2070 612 2093 om
636 2059 669 2094 R
805 2061 895 2096 4208
918 2060 984 2105 τῆς
1005 2061 1152 2107 σκολιῇς
1173 2059 1205 2095 Α

295 2148 468 2185 hominum
493 2149 658 2185 caedibus
683 2150 878 2187 coniuncta.
925 2163 1002 2186 nam
1026 2149 1250 2187 exsecrabilis
1268 2151 1342 2186 Leo
1365 2150 1554 2196 imperator
1574 2151 1749 2198 parturie-

295 2197 358 2230 bat
374 2194 432 2227 ille
452 2195 588 2239 quidem
601 2222 610 2239 ,
643 2207 707 2230 ceu
729 2203 995 2232 consentaneum
1018 2202 1072 2231 est
1085 2225 1094 2242 ,
1120 2199 1270 2232 absurda
1287 2208 1446 2240 novaque
1467 2198 1612 2232 consilia
1630 2204 1751 2232 contra

296 2239 474 2274 Christum
498 2248 533 2274 et
550 2242 768 2275 venerabiles
789 2243 863 2277 eius
890 2244 1077 2287 imagines:
1110 2245 1173 2278 sed
1199 2245 1307 2277 fetum
1334 2242 1567 2286 improbitatis
1598 2255 1682 2277 suae
1712 2244 1750 2277 in

295 2286 406 2319 lucem
429 2286 589 2329 proferre
606 2286 697 2320 nullo
720 2289 820 2321 modo
843 2294 994 2333 poterat.
1041 2288 1171 2333 quippe
1193 2287 1332 2322 timidus
1358 2287 1490 2321 animus
1516 2299 1593 2322 eum
1623 2290 1667 2323 ab
1693 2289 1750 2323 in—

294 2330 417 2366 stituto
441 2342 503 2364 suo
525 2334 728 2366 revocabat.
775 2336 914 2367 tandem
947 2346 1032 2368 vero
1056 2341 1158 2379 capta
1178 2333 1437 2379 opportunitate
1458 2338 1662 2378 sumptaque
1687 2346 1750 2368 au-

293 2375 396 2455 daciia
422 2377 530 2409 fetum
560 2377 689 2411 edidit:
723 2378 819 2412 alvus
847 2379 937 2413 enim
960 2385 1063 2424 rupta
1086 2385 1162 2424 est,
1195 2386 1231 2414 et
1251 2378 1395 2423 viperae
1416 2378 1554 2413 soboles
1579 2379 1616 2413 in
1639 2379 1750 2414 lucem

318 2432 357 2456 ro
384 2419 439 2455 iit.

291 2433 316 2469 P
387 2466 531 2500 Minime
565 2478 650 2501 vero
674 2467 782 2501 fuerit
808 2467 955 2503 alienum
979 2470 1022 2503 ab
1047 2468 1206 2503 instituto
1225 2472 1364 2512 nostro,
1399 2468 1429 2502 si
1449 2469 1749 2514 explicaverimus‚

295 2513 400 2555 unde,
425 2512 502 2557 quis
522 2516 558 2546 et
576 2513 670 2557 quali
687 2513 796 2557 stirpe
815 2520 1017 2558 procreatus
1033 2514 1272 2549 abominabilis
1291 2514 1348 2547 hic
1365 2514 1438 2547 Leo
1455 2515 1575 2548 fuerit.
1598 2515 1751 2550 habebat

295 2558 435 2603 generis
452 2558 620 2602 originem
637 2570 680 2592 ex
692 2559 838 2602 Isauria,
859 2560 1061 2603 parentibus
1082 2561 1242 2594 fortunae
1260 2560 1374 2593 tenuis
1394 2565 1430 2593 et
1444 2570 1599 2594 manuum
1611 2572 1748 2595 suarum

293 2603 415 2638 labore
426 2603 666 2637 victitantibus
681 2610 794 2638 natus.
818 2611 940 2639 exacta
953 2606 1064 2650 prima
1080 2611 1194 2639 aetate
1207 2610 1421 2639 mercaturae
1434 2617 1572 2650 operam
1584 2607 1700 2650 dabat,
1712 2611 1749 2641 et

294 2648 410 2694 pretio
422 2650 579 2693 coempta
589 2655 724 2683 rursum
733 2649 819 2683 lucri
837 2661 940 2684 causa
955 2652 1143 2685 vendebat.
1167 2652 1260 2684 forte
1277 2650 1406 2684 accidit
1417 2651 1601 2696 aliquando
1618 2656 1657 2685 ut
1672 2662 1747 2685 cum

296 2694 373 2729 aliis
383 2694 659 2739 negotiatoribus
673 2695 741 2729 iter
752 2696 883 2730 faciens
894 2701 929 2730 et
938 2696 1069 2730 asinum
1084 2708 1169 2740 prae
1183 2708 1222 2730 se
1236 2698 1407 2730 mercibus
1426 2702 1583 2731 onustum
1593 2709 1699 2740 agens
1711 2697 1748 2730 in

295 2745 505 2774 mercatores
526 2740 673 2774 Iudaeos
693 2741 884 2784 incideret3
907 2742 1108 2786 quibuscum
1131 2742 1200 2775 iter
1223 2753 1321 2776 suum
1342 2747 1546 2787 persecutus
1565 2748 1602 2777 et
1618 2741 1747 2786 fatiga—
1782 2764 1783 2767 =

295 2785 391 2820 tione
409 2786 547 2820 tandem
566 2787 765 2831 consopitus
785 2799 863 2822 sese
884 2787 994 2832 quieti
1016 2787 1126 2821 dedit.
1173 2787 1329 2822 Hebraei
1355 2800 1395 2822 re
1420 2789 1514 2822 inter
1539 2799 1578 2822 se
1597 2798 1747 2822 commu-

294 2831 410 2868 nicata
433 2837 471 2867 et
492 2831 678 2878 diligenter
695 2833 914 2870 considerata
936 2832 1117 2880 imperium
1134 2833 1247 2869 Leoni
1264 2834 1566 2880 vaticinabantur,
1585 2831 1642 2868 vel
1659 2843 1746 2878 qua-
