1924 3242
0 0 150 205 {2³-

35 59 64 82 f'*

578 161 971 205 ACROPOLITAM
1003 124 1202 205 NOTAE.
1511 161 1539 205 2
1551 161 1606 206 13

243 320 246 322 ,
282 283 325 323 pf.
340 269 368 313 7
390 283 429 307 V·
451 271 518 311 11.
574 268 623 311 τὰ
640 268 771 311 πάντα
787 270 936 323 χαίρειν
951 267 1092 323 ἐάσας]
1122 285 1216 310 nam
1234 275 1322 323 post
1341 283 1515 322 pugnam
1538 269 1608 309 de-

172 332 398 374 trectntam,
428 333 467 364 et
488 327 593 364 malo
625 329 740 378 genio
766 329 807 364 in
838 328 975 378 fugam
995 329 1243 378 impellente,
1272 330 1313 364 in
1334 327 1523 377 palatium
1544 342 1608 366 re—

173 395 308 420 versus
327 395 418 419 cum
435 384 546 420 Irene
565 383 646 420 filia
663 391 702 421 et
719 382 856 420 decem
874 386 959 422 ami
981 385 1235 432 centenariis,
1265 396 1353 421 cum
1373 383 1449 420 alio
1470 391 1608 422 ornatu
1643 396 1649 403 “

171 439 420 490 imperatorio
453 453 504 477 ex
534 441 765 491 pretiosis1²
742 441 908 477 ‹remmis
943 447 982 477 et
1009 442 1224 492 perspicuis
1253 441 1497 490 margaritis,
1535 441 1608 478 sub

170 495 342 546 primam
357 497 483 533 noctis
501 496 679 547 vigiliam
693 496 903 534 Debeltum
919 496 1131 534 contendit.
1161 495 1351 535 Choniata
1369 509 1410 547 p.
1429 491 1510 538 723
1538 495 1607 537 24.

171 551 273 589 Au..

281 605 336 645 ib.
358 619 397 645 v.
420 610 484 650 13.
541 607 673 659 Δαβὶδ
691 603 854 660 φυγων]
885 609 1039 659 Regum
1057 609 1129 646 lib.
1151 609 1174 649 1
1198 621 1282 659 cap.
1303 609 1357 650 23
1379 621 1416 644 v.
1441 610 1512 649 13.
1541 606 1610 648 καὶ

170 657 370 716 ἆπηγγέλη
386 665 441 718 τῷ
458 661 632 704 Σαουλ”
612 679 668 704 οτι
687 663 941 704 διασέσωσται
944 637 1089 715 ε5Δειιβιδ
1106 664 1150 704 ἐκ
1169 661 1305 704 Κεϊλᾶ.
1361 665 1610 701 nuntiatum-

171 732 247 770 que
277 726 334 757 est
367 719 486 757 Sauli
510 720 618 771 quod
629 720 809 772 flagi-sset
839 721 926 758 Dat
930 721 982 758 id
1008 721 1056 758 de
1087 720 1196 759 Ceila
1224 728 1260 757 et
1289 719 1468 757 salvatus
1498 727 1604 757 esset.

170 781 211 812 et
237 775 308 813 lib.
332 777 359 816 2
386 788 471 826 cap.
507 776 552 817 15
582 790 621 813 v.
659 777 718 816 14.
775 777 877 826 fugit
904 777 951 814 ab
978 776 1078 814 facie
1109 777 1351 822 Absalomis,
1393 788 1608 827 omnesque

169 843 280 877 suos,
308 843 406 883 quos
426 833 710 883 Hierosolymis
731 830 900 870 habebat
913 862 923 881 ,
953 839 996 870 ut
1017 834 1173 884 fugiant
1191 831 1386 880 hortatur3
1418 844 1495 884 quo
1516 845 1608 883 spe-

170 893 248 925 ctat
270 889 472 939 inscriptio
496 889 642 925 Psalm.
661 891 700 928 3.
757 889 919 926 DousA.

277 941 332 981 ib.
355 956 395 981 v.
418 942 483 984 14.
539 940 613 995 τήν
629 943 824 996 γυναῖκα]
857 943 905 981 de
924 957 1048 982 uxore
1066 958 1117 981 ne
1137 943 1301 982 verbum
1321 943 1483 996 quidem
1501 942 1608 982 cho-

166 999 296 1046 niata3
325 1005 478 1036 tantum
497 997 682 1036 adrectae
701 1013 836 1037 secum
855 1000 957 1037 fillae
974 1002 1176 1048 meminit,
1207 1013 1325 1051 quam
1340 1002 1460 1037 tacuit
1475 1007 1608 1038 noster

166 1054 406 1106 Acropolita.
461 1054 567 1092 unde
588 1069 680 1093 vero
699 1054 831 1093 hausit
852 1055 1028 1094 Blondus
1048 1056 1118 1093 lib.
1131 1059 1156 1096 6
1177 1055 1360 1097 Decad.2
1381 1058 1573 1094 Historiae
1585 1056 1606 1094 'P

164 1110 226 1154 αιΖ,
250 1124 338 1148 eum
365 1111 579 1149 tumultum
606 1113 650 1148 in
676 1111 771 1149 urbe
798 1113 994 1150 concitum
1020 1113 1190 1149 Alexin-s·
1212 1112 1412 1162 patricida
1435 1114 1608 1158 territus,

164 1173 275 1210 nocte
295 1166 484 1205 concubia
491 1168 679 1218 fitgiens,
707 1170 903 1218 ingentem
927 1169 1171 1214 thesaurum,
1201 1169 1310 1219 quod
1323 1176 1463 1218 postea
1487 1170 1607 1206 resci—

165 1230 250 1260 tum
277 1230 349 1269 est,
376 1225 490 1274 apud
509 1225 702 1261 Hir—mem
717 1224 859 1272 filiam
889 1226 1082 1276 virginem
1100 1227 1142 1261 in
1161 1227 1391 1262 monasterio
1409 1225 1608 1275 defossum

162 1279 336 1330 reliquit.
397 1286 436 1316 et
456 1280 673 1318 Sabellicus
692 1279 872 1317 Eunead.
898 1283 923 1319 9
948 1281 1017 1317 lib.
1035 1281 1086 1321 5:
1122 1281 1276 1318 Venetis
1304 1283 1348 1317 in
1375 1295 1507 1318 muros
1535 1295 1606 1318 ac-

163 1333 388 1372 cedentibus
416 1341 451 1372 et
478 1337 522 1372 in
553 1335 690 1373 urbem
719 1337 931 1386 irrupturcs
957 1337 1126 1374 adversa
1157 1337 1200 1372 νί
1234 1336 1380 1373 Graeci
1404 1338 1600 1374 resistunt.

155 1405 279 1442 aegre
307 1390 400 1428 urb-s·
419 1393 559 1442 prima
586 1392 649 1430 die
676 1399 732 1429 est
759 1393 935 1443 defensa.
995 1400 1121 1438 nocte,
1151 1406 1253 1443 qnae
1271 1393 1451 1442 deinceps
1470 1400 1606 1430 secuta

162 1454 237 1494 est,
263 1447 435 1485 Alexim:
455 1449 683 1500 imperator,
711 1448 925 1499 desperatis
947 1447 1079 1494 rebm,
1108 1461 1225 1485 uxore
1241 1456 1275 1485 et
1293 1447 1424 1485 liberis
1441 1449 1603 1494 relictis,

160 1494 469 1556 occultesugam
488 1511 671 1555 occupat,
699 1519 845 1556 magno
864 1506 957 1541 αιινί
971 1505 1144 1555 pondere
1159 1505 1274 1554 apud
1284 1505 1604 1553 Irenemfiliam,

159 1574 286 1598 unam
307 1573 352 1598 ex
366 1561 489 1598 sacris
507 1560 744 1612 virginibus,
773 1561 887 1598 humi
904 1561 1068 1612 defosso.
1127 1563 1229 1598 Ant..

270 1630 312 1668 p.
339 1619 366 1657 8
395 1629 433 1654 v.
461 1620 502 1658 2.
556 1613 708 1656 Ἰταλῶν
746 1613 1042 1668 ἆπαιτούντων]
1086 1617 1336 1668 postulabant
1372 1617 1479 1654 enim
1519 1617 1604 1653 auri

160 1673 403 1710 centenarios
441 1674 727 1725 quinquaginta
759 1675 892 1710 statim
922 1672 1208 1721 numerandos,
1248 1680 1286 1710 et
1319 1671 1604 1710 adiiciebantur

160 1727 409 1766 condiclones
438 1727 689 1777 durissimae,
717 1730 942 1767 tolerabiles
961 1737 1093 1766 tamen
1116 1742 1189 1766 nec
1213 1731 1391 1766 omnium
1412 1728 1602 1765 difficilli-

159 1797 270 1833 mae,
300 1785 443 1837 quibus
470 1787 705 1837 captivitatis
733 1786 953 1837 periculum
971 1786 1203 1823 imminebat
1225 1798 1269 1822 ac
1286 1786 1491 1837 publicum
1512 1786 1602 1822 exi-

156 1843 271 1878 tium.
327 1843 429 1880 Au..

270 1895 325 1934 ib.
345 1911 384 1935 v.
403 1899 444 1938 8.
500 1900 578 1937 τῶν
595 1898 712 1949 ἱερῶν
731 1897 965 1949 κειμηλίων]
996 1899 1203 1936 consilium
1218 1898 1357 1935 Isaacii
1373 1902 1527 1935 secutus
1543 1902 1602 1933 est

156 1953 326 1990 Alexius
346 1953 470 1999 filius,
499 1961 743 1992 sacrosancta
765 1955 977 2005 profanans
997 1961 1035 1991 et
1056 1955 1205 2005 templa
1224 1953 1435 2001 invadens,
1464 1959 1509 1989 ut
1527 1965 1602 1989 nec

155 2011 278 2046 sacris
305 2010 545 2060 imaginibus
572 2017 770 2061 parceret,
800 2023 967 2062 quarum
988 2017 1167 2048 ornatum
1190 2011 1394 2061 abreptum
1412 2009 1601 2058 imagini-

155 2065 230 2103 bus
246 2067 343 2116 ipsis
365 2065 476 2103 humi
498 2067 680 2117 proiectis
701 2073 739 2103 et
756 2079 866 2104 sacra
887 2078 981 2104 vasa
1004 2067 1052 2102 ab
1073 2065 1297 2104 iisdemmet
1311 2066 1470 2116 templis
1490 2071 1601 2116 rapta

157 2128 197 2158 et
214 2122 378 2159 conflata
396 2129 439 2159 ut
458 2123 620 2173 vulgare
638 2136 779 2160 aurum
801 2130 839 2160 et
860 2129 1066 2173 argentum
1082 2121 1259 2160 hostibus
1280 2121 1410 2159 dabat.
1469 2121 1602 2171 genti-

155 2177 264 2215 lium*
276 2191 322 2215 ea
340 2179 417 2215 fuit
434 2180 567 2229 opinio
581 2209 591 2228 ,
622 2178 673 2216 ad
693 2178 1001 2216 conservandam
1017 2192 1101 2215 rem
1116 2179 1316 2230 pub110a1n
1332 2177 1481 2228 templa
1502 2175 1601 2213 deo-

155 2246 244 2271 rum
274 2247 561 2286 nonnunquam
588 2234 786 2273 denudare
814 2236 947 2273 licere.
1005 2236 1156 2272 Seneca
1186 2235 1369 2272 Controv.
1389 2233 1437 2274 4:
1460 2247 1538 2283 pro
1558 2246 1601 2269 re

148 2289 319 2340 publica
338 2291 575 2342 plerumque
603 2291 750 2342 templa
774 2291 996 2336 nudantur,
1027 2298 1062 2328 et
1087 2293 1130 2328 in
1152 2304 1268 2328 usum
1289 2289 1475 2341 stipendii
1495 2289 1602 2326 dona

155 2346 394 2396 corfiantur.
444 2349 573 2385 Nerva
593 2355 637 2385 ut
656 2347 857 2399 impendia
880 2346 1139 2395 contraheret,
1168 2347 1355 2384 sacrificia
1373 2359 1453 2383 non
1474 2357 1602 2396 pauca

153 2402 324 2439 sustulit.
381 2401 452 2441 sed
482 2417 622 2455 parum
652 2405 765 2441 nobis
799 2403 895 2456 quid
921 2404 1088 2455 gentiles
1121 2404 1326 2443 senserint.
1391 2401 1602 2439 Christiani

153 2456 440 2508 Christianam,
468 2473 604 2499 veram
622 2474 766 2511 nempe
787 2459 1005 2498 doctrinam
1024 2460 1320 2511 amplectimur,
1351 2466 1389 2496 et
1418 2455 1598 2494 denuda-

154 2515 304 2552 tionem
323 2516 561 2566 templorum
582 2518 774 2564 similem,
804 2518 838 2555 si
862 2518 1095 2564 necessitas,
1128 2528 1248 2567 quam
1271 2516 1380 2566 leges
1404 2514 1599 2565 praescri-

152 2570 276 2618 bunt,
307 2569 497 2620 defuerit,
528 2580 567 2611 et
597 2575 806 2611 auctoritas
825 2573 1018 2625 pontificis
1037 2571 1310 2619 concedentis,
1345 2570 1598 2607 detestamur.

154 2627 295 2663 Graeci
314 2628 407 2665 licet
425 2629 505 2666 suis
525 2641 682 2681 semper
700 2637 738 2667 et
757 2631 799 2666 in
820 2630 1001 2667 omuibus
1026 2628 1404 2678 supparasitarentur
1424 2628 1598 2676 impera-

154 2682 327 2730 toribus,
361 2685 539 2734 rapinam
560 2684 664 2723 hanc
685 2688 850 2726 summis
873 2686 992 2723 etiam
1012 2683 1255 2732 maledictis,
1286 2696 1365 2721 non
1389 2684 1472 2720 sine
1493 2680 1601 2718 indi-

155 2741 341 2789 guntione
374 2741 581 2778 lacessere.
646 2744 803 2780 Nicetes
832 2741 881 2779 de
906 2743 1055 2779 Isaacio
1085 2740 1239 2790 Angelo
1271 2747 1309 2777 et
1340 2740 1483 2776 Alexio
1518 2737 1599 2772 filio

155 2808 196 2845 p·
218 2797 300 2837 729
332 2798 372 2836 8.
429 2809 597 2848 quocum
626 2799 802 2835 conferre
833 2799 984 2836 iuvabit
1011 2809 1112 2849 quae
1142 2799 1257 2834 Anna
1283 2797 1482 2833 Comnena
1510 2805 1610 2841 nar-¹
