1924 3242
305 186 370 245 4‘2
931 201 1111 247 loeus

303 310 381 369 γὰρ
402 311 551 368 λέγεται
570 310 783 366 Ῥωμαϊστὶ
803 310 825 355 ὅ
846 312 1034 371 σφαγεῦς.
1077 313 1147 373 ἐφ’
1170 309 1218 358 οὗ
1239 317 1305 359 καὶ
1328 314 1349 359 ὅ
1367 315 1492 374 μέγας
1512 317 1744 376 ἐμπρησμὸς

303 380 457 436 γέγονεν
489 379 567 421 ἀπὸ
597 384 669 422 τοῦ
699 382 862 438 νεωρίου
884 383 999 439 μέχρι
1021 388 1094 426 τοῦ
1115 382 1226 440 ἁγίου
1253 385 1397 438 Θωμᾶ.
1465 388 1532 428 καὶ
1555 391 1625 442 τῆς
1644 391 1743 430 θεο-

302 445 422 490 τόκου
453 445 479 501 ἡ
501 447 627 502 ἐσθὴς
653 446 862 506 εὑρεθεῖσα
882 451 924 492 ἐν
936 449 1226 508 Ἱεροσολύμοις
1245 450 1356 509 παρά
1377 469 1453 495 τινι
1475 453 1743 511 εὖλαβεστάτῃ

301 516 456 570 γυναικὶ
478 513 664 572 ζΕ,ι5’ρα’ί·ὸ“ι
692 519 759 558 καὶ
789 519 978 576 παρθένῳ
1004 520 1118 576 ἶερῶς
1141 520 1439 577 φυλαττομένη,
1475 523 1540 563 καὶ
1563 523 1603 564 ἓν
1623 524 1740 565 Κων-

300 581 620 626 σταντινουπόλει
651 586 982 639 διακομισθεῖσα,
1017 588 1059 629 ἓν
1079 588 1328 644 Βλαχέρναις
1358 587 1532 643 ἄπετε-’θη
1545 620 1559 640 ‚
1596 587 1697 632 ἔνθα
1721 587 1776 634 55

248 652 281 688 D
300 650 491 703 βασιλεὺς
522 651 616 693 ναὸν
648 651 881 710 ᾠκοδόμησε
904 659 975 709 τῆς
999 653 1271 712 θεομήτορος,
1306 657 1373 696 καὶ
1394 655 1514 712 σορὸν
1533 657 1575 698 ἐκ
1589 660 1746 713 χρυσοῦ

300 719 367 760 καὶ
400 716 577 776 ἀργύρου
608 720 909 771 κατασκευάσας
939 723 1130 765 κατέθετο
1159 721 1330 778 ταύτην,
1368 722 1456 777 ἣτις
1480 724 1522 774 ἐξ
1545 724 1660 781 ἐρίων
1679 723 1744 766 εὖ-

299 784 499 843 φθάρτων
537 788 788 844 ἓξυφασμένη
829 791 896 830 καὶ
937 789 1145 845 στημόνων
1176 789 1408 845 ὃμοιοειδῶν
1436 793 1502 833 καὶ
1538 789 1746 848 ὁμοχρόων

297 851 583 911 ἄδιάφθαρτός
604 855 723 898 ἔστιν’
732 859 798 898 καὶ
821 855 1034 908 ἀδιάλυτος
1049 858 1166 915 μέχρι
1186 862 1259 900 τοῦ
1278 862 1361 910 νῦν,
1388 863 1460 913 τῆς
1478 859 1745 916 ἄειπαρθένου

299 921 347 963 τὸ
369 925 515 976 θαῦμα
537 927 680 980 σαφῶς
706 922 971 982 κηρύττουσα.
1039 924 1060 968 ὅ
1085 927 1130 969 δέ
1145 943 1187 983 γε
1209 926 1398 981 βασιλεὺς
1417 927 1542 969 Λέων
1563 929 1744 970 δυσεντε-
1759 931 1803 966 10

301 987 447 1046 ριᾶσας
470 990 683 1034 ἀπέθανεν.

438 1059 562 1101 Μετὰ
585 1060 628 1102 δὲ
645 1059 811 1103 Λέοντα
842 1060 1072 1114 ἐβασίλευσε
1094 1060 1219 1103 Λέων
1244 1060 1265 1103 ὃ
1288 1061 1430 1119 μικρὸς
1451 1060 1472 1103 ὅ
1496 1060 1654 1118 ἔκγονος
1673 1061 1757 1104 αὗ-’

302 1129 375 1167 τοῦ
385 1157 399 1177 ,
438 1124 460 1167 ὅ
485 1126 563 1168 ἀπὸ
589 1126 778 1182 Ζήνωνος
802 1130 868 1170 καὶ
882 1128 1105 1186 Ἀριάδνης,
1141 1129 1228 1179 ἴτος
1251 1130 1303 1172 ἕν.
1556 1125 1558 1127 ,

436 1194 561 1236 Μετὰ
583 1195 627 1237 ὁὲ
648 1195 813 1237 Λέοντα
839 1195 908 1238 τὸν
935 1195 1079 1252 μικρὸν
1107 1197 1336 1249 ἐβασίλευσε
1363 1194 1506 1251 Ζήνων
1527 1193 1749 1251 ὃἼσαυρος

167 1272 195 1305 P
220 1271 285 1308 172
307 1262 374 1303 καὶ
402 1261 535 1318 πατὴρ
564 1261 688 1303 αὐτοῦ
715 1261 782 1315 ἴτη
813 1260 881 1313 ια’,
917 1265 983 1304 καὶ
1015 1263 1193 1305 ἀπέθανε
1215 1261 1531 1320 ὃυσεντεριάσας.
1598 1261 1642 1312 ὃς
1664 1261 1750 1316 ἅμα
1761 1268 1803 1304 15

304 1332 364 1386 τῷ
380 1331 618 1382 βασιλεῖσαι
646 1329 946 1382 ἐπιβουλευθεὶς
971 1329 1083 1386 παρὰ
1104 1331 1281 1387 Βηρίνης
1300 1334 1372 1386 τῆς
1390 1334 1588 1388 πενθερᾶς
1612 1330 1750 1381 αὐτοῦ,

303 1395 490 1451 γυναικὸς
509 1396 692 1446 Λέοντος
709 1400 782 1438 τοῦ
799 1395 991 1452 μεγάλου,
1025 1395 1081 1447 ὥς
1099 1398 1210 1454 παρὰ
1231 1395 1392 1453 γνώμην
1413 1399 1538 1453 αὐτῆς
1559 1395 1750 1452 βασιλεύ-

304 1479 403 1515 σας,
437 1464 662 1520 προσέφυγε
692 1468 742 1520 τῇ
772 1465 855 1524 ἰδίᾳ
884 1466 1060 1522 πατρίδι.
1127 1463 1154 1520 ἦ
1178 1465 1222 1509 δὲ
1242 1467 1398 1522 Βηρίνα
1421 1459 1562 1520 {hiemps
1581 1459 1751 1507 Βασιλί·

301 1547 400 1574 σκον
420 1531 490 1574 τὸν
512 1531 688 1588 ἀδελφὸν
708 1531 845 1587 αὐτῆς.
910 1532 1012 1586 μετὰ
1040 1532 1084 1574 δὲ
1115 1537 1243 1575 ταῦτα
1263 1533 1406 1588 Ζήνων
1430 1532 1689 1590 ὑποστρέψας
1711 1533 1752 1574 ἓν

302 1597 737 1652 Κωνσταντινουπόλει,
763 1602 830 1642 καὶ
850 1604 991 1642 τοῦτον
1009 1599 1317 1657 χειρωσάμενος,
1350 1605 1400 1657 τῇ
1417 1602 1604 1659 ἐκκλησίᾳ
1622 1606 1806 1656 προσ-20

304 1666 483 1725 φυγόντα
513 1666 600 1721 ἅμα
629 1669 784 1722 γυναικὶ
815 1669 881 1709 καὶ
913 1669 1062 1716 τέκνοις
1084 1666 1267 1724 ἐξώρισεν
1287 1669 1328 1709 ἔν
1348 1672 1405 1725 τῷ
1427 1669 1608 1725 φρουρίῳ
1630 1670 1750 1709 Καπ-

301 1736 512 1787 παδοκίας,
543 1736 584 1777 ἓν
606 1729 639 1793 ᾦ
658 1735 877 1789 βληθέντες
897 1735 939 1777 ἒν
960 1734 1097 1792 πύργῳ
1114 1739 1185 1789 τῆς
1200 1733 1337 1791 θύρας
1356 1735 1652 1792 ἀναφραγείσης
1667 1736 1751 1777 ἔτε-

304 1801 512 1858 λεύτησαν.
580 1801 650 1859 ἐφ’
678 1797 726 1843 οὗ
749 1804 815 1844 καὶ
838 1801 1081 1858 Μαρτύριος
1102 1801 1375 1856 ὃἈντιοχειάς
1394 1803 1461 1844 διὰ
1482 1802 1553 1856 τὴν
1575 1807 1648 1844 τοῦ
1663 1801 1751 1855 Ζή-

253 1874 282 1909 Β
305 1887 428 1921 νωνος
451 1872 539 1928 περὶ
560 1870 631 1925 τὴν
650 1869 871 1928 ὀρθ·όὸοξον
885 1873 1014 1913 πίστιν
1029 1870 1277 1927 διαστροφὴν
1293 1868 1591 1924 ἀποταξάμενος
1603 1874 1652 1928 τῇ
1665 1871 1749 1912 ἓπι-
1766 1867 1769 1869 ’

306 2044 486 2089 significat.
533 2054 574 2078 ea
594 2046 798 2090 tempestate
819 2043 1006 2078 incendium
1023 2052 1174 2087 magnum
1189 2054 1210 2077 a
1224 2042 1353 2078 Neorio
1368 2041 1410 2076 ad
1424 2045 1572 2076 sanctum
1586 2042 1750 2076 'rhomam

308 2089 500 2123 saevissime
512 2095 700 2133 grassatum
716 2095 778 2124 est.
823 2089 997 2133 vestisque
1018 2088 1174 2133 deiparae
1187 2100 1290 2134 penes
1306 2088 1484 2133 piissimam
1499 2087 1659 2131 virginem
1675 2088 1749 2121 He-

309 2136 447 2168 braeam
462 2146 588 2168 summa
603 2136 820 2169 veneratione
834 2135 1013 2168 adservata
1028 2145 1102 2166 cum
1115 2133 1326 2175 innotuisset,
1350 2132 1481 2178 Cpolim
1500 2133 1641 2166 devecta
1659 2133 1748 2177 apud

308 2179 512 2214 Blachernas
531 2181 679 2224 reposita
694 2184 757 2215 est.
802 2180 848 2214 ibi
872 2180 1054 2225 imperator
1075 2179 1234 2223 templum
1257 2178 1311 2211 dei
1333 2178 1432 2211 matri
1446 2188 1575 2211 sacrum
1590 2179 1751 2220 extruxit,

309 2229 347 2258 et
360 2224 394 2258 in
410 2236 491 2258 arca
503 2236 544 2258 ex
561 2236 642 2258 auro
658 2230 865 2270 argentoque
878 2227 971 2258 facta
987 2224 1210 2258 conservavit.
1256 2223 1359 2257 vestis
1374 2234 1416 2256 ex
1431 2222 1531 2256 facile
1545 2223 1751 2267 putrescenti

310 2270 386 2303 lana
402 2274 437 2302 et
450 2270 645 2304 staminibus
660 2271 772 2304 forma
788 2271 968 2315 coloreque
982 2268 1142 2302 similibus
1154 2272 1324 2312 contexta,
1338 2279 1446 2311 neque
1460 2268 1627 2312 corrumpi
1642 2279 1751 2312 neque

309 2314 449 2348 dissolvi
464 2314 505 2347 ad
523 2315 608 2348 haec
623 2320 775 2359 tempora
784 2316 900 2368 potuit
910 2342 920 2358 ‚
956 2314 1170 2357 incorruptae
1186 2314 1273 2347 illius
1287 2324 1328 2347 ac
1342 2313 1534 2346 aeviternae
1549 2313 1752 2356 virginitatis

309 2364 552 2405 argumentum.
598 2360 670 2393 Leo
686 2372 768 2393 vero
784 2366 963 2405 imperator
978 2359 1141 2393 viscerum
1156 2359 1271 2392 morbo
1287 2358 1460 2392 confectus
1476 2358 1646 2394 occubuit.

399 2415 505 2450 Leoni
520 2415 683 2451 successit
698 2416 766 2450 Leo
781 2415 888 2450 iunior
904 2428 945 2450 ex
959 2416 1096 2450 Zenone
1109 2418 1145 2449 et
1158 2414 1305 2450 Ariadna
1317 2425 1432 2459 nepos.
1477 2414 1564 2449 rexit
1577 2414 1750 2460 imperium

308 2473 429 2498 annum
446 2472 557 2496 unum.

400 2518 486 2552 Post
501 2518 649 2551 Leonem
661 2517 753 2550 Zeno
765 2516 901 2551 Isaurus
926 2517 997 2550 eius
1014 2519 1113 2562 pater
1128 2515 1299 2560 imperium
1314 2515 1556 2550 administravit
1570 2526 1673 2550 annos
1687 2527 1750 2550 un-

308 2563 415 2599 decim
428 2588 438 2606 ,
459 2563 691 2606 viscerumque
706 2563 819 2596 morbo
834 2562 937 2595 vitam
952 2562 1072 2595 amisit.
1117 2562 1191 2606 ipso
1207 2561 1259 2594 sui
1274 2561 1403 2606 imperii
1418 2561 1597 2607 primordio
1613 2562 1655 2594 ab
1669 2561 1750 2595 insi-

311 2610 377 2644 diis
391 2608 534 2643 Berinae
549 2619 666 2642 socrus
683 2613 717 2641 et
731 2607 853 2641 Leonis
868 2607 985 2651 Magni
1002 2607 1113 2640 uxoris
1124 2632 1135 2649 ‚
1165 2611 1322 2651 tanquam
1343 2606 1400 2651 qui
1422 2619 1462 2641 ea
1477 2608 1676 2641 adversante
1689 2606 1749 2640 im-

336 2655 439 2689 erium
453 2654 633 2697 obtineret,
655 2653 720 2687 sibi
735 2663 858 2686 cavens
871 2652 907 2686 in
920 2652 1064 2698 patriam
1078 2652 1218 2696 aufugit.
1262 2652 1389 2686 Berina
1400 2652 1595 2686 Basiliscum
1610 2652 1749 2685 fratrem

310 2703 543 2745 imperatorem
560 2699 697 2732 creavit.
743 2702 823 2743 post
847 2699 930 2731 haec
954 2698 1046 2731 Zeno
1071 2697 1202 2741 cpolim
1227 2708 1384 2731 reversus
1407 2697 1616 2738 Basiliscum,
1645 2696 1702 2740 qui
1715 2696 1749 2729 in

311 2745 488 2779 ecclesiam
511 2756 577 2777 una
602 2755 674 2777 cum
697 2755 804 2777 uxore
830 2748 866 2777 et
888 2743 999 2776 liberis
1025 2743 1241 2786 confugerat,
1272 2747 1405 2787 captum
1420 2742 1520 2776 exilio
1535 2741 1655 2776 multat
1667 2745 1702 2774 et
1715 2741 1749 2774 in

311 2790 466 2837 oppidum
483 2789 722 2835 Cappadociae
739 2789 881 2832 relegat,
904 2788 961 2822 ubi
981 2793 1048 2822 tum
1063 2788 1180 2821 inclusi
1195 2787 1321 2822 foribus
1337 2787 1504 2822 obseratis
1520 2798 1539 2821 e
1553 2787 1624 2820 vita
1638 2796 1751 2819 cesse-

311 2840 399 2871 runt.
423 2836 485 2871 sub
502 2847 544 2870 eo
559 2834 744 2880 Martyrius
760 2834 986 2870 Antiochenus
1001 2833 1134 2879 praesul
1151 2836 1290 2880 propter
1304 2832 1450 2868 Zenonis
1464 2832 1497 2866 in
1512 2836 1636 2867 rectam
1651 2830 1751 2865 fidem
