1924 3242
775 169 1031 214 ANNALES.
1571 166 1636 214 31

190 277 358 342 Μεθ’
366 278 576 340 ’Θεοδώρῳ
597 279 626 337 ἦ
646 281 725 325 ἀπὸ
745 286 819 324 τοῦ
838 284 1057 326 Λοπαὸίου
1080 280 1302 340 ἀρχομένη,
1348 282 1416 325 καὶ
1441 282 1638 338 Προῦσαν

182 349 546 410 ’πῦρτλαμβάνουσα
576 351 645 392 καὶ
672 349 861 394 Νίκαιαν.
930 354 998 394 καὶ
1020 350 1124 394 οὕτω
1144 352 1218 406 μὲν
1240 350 1381 405 ξυνέβη
1402 354 1460 409 τῷ
1480 353 1646 403 βασιλεῖ’

5 445 13 473 3„
192 418 394 477 Θεοδώρῳ
414 419 466 462 τὰ
489 417 719 476 πράγματα.

330 487 405 534 16.
465 485 516 531 Ὅ
548 488 592 530 δὲ
623 486 825 545 εἰρημένος
851 484 1018 543 Ἐρρῆς,
1066 486 1101 529 εἰ
1130 487 1198 528 καὶ
1232 483 1422 544 Φρώγκος
1451 485 1498 529 τὸ
1527 486 1641 542 γένος

0 501 30 628 Ξ
154 554 422 613 ὅέτόγχανεν,
466 555 559 598 ἀλλ’
585 550 656 598 οὖν
677 562 760 606 τοῖς
775 553 987 610 Ῥωμαίοις
1011 556 1078 596 καὶ
1102 554 1301 610 ἲθαγενέσι
1323 559 1395 610 τῆς
1418 556 1638 598 Κωνοταν-

0 619 9 642 ²
187 627 298 669 τίνου
316 621 556 682 ἱλαρώτερον
573 624 853 682 προσεφέρετο,
883 624 950 665 καὶ
969 622 1143 672 πολλοὺς
1163 620 1238 676 εἶχε
1256 623 1350 673 τοὺς
1368 623 1441 677 μὲν
1462 630 1547 674 τοῖς
1565 640 1640 678 με-

0 682 33 742 ᾗ
187 691 327 751 γάλοις
351 691 496 736 τούτου
525 693 858 749 συντεταγμένους
890 691 984 741 τοὺς
1019 692 1062 734 δὲ
1090 697 1174 740 τοΐς
1201 690 1491 747 στρατιώταις,
1525 692 1571 734 τὸ
1595 691 1639 734 δὲ

0 744 35 802 ξ1
188 762 320 805 κοινὸν
348 763 507 817 πλῆθος
538 760 593 812 ὡς
614 763 755 804 οῗκεῖον
782 767 952 816 περιεῖπε
978 757 1088 802 λαόν.
1157 758 1320 816 καὶγὰρ
1341 758 1637 816 περιγενόμενος
1658 775 1689 812 c

0 774 34 886 {J
187 833 268 873 τῶν
281 827 513 884 Ῥωμαϊκῶν
543 828 694 874 ἄστεων
722 831 957 872 Λεντιανῶν
986 845 1028 871 τε
1059 829 1126 870 καὶ
1153 829 1439 882 Ποιμανηνυῦ,
1473 829 1540 870 καὶ
1564 827 1637 870 ἅν-

0 877 37 944 ξ
132 907 178 943 10
189 899 292 956 δρας
318 897 389 940 τὸν
408 897 529 954 ’Άρην
557 899 747 948 πνέοντας
775 899 842 940 καὶ
863 895 959 954 ἔργα
980 900 1118 951 ψυχῆς
1140 897 1320 952 γενναίας
1343 897 1639 951 ἐνδειξαμένους

0 948 21 1023 {f
182 964 242 1017 ὥς
260 964 425 1023 ἕρμαιόν
443 961 482 1008 τι
505 966 664 1016 ἐδέξατο
685 964 878 1023 ἓφευρών.
925 966 966 1007 ἓν
986 965 1063 1022 γὰρ
1089 968 1146 1022 τῷ
1170 968 1249 1007 τῶν
1268 964 1504 1007 Λεντιανῶν
1524 965 1636 1007 ἄστει

0 1033 31 1097 ῗξ
183 1034 232 1076 οὗ
251 1031 376 1088 μόνον
393 1032 535 1084 σπάνις
554 1033 704 1084 ὕδατος
722 1034 816 1084 τοὺς
838 1032 1115 1091 φυλάττοντας
1134 1033 1340 1083 ἓξέκαυσεν
1348 1065 1362 1085 ,
1407 1033 1500 1075 οὐδ’
1530 1032 1590 1076 ὅτι
1612 1031 1635 1075 ὃ

0 1072 9 1156 l
182 1102 300 1156 λιμὸς
320 1103 388 1144 καὶ
408 1101 532 1157 σκύτη
555 1109 695 1159 φαγεῖν
717 1102 864 1153 αὐτοὺς
884 1100 1180 1157 κατηνάγκασεν
1211 1101 1262 1144 τὰ
1294 1101 1372 1143 ἀπὸ
1401 1105 1482 1143 τῶν
1515 1101 1636 1144 ἀσπί-

0 1171 20 1222 5
185 1171 266 1213 δων
295 1172 362 1212 καὶ
393 1171 636 1227 ἐφεστρίδιον
668 1171 800 1213 αὐτῶν
807 1203 821 1222 ,
870 1170 974 1212 ἀλλὰ
997 1172 1063 1212 καὶ
1084 1177 1212 1224 τεῖχος
1232 1170 1279 1211 οὗ
1300 1168 1638 1227 μικροὸιάστατον

0 1225 17 1262 ’ξ
130 1244 174 1282 15
185 1236 490 1288 ταῒςέλεπόλεσι
510 1237 754 1291 καταπεσόν,
796 1239 898 1293 μετὰ
920 1240 1106 1294 μεγίστης
1123 1242 1320 1295 πυρκαϊᾶς
1338 1236 1638 1296 τεσσαράκοντα

183 1304 338 1362 ἡμέρας
358 1304 580 1362 ἐφύλαττον
598 1311 730 1357 τοῦτο,
758 1307 983 1360 ἀμοιβαδὸν
1002 1311 1052 1362 τῇ
1071 1311 1247 1365 πυρκαϊᾷ
1266 1305 1636 1363 προσεπισωρεύον-

179 1391 248 1424 τες
266 1372 380 1424 ξύλα.
448 1375 718 1431 κρατηθέντος
737 1378 832 1429 γοῦν
852 1379 926 1416 τοῦ
945 1373 1096 1423 ἄστεως
1118 1374 1247 1423 οὐδεὶς
1267 1375 1309 1424 ἐξ
1331 1375 1464 1417 αὐτῶν
1489 1375 1635 1418 ἀπολέ-
1655 1389 1688 1426 1)

156 1461 158 1464 ’
181 1445 300 1485 λυται
335 1444 370 1484 εἲ
397 1441 456 1496 μὴ
478 1441 602 1495 μόνος
621 1440 643 1484 ὃ
667 1446 740 1484 τοῦ
758 1443 957 1497 βασιλέως
980 1441 1231 1498 αὖτάὸελφος
1250 1444 1317 1484 καὶ
1340 1440 1361 1484 ὃ
1385 1445 1440 1493 εἰς
1459 1441 1636 1499 ἡγεμόνα

176 1514 256 1552 τοῦ
286 1507 586 1566 στρατεύματος
614 1511 848 1566 τεταγμένος
878 1511 1159 1567 Δερμοκαί’·της
1193 1512 1260 1552 καὶ
1297 1507 1317 1552 ὃ
1353 1509 1636 1568 Παλαιολόγος

126 1575 450 1635 ωἈνδρόνικος,
486 1576 553 1629 ὅν,
589 1576 644 1627 ὥς
666 1576 687 1620 ὃ
711 1577 828 1634 λόγος
849 1579 1033 1635 πέφθακε
1057 1581 1258 1633 δηλῶσαι,
1292 1581 1359 1621 καὶ
1380 1580 1528 1639 εῗςῑτὴν
1552 1585 1636 1623 Sv-

180 1646 330 1703 γατέρα
350 1645 477 1688 αὐτοῦ’
496 1644 671 1703 Εἰρήνην
691 1647 876 1703 γαμβρὸν
898 1645 918 1688 ὅ
939 1647 1128 1700 βασιλεὺς
1147 1643 1429 1704 προσελάβετο.
1481 1646 1636 1700 πάντας

183 1714 227 1757 δὲ
256 1713 351 1764 τοὺς
382 1713 529 1764 ἄλλους
557 1712 578 1756 ὃ
603 1714 750 1772 Ἐρρῆς
776 1713 1064 1769 συλλεξάμενος
1092 1717 1158 1757 καὶ
1189 1715 1293 1757 κατὰ
1311 1715 1402 1766 ἴλας
1421 1715 1633 1771 συντάξας,

273 1821 298 1857 2
310 1820 375 1856 καὶ
391 1817 490 1856 οὕτω
501 1839 544 1848 -
557 1818 752 1866 πράγματα
768 1832 820 1855 om
835 1822 868 1856 D
982 1821 1004 1858 5
1019 1815 1067 1867 ἦν
1081 1823 1113 1857 D
1204 1822 1284 1867 τῆς]
1301 1824 1380 1863 τοῖς
1395 1823 1427 1858 D
1521 1825 1544 1859 6
1557 1823 1635 1867 μεί-

271 1867 372 1910 ζοσιν
397 1864 514 1902 αὐτοῦ
537 1867 569 1901 D
706 1870 726 1902 8
743 1868 891 1912 πλῆθος
914 1878 966 1902 om
989 1868 1020 1901 D
1155 1864 1422 1924 9Ῥωμαϊκῶν]
1445 1870 1584 1903 λοιπῶν
1598 1870 1632 1903 D

271 1923 311 1947 τε
338 1923 392 1946 om
421 1912 454 1946 D
591 1916 635 1948 10
662 1910 748 1957 ἔργα
777 1918 851 1959 post
879 1913 1052 1957 γενναίας
1080 1913 1113 1948 D
1252 1916 1295 1950 12
1322 1917 1577 1958 φυλασσοντας
1597 1915 1632 1948 D

271 1958 316 1994 13
330 1954 472 1998 αὐτοὺς
491 1960 623 2002 φαγεῖν
638 1957 669 1991 D
805 1955 853 1992 τοὶ
883 1955 960 1994 ἀπὸ
986 1959 1076 2002 τῶν]
1106 1956 1177 1993 ἀπ’
1199 1959 1233 1994 D
1373 1961 1416 1996 14
1428 1958 1634 2004 μακροδιοὶ-

270 2012 404 2038 στατον
418 2003 451 2037 D
567 2005 610 2038 17
625 1999 792 2038 οἷπαῖλετο
809 2004 840 2038 D
949 2006 991 2040 18
1005 2002 1123 2048 μόνον
1137 2004 1169 2039 D
1282 2006 1327 2040 20
1344 2001 1363 2040 ὁ
1382 2025 1427 2031 —-
1445 2006 1633 2051 δηλῶσαι]

272 2045 366 2094 ἔφην
382 2048 413 2083 D
506 2050 550 2084 21
569 2046 689 2083 αὐτοῦ
711 2047 731 2084 ὁ
749 2047 919 2095 βασιλεὺς
940 2048 1187 2096 προσελάβετο
1205 2049 1371 2096 γαμβρόν
1385 2051 1429 2086 D.

179 2139 282 2175 dorus
296 2138 549 2183 dominabatur,
580 2150 668 2186 quae
687 2150 707 2174 a
722 2139 878 2185 Lopadio
893 2140 1088 2186 principium
1103 2141 1231 2176 habens
1245 2141 1386 2176 Prusam
1399 2142 1631 2189 Nicaeamque

179 2194 242 2221 no
257 2185 383 2220 ambitu
398 2185 560 2220 continet.
607 2190 643 2219 et
656 2185 704 2219 sic
719 2186 904 2220 Theodoro
920 2186 1114 2231 imperatori
1131 2199 1187 2222 res
1206 2191 1388 2223 cesserant.

272 2232 325 2266 16.
373 2231 441 2265 Sed
460 2232 579 2265 Ericus
594 2231 674 2265 licet
688 2232 791 2265 Italus
807 2244 950 2275 genere,
974 2233 1144 2268 Romanos
1169 2238 1281 2267 tamen
1301 2238 1336 2268 et
1356 2233 1561 2277 Byzantinos
1574 2233 1630 2268 in-

179 2274 319 2320 digenas
333 2276 499 2322 placidius
514 2277 727 2322 sedatiusque
747 2278 1021 2323 amplectebatur,
1046 2283 1080 2312 et
1097 2290 1139 2313 ex
1155 2279 1220 2313 illis
1237 2279 1349 2324 plures
1365 2279 1453 2312 inter
1469 2279 1629 2324 primaten

182 2321 429 2365 collocaverat,
465 2323 550 2356 alios
574 2323 663 2356 inter
684 2323 820 2357 militem
846 2323 1140 2366 adnumeraverat,
1175 2325 1307 2369 plebem
1327 2336 1408 2358 vero
1424 2325 1529 2358 veluti
1545 2337 1627 2370 pro-

179 2364 288 2411 prium
310 2368 466 2422 populum
487 2367 636 2402 fovebat.
684 2369 807 2402 etenim
833 2368 993 2403 Romanis
1010 2370 1147 2404 urbibus
1162 2370 1335 2404 Lentianis
1358 2381 1399 2404 ac
1413 2371 1627 2405 Poemaneno

181 2418 401 2456 expugnans,
430 2413 524 2447 viros
546 2414 581 2447 in
603 2414 667 2448 illis
682 2414 827 2448 Martem
850 2415 1016 2460 spirantes
1041 2419 1076 2449 et
1098 2415 1196 2450 editis
1220 2416 1425 2450 facinoribus
1441 2417 1627 2460 singulares

179 2460 314 2501 praeter
328 2468 420 2503 spem
433 2458 590 2494 inventos
603 2459 637 2493 in
654 2460 745 2493 lucro
760 2460 946 2506 deputavit.
993 2472 1068 2495 nam
1085 2461 1254 2495 Lentianis
1271 2473 1338 2496 non
1357 2462 1454 2496 modo
1471 2463 1628 2496 custodes

181 2511 339 2546 aquarum
356 2504 494 2548 penuria
515 2505 660 2548 afflixit,
695 2517 811 2539 verum
827 2510 862 2539 et
876 2506 971 2540 famis
986 2507 1071 2541 adeo
1087 2507 1295 2541 excruciavit
1307 2512 1345 2542 ut
1360 2513 1529 2542 scutorum
1546 2519 1626 2542 nec-

179 2557 247 2581 non
261 2547 452 2592 sagulorum
467 2550 572 2594 pelles
587 2551 762 2586 comedere
777 2552 936 2596 compulsi
956 2552 1032 2589 sint.
1076 2564 1205 2586 murum
1221 2553 1320 2587 etiam
1335 2554 1494 2587 machinis
1507 2554 1625 2587 admo-

178 2591 224 2626 tis
237 2593 309 2631 solo
324 2597 513 2639 aequatum,
535 2596 680 2641 ideoque
694 2600 791 2630 vaste
805 2609 846 2631 ac
860 2597 1028 2642 profunde
1044 2598 1187 2632 hiantem
1203 2609 1297 2632 unus¹
1302 2603 1379 2643 post
1393 2599 1493 2633 alium
1509 2599 1626 2633 incen-

178 2637 236 2671 dio
259 2637 347 2683 ligna
368 2650 590 2684 snper-gerens
611 2653 674 2687 per
691 2642 916 2688 quadraginta
935 2643 1006 2677 dies
1023 2643 1254 2678 defenderunt.
1299 2644 1433 2678 tandem
1448 2646 1531 2679 urbe
1547 2656 1625 2690 per-

177 2682 316 2725 domita,
340 2684 448 2718 nullus
463 2696 504 2719 ex
519 2687 748 2721 defensoribus
763 2693 902 2733 praeter
916 2699 1106 2733 germanum
1121 2689 1332 2734 imperatoris
1346 2691 1497 2732 fratrem,
1518 2697 1552 2724 et
1567 2690 1624 2734 qui

176 2728 338 2763 exercitui
360 2734 519 2774 praeerat
543 2731 806 2776 Dermocaitem‚
839 2739 875 2768 et
890 2734 1128 2778 Palaeologum
1145 2734 1388 2778 Andronicum,
1425 2736 1477 2769 cui
1492 2736 1623 2769 Irenem

174 2773 276 2808 filiam
291 2774 485 2820 imperator,
508 2779 546 2809 ut
559 2781 659 2811 antea
674 2777 824 2818 diximus,
848 2779 1085 2821 collocaverat,
1107 2780 1216 2824 pretio
1231 2781 1423 2826 redemptus
1439 2786 1500 2814 est.
1543 2780 1622 2824 quin

163 2819 328 2855 .omnibu⁸
342 2819 468 2855 Ericus
480 2819 516 2856 in
531 2831 631 2857 unum
646 2824 840 2858 convocatis
854 2828 890 2859 et
904 2825 939 2859 in
954 2830 1081 2860 turmas
1095 2835 1138 2859 ac
1153 2826 1306 2861 cohortes
1321 2826 1503 2873 dissipatis,
1526 2825 1621 2859 duci-
