<?xml version="1.0" encoding="UTF-8"?>
<!DOCTYPE html PUBLIC "-//W3C//DTD XHTML 1.0 Transitional//EN"
    "http://www.w3.org/TR/xhtml1/DTD/xhtml1-transitional.dtd">
<html xmlns="http://www.w3.org/1999/xhtml" xml:lang="en" lang="en">
 <head>
  <title>
</title>
<meta http-equiv="Content-Type" content="text/html;charset=utf-8" />
  <meta name='ocr-system' content='tesseract 3.04.00' />
  <meta name='ocr-capabilities' content='ocr_page ocr_carea ocr_par ocr_line ocrx_word'/>
</head>
<body>
  <div class='ocr_page' id='page_1' title='image "./corpusscriptorum06niebuoft_0164.png"; bbox 0 0 1872 3236; ppageno 0'>
   <div class='ocr_carea' id='block_1_1' title="bbox 345 203 1403 266">
    <p class='ocr_par' dir='ltr' id='par_1_1' title="bbox 345 203 1403 266">
     <span class='ocr_line' id='line_1_1' title="bbox 345 203 1403 266; baseline -0.001 -8"><span class='ocrx_word' id='word_1_1' title='bbox 345 211 438 258; x_wconf 89' lang='lat'><strong>148</strong></span> <span class='ocrx_word' id='word_1_2' title='bbox 723 203 1114 266; x_wconf 45' lang='grc' dir='ltr'><strong>(ΞΟΝΒΤΔΝἸἸΝΙλ</strong></span> <span class='ocrx_word' id='word_1_3' title='bbox 1136 212 1403 258; x_wconf 84' lang='lat' dir='ltr'>MANASSIS</span> 
     </span>
    </p>
   </div>
   <div class='ocr_carea' id='block_1_2' title="bbox 227 322 1641 1874">
    <p class='ocr_par' dir='ltr' id='par_1_2' title="bbox 341 322 1641 516">
     <span class='ocr_line' id='line_1_2' title="bbox 341 322 1641 384; baseline 0.003 -18"><span class='ocrx_word' id='word_1_4' title='bbox 341 324 450 367; x_wconf 82' lang='lat'>3435</span> <span class='ocrx_word' id='word_1_5' title='bbox 536 322 646 367; x_wconf 80' lang='grc' dir='ltr'><strong><em>Ἀλλ’</em></strong></span> <span class='ocrx_word' id='word_1_6' title='bbox 674 323 1002 379; x_wconf 77' lang='grc' dir='ltr'><strong><em>ε’πανακαμπτέον</em></strong></span> <span class='ocrx_word' id='word_1_7' title='bbox 1020 342 1090 380; x_wconf 91' lang='grc' dir='ltr'><strong><em>μοι</em></strong></span> <span class='ocrx_word' id='word_1_8' title='bbox 1111 325 1212 383; x_wconf 85' lang='grc' dir='ltr'><strong><em>πρὸς</em></strong></span> <span class='ocrx_word' id='word_1_9' title='bbox 1232 324 1283 369; x_wconf 78' lang='grc' dir='ltr'><strong>τὰ</strong></span> <span class='ocrx_word' id='word_1_10' title='bbox 1305 330 1378 381; x_wconf 81' lang='grc' dir='ltr'><strong>τῆς</strong></span> <span class='ocrx_word' id='word_1_11' title='bbox 1399 325 1590 384; x_wconf 77' lang='grc' dir='ltr'><strong><em>ἱστορίας.</em></strong></span> <span class='ocrx_word' id='word_1_12' title='bbox 1636 344 1641 349; x_wconf 46' lang='lat'>³</span> 
     </span>
     <span class='ocr_line' id='line_1_3' title="bbox 476 392 1547 450; baseline 0.004 -17"><span class='ocrx_word' id='word_1_13' title='bbox 476 397 592 434; x_wconf 79' lang='grc' dir='ltr'><strong><em>τοῦτο</em></strong></span> <span class='ocrx_word' id='word_1_14' title='bbox 616 392 788 443; x_wconf 77' lang='grc' dir='ltr'><strong><em>πολλοὺς</em></strong></span> <span class='ocrx_word' id='word_1_15' title='bbox 808 392 995 450; x_wconf 69' lang='grc' dir='ltr'><strong>ἐφόβησε,</strong></span> <span class='ocrx_word' id='word_1_16' title='bbox 1030 398 1147 436; x_wconf 83' lang='grc' dir='ltr'><strong><em>τοῦτο</em></strong></span> <span class='ocrx_word' id='word_1_17' title='bbox 1170 393 1342 443; x_wconf 75' lang='grc' dir='ltr'><strong><em>πολλοὺς</em></strong></span> <span class='ocrx_word' id='word_1_18' title='bbox 1362 395 1547 449; x_wconf 72' lang='grc' dir='ltr'><strong><em>ἐπέσχεν·</em></strong></span> 
     </span>
     <span class='ocr_line' id='line_1_4' title="bbox 475 460 1411 516; baseline 0.002 -15"><span class='ocrx_word' id='word_1_19' title='bbox 475 461 659 502; x_wconf 70' lang='grc' dir='ltr'><strong><em>ἐντεῦθεν</em></strong></span> <span class='ocrx_word' id='word_1_20' title='bbox 681 460 979 516; x_wconf 79' lang='grc' dir='ltr'><strong><em>συνεστάλησαν</em></strong></span> <span class='ocrx_word' id='word_1_21' title='bbox 1001 464 1138 503; x_wconf 83' lang='grc' dir='ltr'><strong><em>πολλοὶ</em></strong></span> <span class='ocrx_word' id='word_1_22' title='bbox 1160 466 1231 516; x_wconf 85' lang='grc' dir='ltr'><strong>τῆς</strong></span> <span class='ocrx_word' id='word_1_23' title='bbox 1253 462 1411 511; x_wconf 79' lang='grc' dir='ltr'><strong><em>ἀδικίας</em></strong></span> 
     </span>
    </p>

    <p class='ocr_par' dir='ltr' id='par_1_3' title="bbox 295 526 1574 653">
     <span class='ocr_line' id='line_1_5' title="bbox 295 526 1516 586; baseline 0.002 -18"><span class='ocrx_word' id='word_1_24' title='bbox 295 541 326 574; x_wconf 88' lang='lat' dir='ltr'>D</span> <span class='ocrx_word' id='word_1_25' title='bbox 479 527 551 581; x_wconf 74' lang='grc' dir='ltr'><strong>τὴν</strong></span> <span class='ocrx_word' id='word_1_26' title='bbox 571 526 766 583; x_wconf 71' lang='grc' dir='ltr'><strong><em>πρόθεσιν</em></strong></span> <span class='ocrx_word' id='word_1_27' title='bbox 782 531 848 571; x_wconf 81' lang='grc' dir='ltr'><strong>καὶ</strong></span> <span class='ocrx_word' id='word_1_28' title='bbox 866 529 938 584; x_wconf 82' lang='grc' dir='ltr'><strong>τὴν</strong></span> <span class='ocrx_word' id='word_1_29' title='bbox 956 528 1084 586; x_wconf 76' lang='grc' dir='ltr'><strong><em>ὁρμὴν</em></strong></span> <span class='ocrx_word' id='word_1_30' title='bbox 1102 528 1176 584; x_wconf 74' lang='grc' dir='ltr'><strong>τὴν</strong></span> <span class='ocrx_word' id='word_1_31' title='bbox 1197 531 1252 578; x_wconf 77' lang='grc' dir='ltr'><strong><em>εἷς</em></strong></span> <span class='ocrx_word' id='word_1_32' title='bbox 1268 531 1516 580; x_wconf 75' lang='grc' dir='ltr'><strong><em>πλεονεξίαν·</em></strong></span> 
     </span>
     <span class='ocr_line' id='line_1_6' title="bbox 476 595 1574 653; baseline 0.002 -17"><span class='ocrx_word' id='word_1_33' title='bbox 476 596 521 636; x_wconf 83' lang='grc' dir='ltr'><strong>τὸ</strong></span> <span class='ocrx_word' id='word_1_34' title='bbox 541 595 872 653; x_wconf 69' lang='grc' dir='ltr'><strong><em>δυσπαράκλητον</em></strong></span> <span class='ocrx_word' id='word_1_35' title='bbox 889 599 954 639; x_wconf 83' lang='grc' dir='ltr'><strong>καὶ</strong></span> <span class='ocrx_word' id='word_1_36' title='bbox 979 597 1055 653; x_wconf 79' lang='grc' dir='ltr'><strong>γὰρ</strong></span> <span class='ocrx_word' id='word_1_37' title='bbox 1075 599 1141 639; x_wconf 88' lang='grc' dir='ltr'><strong>καὶ</strong></span> <span class='ocrx_word' id='word_1_38' title='bbox 1161 596 1336 653; x_wconf 79' lang='grc' dir='ltr'><strong><em>φοβερὸν</em></strong></span> <span class='ocrx_word' id='word_1_39' title='bbox 1357 599 1411 646; x_wconf 78' lang='grc' dir='ltr'><strong><em>εἷς</em></strong></span> <span class='ocrx_word' id='word_1_40' title='bbox 1427 598 1574 653; x_wconf 77' lang='grc' dir='ltr'><strong><em>κρίσεις</em></strong></span> 
     </span>
    </p>

    <p class='ocr_par' dir='ltr' id='par_1_4' title="bbox 340 661 1505 993">
     <span class='ocr_line' id='line_1_7' title="bbox 340 661 1503 721; baseline 0.003 -17"><span class='ocrx_word' id='word_1_41' title='bbox 340 661 450 705; x_wconf 79' lang='lat'><strong>3440</strong></span> <span class='ocrx_word' id='word_1_42' title='bbox 475 667 547 705; x_wconf 82' lang='grc' dir='ltr'><strong>τοῦ</strong></span> <span class='ocrx_word' id='word_1_43' title='bbox 567 665 757 707; x_wconf 72' lang='grc' dir='ltr'><strong><em>δικαστοῦ</em></strong></span> <span class='ocrx_word' id='word_1_44' title='bbox 778 665 999 708; x_wconf 70' lang='grc' dir='ltr'><strong><em>κατέσεισεν</em></strong></span> <span class='ocrx_word' id='word_1_45' title='bbox 1021 663 1207 707; x_wconf 78' lang='grc' dir='ltr'><strong><em>ἁπάντων</em></strong></span> <span class='ocrx_word' id='word_1_46' title='bbox 1227 664 1301 714; x_wconf 81' lang='grc' dir='ltr'><strong>τὰς</strong></span> <span class='ocrx_word' id='word_1_47' title='bbox 1321 666 1503 721; x_wconf 77' lang='grc' dir='ltr'><strong><em>καρδίας.</em></strong></span> 
     </span>
     <span class='ocr_line' id='line_1_8' title="bbox 476 731 1406 789; baseline 0.001 -17"><span class='ocrx_word' id='word_1_48' title='bbox 476 731 591 773; x_wconf 65' lang='grc' dir='ltr'><strong><em>ἔνθεν</em></strong></span> <span class='ocrx_word' id='word_1_49' title='bbox 611 731 760 787; x_wconf 72' lang='grc' dir='ltr'><strong><em>γαλήνη</em></strong></span> <span class='ocrx_word' id='word_1_50' title='bbox 783 738 990 787; x_wconf 81' lang='grc' dir='ltr'><strong><em>πανταχοῦ</em></strong></span> <span class='ocrx_word' id='word_1_51' title='bbox 1009 737 1080 787; x_wconf 77' lang='grc' dir='ltr'><strong>τῆς</strong></span> <span class='ocrx_word' id='word_1_52' title='bbox 1103 733 1406 789; x_wconf 76' lang='grc' dir='ltr'><strong><em>δικαιοπραγίας</em></strong></span> 
     </span>
     <span class='ocr_line' id='line_1_9' title="bbox 475 793 1505 856; baseline 0.003 -16"><span class='ocrx_word' id='word_1_53' title='bbox 475 799 560 841; x_wconf 78' lang='grc' dir='ltr'><strong><em>ἀντὶ</em></strong></span> <span class='ocrx_word' id='word_1_54' title='bbox 578 805 776 854; x_wconf 80' lang='grc' dir='ltr'><strong><em>χειμῶνος</em></strong></span> <span class='ocrx_word' id='word_1_55' title='bbox 797 803 862 843; x_wconf 85' lang='grc' dir='ltr'><strong>καὶ</strong></span> <span class='ocrx_word' id='word_1_56' title='bbox 882 805 1050 856; x_wconf 76' lang='grc' dir='ltr'><strong><em>στυγνῆς</em></strong></span> <span class='ocrx_word' id='word_1_57' title='bbox 1070 801 1244 854; x_wconf 72' lang='grc' dir='ltr'><strong><em>θυέλλης</em></strong></span> <span class='ocrx_word' id='word_1_58' title='bbox 1264 793 1505 856; x_wconf 64' lang='grc' dir='ltr'><strong><em>ἒᾲιηπλώθη.</em></strong></span> 
     </span>
     <span class='ocr_line' id='line_1_10' title="bbox 475 867 1431 925; baseline 0.001 -17"><span class='ocrx_word' id='word_1_59' title='bbox 475 867 561 909; x_wconf 78' lang='grc' dir='ltr'><strong><em>ἀντὶ</em></strong></span> <span class='ocrx_word' id='word_1_60' title='bbox 583 867 771 921; x_wconf 81' lang='grc' dir='ltr'><strong><em>κυμάτων</em></strong></span> <span class='ocrx_word' id='word_1_61' title='bbox 793 871 858 910; x_wconf 80' lang='grc' dir='ltr'><strong>καὶ</strong></span> <span class='ocrx_word' id='word_1_62' title='bbox 879 873 1077 925; x_wconf 77' lang='grc' dir='ltr'><strong><em>βρασμῶν</em></strong></span> <span class='ocrx_word' id='word_1_63' title='bbox 1100 869 1281 924; x_wconf 66' lang='grc' dir='ltr'><strong><em>ἐγέλασεν</em></strong></span> <span class='ocrx_word' id='word_1_64' title='bbox 1305 868 1431 919; x_wconf 73' lang='grc' dir='ltr'><strong><em>εὐδία,</em></strong></span> 
     </span>
     <span class='ocr_line' id='line_1_11' title="bbox 476 935 1367 993; baseline 0 -17"><span class='ocrx_word' id='word_1_65' title='bbox 476 937 542 976; x_wconf 81' lang='grc' dir='ltr'><strong>καὶ</strong></span> <span class='ocrx_word' id='word_1_66' title='bbox 563 936 732 991; x_wconf 75' lang='grc' dir='ltr'><strong><em>πέλαγος</em></strong></span> <span class='ocrx_word' id='word_1_67' title='bbox 752 935 957 993; x_wconf 77' lang='grc' dir='ltr'><strong><em>ἀτάραχον</em></strong></span> <span class='ocrx_word' id='word_1_68' title='bbox 980 937 1135 978; x_wconf 72' lang='grc' dir='ltr'><strong><em>ἕπλεέτο</em></strong></span> <span class='ocrx_word' id='word_1_69' title='bbox 1159 940 1231 978; x_wconf 83' lang='grc' dir='ltr'><strong>τοῦ</strong></span> <span class='ocrx_word' id='word_1_70' title='bbox 1249 937 1367 989; x_wconf 80' lang='grc' dir='ltr'><strong><em>βίου·</em></strong></span> 
     </span>
    </p>

    <p class='ocr_par' dir='ltr' id='par_1_5' title="bbox 340 1001 1498 1128">
     <span class='ocr_line' id='line_1_12' title="bbox 340 1001 1486 1060; baseline 0.002 -18"><span class='ocrx_word' id='word_1_71' title='bbox 340 1001 449 1044; x_wconf 80' lang='lat'><strong>3445</strong></span> <span class='ocrx_word' id='word_1_72' title='bbox 475 1008 629 1057; x_wconf 78' lang='grc' dir='ltr'><strong><em>πνεῦμα</em></strong></span> <span class='ocrx_word' id='word_1_73' title='bbox 650 1008 752 1054; x_wconf 69' lang='grc' dir='ltr'><strong>θεοῦ</strong></span> <span class='ocrx_word' id='word_1_74' title='bbox 770 1004 846 1060; x_wconf 80' lang='grc' dir='ltr'><strong>γὰρ</strong></span> <span class='ocrx_word' id='word_1_75' title='bbox 868 1004 1052 1060; x_wconf 77' lang='grc' dir='ltr'><strong><em>ἄντικρυς</em></strong></span> <span class='ocrx_word' id='word_1_76' title='bbox 1073 1005 1250 1046; x_wconf 73' lang='grc' dir='ltr'><strong><em>ἓπέπνεεν</em></strong></span> <span class='ocrx_word' id='word_1_77' title='bbox 1271 1002 1486 1058; x_wconf 72' lang='grc' dir='ltr'><strong><em>ἡδύπνουν,</em></strong></span> 
     </span>
     <span class='ocr_line' id='line_1_13' title="bbox 474 1070 1498 1128; baseline -0.001 -15"><span class='ocrx_word' id='word_1_78' title='bbox 474 1073 539 1113; x_wconf 81' lang='grc' dir='ltr'><strong>καὶ</strong></span> <span class='ocrx_word' id='word_1_79' title='bbox 564 1074 790 1127; x_wconf 77' lang='grc' dir='ltr'><strong><em>κατεσίγαζε</em></strong></span> <span class='ocrx_word' id='word_1_80' title='bbox 818 1072 949 1121; x_wconf 73' lang='grc' dir='ltr'><strong><em>δεινὰς</em></strong></span> <span class='ocrx_word' id='word_1_81' title='bbox 970 1074 1037 1113; x_wconf 82' lang='grc' dir='ltr'><strong>καὶ</strong></span> <span class='ocrx_word' id='word_1_82' title='bbox 1061 1070 1343 1128; x_wconf 64' lang='grc' dir='ltr'><strong><em>πολυρρόδους</em></strong></span> <span class='ocrx_word' id='word_1_83' title='bbox 1363 1070 1498 1123; x_wconf 83' lang='grc' dir='ltr'><strong><em>ζάλας.</em></strong></span> 
     </span>
    </p>

    <p class='ocr_par' dir='ltr' id='par_1_6' title="bbox 472 1138 1573 1329">
     <span class='ocr_line' id='line_1_14' title="bbox 544 1138 1531 1197; baseline 0 -17"><span class='ocrx_word' id='word_1_84' title='bbox 544 1138 688 1197; x_wconf 75' lang='grc' dir='ltr'><strong><em>Τούτῳ</em></strong></span> <span class='ocrx_word' id='word_1_85' title='bbox 713 1145 834 1194; x_wconf 82' lang='grc' dir='ltr'><strong><em>συνῆν</em></strong></span> <span class='ocrx_word' id='word_1_86' title='bbox 856 1145 914 1196; x_wconf 72' lang='grc' dir='ltr'><strong>τῷ</strong></span> <span class='ocrx_word' id='word_1_87' title='bbox 932 1144 1096 1194; x_wconf 78' lang='grc' dir='ltr'><strong><em>βασιλεῖ</em></strong></span> <span class='ocrx_word' id='word_1_88' title='bbox 1112 1142 1177 1181; x_wconf 80' lang='grc' dir='ltr'><strong>καὶ</strong></span> <span class='ocrx_word' id='word_1_89' title='bbox 1198 1138 1365 1194; x_wconf 77' lang='grc' dir='ltr'><strong><em>σύζυγος</em></strong></span> <span class='ocrx_word' id='word_1_90' title='bbox 1383 1140 1531 1196; x_wconf 72' lang='grc' dir='ltr'><strong><em>Σοφία,</em></strong></span> 
     </span>
     <span class='ocr_line' id='line_1_15' title="bbox 476 1205 1395 1263; baseline 0.001 -16"><span class='ocrx_word' id='word_1_91' title='bbox 476 1206 653 1263; x_wconf 73' lang='grc' dir='ltr'><strong><em>ἀνδρεία,</em></strong></span> <span class='ocrx_word' id='word_1_92' title='bbox 685 1205 991 1263; x_wconf 79' lang='grc' dir='ltr'><strong><em>μεγαλόψυχος,</em></strong></span> <span class='ocrx_word' id='word_1_93' title='bbox 1020 1205 1395 1263; x_wconf 76' lang='grc' dir='ltr'><strong><em>μεγαλοδωροτάτη.</em></strong></span> 
     </span>
     <span class='ocr_line' id='line_1_16' title="bbox 472 1270 1573 1329; baseline 0.002 -15"><span class='ocrx_word' id='word_1_94' title='bbox 472 1273 558 1328; x_wconf 73' lang='grc' dir='ltr'><strong><em>ἣτις</em></strong></span> <span class='ocrx_word' id='word_1_95' title='bbox 580 1279 777 1328; x_wconf 75' lang='grc' dir='ltr'><strong><em>μαθοῦσα</em></strong></span> <span class='ocrx_word' id='word_1_96' title='bbox 795 1274 839 1317; x_wconf 85' lang='grc' dir='ltr'><strong>τὸ</strong></span> <span class='ocrx_word' id='word_1_97' title='bbox 864 1274 995 1317; x_wconf 84' lang='grc' dir='ltr'><strong><em>κοινὸν</em></strong></span> <span class='ocrx_word' id='word_1_98' title='bbox 1015 1274 1237 1316; x_wconf 66' lang='grc' dir='ltr'><strong><em>κόπτεσθαι</em></strong></span> <span class='ocrx_word' id='word_1_99' title='bbox 1259 1276 1325 1315; x_wconf 89' lang='grc' dir='ltr'><strong>καὶ</strong></span> <span class='ocrx_word' id='word_1_100' title='bbox 1347 1270 1573 1329; x_wconf 82' lang='grc' dir='ltr'><strong><em>στυγνάζειν</em></strong></span> 
     </span>
    </p>

    <p class='ocr_par' dir='ltr' id='par_1_7' title="bbox 338 1340 1450 1399">
     <span class='ocr_line' id='line_1_17' title="bbox 338 1340 1450 1399; baseline -0.003 -14"><span class='ocrx_word' id='word_1_101' title='bbox 338 1341 450 1385; x_wconf 79' lang='grc'><strong>8450</strong></span> <span class='ocrx_word' id='word_1_102' title='bbox 474 1340 528 1391; x_wconf 77' lang='grc' dir='ltr'><strong><em>ὡς</em></strong></span> <span class='ocrx_word' id='word_1_103' title='bbox 544 1343 678 1397; x_wconf 76' lang='grc' dir='ltr'><strong><em>χρὲεσι</em></strong></span> <span class='ocrx_word' id='word_1_104' title='bbox 694 1341 946 1399; x_wconf 76' lang='grc' dir='ltr'><strong><em>βαρούμενον</em></strong></span> <span class='ocrx_word' id='word_1_105' title='bbox 966 1340 1033 1383; x_wconf 75' lang='grc' dir='ltr'><strong>οἷα</strong></span> <span class='ocrx_word' id='word_1_106' title='bbox 1060 1344 1221 1396; x_wconf 72' lang='grc' dir='ltr'><strong><em>δεσμοῖς</em></strong></span> <span class='ocrx_word' id='word_1_107' title='bbox 1243 1340 1450 1398; x_wconf 74' lang='grc' dir='ltr'><strong><em>άᾳύκτοις,</em></strong></span> 
     </span>
    </p>

    <p class='ocr_par' dir='ltr' id='par_1_8' title="bbox 227 1407 1500 1670">
     <span class='ocr_line' id='line_1_18' title="bbox 227 1407 1500 1466; baseline 0.002 -18"><span class='ocrx_word' id='word_1_108' title='bbox 227 1412 257 1447; x_wconf 87' lang='grc' dir='ltr'><strong>Ρ</strong></span> <span class='ocrx_word' id='word_1_109' title='bbox 276 1414 318 1449; x_wconf 90' lang='grc'><strong>71</strong></span> <span class='ocrx_word' id='word_1_110' title='bbox 480 1414 760 1465; x_wconf 78' lang='grc' dir='ltr'><strong><em>συναγαγοῦσα</em></strong></span> <span class='ocrx_word' id='word_1_111' title='bbox 778 1414 858 1452; x_wconf 80' lang='grc' dir='ltr'><strong>τῶν</strong></span> <span class='ocrx_word' id='word_1_112' title='bbox 873 1414 1003 1466; x_wconf 77' lang='grc' dir='ltr'><strong><em>χρεῶν</em></strong></span> <span class='ocrx_word' id='word_1_113' title='bbox 1023 1407 1154 1451; x_wconf 85' lang='grc' dir='ltr'><strong><em>πάντα</em></strong></span> <span class='ocrx_word' id='word_1_114' title='bbox 1175 1409 1226 1451; x_wconf 79' lang='grc' dir='ltr'><strong>τὰ</strong></span> <span class='ocrx_word' id='word_1_115' title='bbox 1244 1415 1500 1465; x_wconf 79' lang='grc' dir='ltr'><strong><em>γραμματεῖα</em></strong></span> 
     </span>
     <span class='ocr_line' id='line_1_19' title="bbox 471 1475 1468 1534; baseline 0.001 -16"><span class='ocrx_word' id='word_1_116' title='bbox 471 1477 580 1519; x_wconf 76' lang='grc' dir='ltr'><strong><em>αὐτὰ</em></strong></span> <span class='ocrx_word' id='word_1_117' title='bbox 603 1478 676 1531; x_wconf 75' lang='grc' dir='ltr'><strong>μὲν</strong></span> <span class='ocrx_word' id='word_1_118' title='bbox 697 1475 959 1534; x_wconf 70' lang='grc' dir='ltr'><strong><em>ἔπυρπόλησε,</em></strong></span> <span class='ocrx_word' id='word_1_119' title='bbox 993 1483 1077 1527; x_wconf 77' lang='grc' dir='ltr'><strong><em>τοῖς</em></strong></span> <span class='ocrx_word' id='word_1_120' title='bbox 1102 1478 1144 1519; x_wconf 76' lang='grc' dir='ltr'><strong>δὲ</strong></span> <span class='ocrx_word' id='word_1_121' title='bbox 1162 1478 1468 1534; x_wconf 72' lang='grc' dir='ltr'><strong><em>χρεωφειλέταις</em></strong></span> 
     </span>
     <span class='ocr_line' id='line_1_20' title="bbox 471 1544 1370 1601; baseline 0 -14"><span class='ocrx_word' id='word_1_122' title='bbox 471 1545 649 1588; x_wconf 80' lang='grc' dir='ltr'><strong><em>ἇπέὸωκε</em></strong></span> <span class='ocrx_word' id='word_1_123' title='bbox 672 1546 722 1587; x_wconf 80' lang='grc' dir='ltr'><strong>τὰ</strong></span> <span class='ocrx_word' id='word_1_124' title='bbox 743 1545 880 1587; x_wconf 79' lang='grc' dir='ltr'><strong><em>δάνεια</em></strong></span> <span class='ocrx_word' id='word_1_125' title='bbox 898 1544 1120 1601; x_wconf 81' lang='grc' dir='ltr'><strong><em>χρημάτων</em></strong></span> <span class='ocrx_word' id='word_1_126' title='bbox 1140 1546 1182 1595; x_wconf 72' lang='grc' dir='ltr'><strong>ἐξ</strong></span> <span class='ocrx_word' id='word_1_127' title='bbox 1204 1547 1370 1587; x_wconf 72' lang='grc' dir='ltr'><strong><em>οἰκείων.</em></strong></span> 
     </span>
     <span class='ocr_line' id='line_1_21' title="bbox 475 1612 1438 1670; baseline 0 -16"><span class='ocrx_word' id='word_1_128' title='bbox 475 1612 585 1664; x_wconf 84' lang='grc' dir='ltr'><strong><em>ὅσοις</em></strong></span> <span class='ocrx_word' id='word_1_129' title='bbox 609 1614 647 1655; x_wconf 74' lang='grc' dir='ltr'><strong>δ’</strong></span> <span class='ocrx_word' id='word_1_130' title='bbox 673 1612 821 1670; x_wconf 64' lang='grc' dir='ltr'><strong><em>ἑτέροις</em></strong></span> <span class='ocrx_word' id='word_1_131' title='bbox 844 1614 1018 1668; x_wconf 71' lang='grc' dir='ltr'><strong><em>ἀγαθοῖς</em></strong></span> <span class='ocrx_word' id='word_1_132' title='bbox 1038 1615 1103 1655; x_wconf 83' lang='grc' dir='ltr'><strong>καὶ</strong></span> <span class='ocrx_word' id='word_1_133' title='bbox 1121 1614 1438 1670; x_wconf 76' lang='grc' dir='ltr'><strong><em>μεγαλοδωριάις</em></strong></span> 
     </span>
    </p>

    <p class='ocr_par' dir='ltr' id='par_1_9' title="bbox 338 1679 1549 1874">
     <span class='ocr_line' id='line_1_22' title="bbox 338 1679 1366 1735; baseline 0 -13"><span class='ocrx_word' id='word_1_134' title='bbox 338 1681 446 1722; x_wconf 83' lang='grc'><strong>3455</strong></span> <span class='ocrx_word' id='word_1_135' title='bbox 473 1679 493 1723; x_wconf 81' lang='grc' dir='ltr'><strong><em>ὃ</em></strong></span> <span class='ocrx_word' id='word_1_136' title='bbox 513 1682 703 1734; x_wconf 74' lang='grc' dir='ltr'><strong><em>βασιλεὺς</em></strong></span> <span class='ocrx_word' id='word_1_137' title='bbox 723 1680 748 1735; x_wconf 72' lang='grc' dir='ltr'>ἡ</span> <span class='ocrx_word' id='word_1_138' title='bbox 764 1683 926 1735; x_wconf 76' lang='grc' dir='ltr'><strong><em>βασιλὶς</em></strong></span> <span class='ocrx_word' id='word_1_139' title='bbox 945 1682 1108 1723; x_wconf 71' lang='grc' dir='ltr'><strong><em>ἐπίαναν</em></strong></span> <span class='ocrx_word' id='word_1_140' title='bbox 1126 1681 1201 1730; x_wconf 83' lang='grc' dir='ltr'><strong>τὰς</strong></span> <span class='ocrx_word' id='word_1_141' title='bbox 1221 1679 1366 1731; x_wconf 82' lang='grc' dir='ltr'><strong><em>πόλεις,</em></strong></span> 
     </span>
     <span class='ocr_line' id='line_1_23' title="bbox 475 1747 1473 1805; baseline -0.001 -15"><span class='ocrx_word' id='word_1_142' title='bbox 475 1748 600 1791; x_wconf 80' lang='grc' dir='ltr'><strong><em>ἅπασι</em></strong></span> <span class='ocrx_word' id='word_1_143' title='bbox 621 1747 786 1805; x_wconf 85' lang='grc' dir='ltr'><strong><em>πάρεστι</em></strong></span> <span class='ocrx_word' id='word_1_144' title='bbox 804 1753 952 1803; x_wconf 73' lang='grc' dir='ltr'><strong><em>μαθεῖν</em></strong></span> <span class='ocrx_word' id='word_1_145' title='bbox 973 1749 1015 1790; x_wconf 73' lang='grc' dir='ltr'><strong>ἐκ</strong></span> <span class='ocrx_word' id='word_1_146' title='bbox 1036 1753 1116 1791; x_wconf 80' lang='grc' dir='ltr'><strong>τῶν</strong></span> <span class='ocrx_word' id='word_1_147' title='bbox 1133 1749 1275 1804; x_wconf 79' lang='grc' dir='ltr'><strong><em>ὀλίγων</em></strong></span> <span class='ocrx_word' id='word_1_148' title='bbox 1299 1747 1473 1790; x_wconf 82' lang='grc' dir='ltr'><strong><em>τούτων·</em></strong></span> 
     </span>
     <span class='ocr_line' id='line_1_24' title="bbox 475 1815 1549 1874; baseline -0.001 -16"><span class='ocrx_word' id='word_1_149' title='bbox 475 1819 541 1858; x_wconf 81' lang='grc' dir='ltr'><strong>καὶ</strong></span> <span class='ocrx_word' id='word_1_150' title='bbox 560 1815 637 1874; x_wconf 85' lang='grc' dir='ltr'><strong>γάρ</strong></span> <span class='ocrx_word' id='word_1_151' title='bbox 656 1835 716 1859; x_wconf 84' lang='grc' dir='ltr'><strong>τοι</strong></span> <span class='ocrx_word' id='word_1_152' title='bbox 735 1819 801 1859; x_wconf 87' lang='grc' dir='ltr'><strong>καὶ</strong></span> <span class='ocrx_word' id='word_1_153' title='bbox 822 1815 1063 1874; x_wconf 83' lang='grc' dir='ltr'><strong><em>μικρότατον</em></strong></span> <span class='ocrx_word' id='word_1_154' title='bbox 1083 1822 1211 1872; x_wconf 76' lang='grc' dir='ltr'><strong><em>γεῖμα</em></strong></span> <span class='ocrx_word' id='word_1_155' title='bbox 1228 1817 1297 1859; x_wconf 77' lang='grc' dir='ltr'><strong>τὸν</strong></span> <span class='ocrx_word' id='word_1_156' title='bbox 1316 1815 1408 1858; x_wconf 79' lang='grc' dir='ltr'><strong><em>ὅλον</em></strong></span> <span class='ocrx_word' id='word_1_157' title='bbox 1426 1817 1549 1858; x_wconf 83' lang='grc' dir='ltr'><strong><em>πίθον</em></strong></span> 
     </span>
    </p>
   </div>
   <div class='ocr_carea' id='block_1_3' title="bbox 428 1953 1789 2047">
    <p class='ocr_par' dir='ltr' id='par_1_10' title="bbox 428 1953 1789 2047">
     <span class='ocr_line' id='line_1_25' title="bbox 428 1953 1789 2001; baseline -0.003 -9"><span class='ocrx_word' id='word_1_158' title='bbox 428 1968 465 1992; x_wconf 85' lang='lat' dir='ltr'><strong>v.</strong></span> <span class='ocrx_word' id='word_1_159' title='bbox 489 1957 581 1992; x_wconf 86' lang='lat'>3437</span> <span class='ocrx_word' id='word_1_160' title='bbox 605 1967 659 1992; x_wconf 88' lang='lat' dir='ltr'><strong>om</strong></span> <span class='ocrx_word' id='word_1_161' title='bbox 678 1955 717 1990; x_wconf 93' lang='lat' dir='ltr'><strong>M</strong></span> <span class='ocrx_word' id='word_1_162' title='bbox 883 1956 974 1991; x_wconf 81' lang='lat'>3438</span> <span class='ocrx_word' id='word_1_163' title='bbox 994 1956 1062 2001; x_wconf 76' lang='grc' dir='ltr'><strong>τῆς</strong></span> <span class='ocrx_word' id='word_1_164' title='bbox 1082 1955 1291 1999; x_wconf 78' lang='grc' dir='ltr'><strong><em>πλεονεξίας</em></strong></span> <span class='ocrx_word' id='word_1_165' title='bbox 1311 1955 1376 1992; x_wconf 82' lang='lat' dir='ltr'><strong>AR</strong></span> <span class='ocrx_word' id='word_1_166' title='bbox 1541 1953 1633 1990; x_wconf 83' lang='lat'><strong>3446</strong></span> <span class='ocrx_word' id='word_1_167' title='bbox 1653 1954 1789 1999; x_wconf 78' lang='grc' dir='ltr'><strong><em>πολυρ-</em></strong></span> 
     </span>
     <span class='ocr_line' id='line_1_26' title="bbox 429 1999 1122 2047; baseline 0.001 -10"><span class='ocrx_word' id='word_1_168' title='bbox 429 2001 542 2047; x_wconf 80' lang='grc' dir='ltr'><strong><em>ρόους</em></strong></span> <span class='ocrx_word' id='word_1_169' title='bbox 563 2003 597 2038; x_wconf 88' lang='lat' dir='ltr'>R</span> <span class='ocrx_word' id='word_1_170' title='bbox 733 2001 823 2038; x_wconf 80' lang='lat'>3457</span> <span class='ocrx_word' id='word_1_171' title='bbox 844 2003 961 2037; x_wconf 75' lang='grc' dir='ltr'><strong><em>πίθον</em></strong></span> <span class='ocrx_word' id='word_1_172' title='bbox 983 1999 1071 2038; x_wconf 78' lang='grc' dir='ltr'><strong><em>ὅλον</em></strong></span> <span class='ocrx_word' id='word_1_173' title='bbox 1089 2004 1122 2038; x_wconf 84' lang='lat' dir='ltr'>R</span> 
     </span>
    </p>
   </div>
   <div class='ocr_carea' id='block_1_4' title="bbox 334 2122 1790 2902">
    <p class='ocr_par' dir='ltr' id='par_1_11' title="bbox 338 2122 1790 2536">
     <span class='ocr_line' id='line_1_27' title="bbox 431 2122 1789 2162; baseline -0.003 -1"><span class='ocrx_word' id='word_1_174' title='bbox 431 2127 505 2161; x_wconf 87' lang='lat' dir='ltr'><strong>Sed</strong></span> <span class='ocrx_word' id='word_1_175' title='bbox 534 2126 624 2161; x_wconf 89' lang='lat' dir='ltr'><strong>enim</strong></span> <span class='ocrx_word' id='word_1_176' title='bbox 658 2126 703 2160; x_wconf 78' lang='lat' dir='ltr'><strong>ud</strong></span> <span class='ocrx_word' id='word_1_177' title='bbox 735 2123 903 2161; x_wconf 76' lang='lat' dir='ltr'>historiae</span> <span class='ocrx_word' id='word_1_178' title='bbox 933 2125 1059 2161; x_wconf 86' lang='lat' dir='ltr'><strong>seriem</strong></span> <span class='ocrx_word' id='word_1_179' title='bbox 1086 2126 1170 2161; x_wconf 87' lang='lat' dir='ltr'><strong>mihi</strong></span> <span class='ocrx_word' id='word_1_180' title='bbox 1192 2126 1435 2162; x_wconf 85' lang='lat' dir='ltr'><strong>revertendum</strong></span> <span class='ocrx_word' id='word_1_181' title='bbox 1454 2128 1521 2160; x_wconf 86' lang='lat' dir='ltr'><strong>est.</strong></span> <span class='ocrx_word' id='word_1_182' title='bbox 1567 2122 1636 2158; x_wconf 81' lang='lat' dir='ltr'><strong>hoc</strong></span> <span class='ocrx_word' id='word_1_183' title='bbox 1659 2123 1789 2158; x_wconf 80' lang='lat' dir='ltr'><strong>factum</strong></span> 
     </span>
     <span class='ocr_line' id='line_1_28' title="bbox 338 2170 1788 2215; baseline -0.001 -9"><span class='ocrx_word' id='word_1_184' title='bbox 338 2171 453 2206; x_wconf 88' lang='lat' dir='ltr'><strong>multis</strong></span> <span class='ocrx_word' id='word_1_185' title='bbox 475 2172 603 2206; x_wconf 84' lang='lat' dir='ltr'><strong>terrori</strong></span> <span class='ocrx_word' id='word_1_186' title='bbox 625 2170 694 2206; x_wconf 82' lang='lat' dir='ltr'><strong>fuit</strong></span> <span class='ocrx_word' id='word_1_187' title='bbox 717 2179 753 2206; x_wconf 90' lang='lat' dir='ltr'><strong>et</strong></span> <span class='ocrx_word' id='word_1_188' title='bbox 775 2172 899 2206; x_wconf 87' lang='lat' dir='ltr'><strong>multos</strong></span> <span class='ocrx_word' id='word_1_189' title='bbox 923 2172 960 2206; x_wconf 90' lang='lat' dir='ltr'><strong>in</strong></span> <span class='ocrx_word' id='word_1_190' title='bbox 983 2172 1101 2206; x_wconf 86' lang='lat' dir='ltr'><strong>officio</strong></span> <span class='ocrx_word' id='word_1_191' title='bbox 1126 2173 1308 2208; x_wconf 82' lang='lat' dir='ltr'><strong>continuit.</strong></span> <span class='ocrx_word' id='word_1_192' title='bbox 1355 2185 1399 2206; x_wconf 85' lang='lat' dir='ltr'><strong>ex</strong></span> <span class='ocrx_word' id='word_1_193' title='bbox 1420 2183 1461 2206; x_wconf 86' lang='lat' dir='ltr'><strong>eo</strong></span> <span class='ocrx_word' id='word_1_194' title='bbox 1483 2177 1640 2215; x_wconf 85' lang='lat' dir='ltr'><strong>tempore</strong></span> <span class='ocrx_word' id='word_1_195' title='bbox 1662 2172 1707 2205; x_wconf 79' lang='lat' dir='ltr'><strong>ab</strong></span> <span class='ocrx_word' id='word_1_196' title='bbox 1731 2170 1788 2204; x_wconf 87' lang='lat' dir='ltr'><strong>in-</strong></span> 
     </span>
     <span class='ocr_line' id='line_1_29' title="bbox 340 2215 1789 2263; baseline -0.001 -11"><span class='ocrx_word' id='word_1_197' title='bbox 340 2218 495 2252; x_wconf 81' lang='lat' dir='ltr'><strong>ferendis</strong></span> <span class='ocrx_word' id='word_1_198' title='bbox 522 2217 658 2251; x_wconf 85' lang='lat' dir='ltr'><strong>iniuriis</strong></span> <span class='ocrx_word' id='word_1_199' title='bbox 679 2217 877 2263; x_wconf 54' lang='lat' dir='ltr'><strong>‘alienisque</strong></span> <span class='ocrx_word' id='word_1_200' title='bbox 909 2218 1193 2263; x_wconf 83' lang='lat' dir='ltr'><strong>concupiscendis</strong></span> <span class='ocrx_word' id='word_1_201' title='bbox 1224 2218 1380 2263; x_wconf 83' lang='lat' dir='ltr'><strong>plerique</strong></span> <span class='ocrx_word' id='word_1_202' title='bbox 1408 2222 1518 2251; x_wconf 89' lang='lat' dir='ltr'><strong>semet</strong></span> <span class='ocrx_word' id='word_1_203' title='bbox 1549 2215 1789 2252; x_wconf 72' lang='lat' dir='ltr'><strong>abstinebantx</strong></span> 
     </span>
     <span class='ocr_line' id='line_1_30' title="bbox 340 2262 1790 2307; baseline 0.001 -12"><span class='ocrx_word' id='word_1_204' title='bbox 340 2263 472 2307; x_wconf 85' lang='lat' dir='ltr'><strong>quippe</strong></span> <span class='ocrx_word' id='word_1_205' title='bbox 489 2263 615 2296; x_wconf 89' lang='lat' dir='ltr'><strong>iudicis</strong></span> <span class='ocrx_word' id='word_1_206' title='bbox 634 2263 764 2297; x_wconf 82' lang='lat' dir='ltr'><strong>animus</strong></span> <span class='ocrx_word' id='word_1_207' title='bbox 783 2263 1006 2298; x_wconf 83' lang='lat' dir='ltr'><strong>inexorabilis</strong></span> <span class='ocrx_word' id='word_1_208' title='bbox 1028 2269 1065 2298; x_wconf 89' lang='lat' dir='ltr'><strong>et</strong></span> <span class='ocrx_word' id='word_1_209' title='bbox 1084 2265 1121 2298; x_wconf 87' lang='lat' dir='ltr'><strong>in</strong></span> <span class='ocrx_word' id='word_1_210' title='bbox 1134 2263 1317 2298; x_wconf 80' lang='lat' dir='ltr'><strong>iudicando</strong></span> <span class='ocrx_word' id='word_1_211' title='bbox 1331 2273 1475 2297; x_wconf 87' lang='lat' dir='ltr'><strong>severus</strong></span> <span class='ocrx_word' id='word_1_212' title='bbox 1491 2268 1621 2297; x_wconf 78' lang='lat' dir='ltr'>mentes</span> <span class='ocrx_word' id='word_1_213' title='bbox 1640 2262 1790 2297; x_wconf 86' lang='lat' dir='ltr'><strong>omnium</strong></span> 
     </span>
     <span class='ocr_line' id='line_1_31' title="bbox 340 2308 1787 2354; baseline 0.001 -13"><span class='ocrx_word' id='word_1_214' title='bbox 340 2308 550 2353; x_wconf 82' lang='lat' dir='ltr'>perculerat.</span> <span class='ocrx_word' id='word_1_215' title='bbox 597 2308 678 2341; x_wconf 87' lang='lat' dir='ltr'><strong>hinc</strong></span> <span class='ocrx_word' id='word_1_216' title='bbox 695 2320 758 2352; x_wconf 90' lang='lat' dir='ltr'><strong>pro</strong></span> <span class='ocrx_word' id='word_1_217' title='bbox 777 2314 984 2353; x_wconf 79' lang='lat' dir='ltr'><strong>tempestate</strong></span> <span class='ocrx_word' id='word_1_218' title='bbox 1006 2321 1047 2343; x_wconf 89' lang='lat' dir='ltr'><strong>ac</strong></span> <span class='ocrx_word' id='word_1_219' title='bbox 1068 2309 1162 2343; x_wconf 78' lang='lat' dir='ltr'><strong>tristi</strong></span> <span class='ocrx_word' id='word_1_220' title='bbox 1182 2308 1333 2354; x_wconf 80' lang='lat' dir='ltr'><strong>procella</strong></span> <span class='ocrx_word' id='word_1_221' title='bbox 1349 2308 1559 2342; x_wconf 82' lang='lat' dir='ltr'><strong>succedebat</strong></span> <span class='ocrx_word' id='word_1_222' title='bbox 1577 2308 1706 2353; x_wconf 84' lang='lat' dir='ltr'><strong>ubique</strong></span> <span class='ocrx_word' id='word_1_223' title='bbox 1729 2320 1787 2343; x_wconf 82' lang='lat' dir='ltr'><strong>se—</strong></span> 
     </span>
     <span class='ocr_line' id='line_1_32' title="bbox 340 2353 1789 2400; baseline 0.001 -14"><span class='ocrx_word' id='word_1_224' title='bbox 340 2354 473 2387; x_wconf 83' lang='lat' dir='ltr'><strong>renitas</strong></span> <span class='ocrx_word' id='word_1_225' title='bbox 504 2353 758 2387; x_wconf 70' lang='lat' dir='ltr'><strong>observationis</strong></span> <span class='ocrx_word' id='word_1_226' title='bbox 789 2354 873 2387; x_wconf 82' lang='lat' dir='ltr'><strong>iusti</strong></span> <span class='ocrx_word' id='word_1_227' title='bbox 901 2360 937 2388; x_wconf 92' lang='lat' dir='ltr'><strong>et</strong></span> <span class='ocrx_word' id='word_1_228' title='bbox 961 2354 1086 2400; x_wconf 80' lang='lat' dir='ltr'><strong>aequi:</strong></span> <span class='ocrx_word' id='word_1_229' title='bbox 1123 2355 1202 2388; x_wconf 84' lang='lat' dir='ltr'><strong>hinc</strong></span> <span class='ocrx_word' id='word_1_230' title='bbox 1219 2355 1382 2388; x_wconf 86' lang='lat' dir='ltr'><strong>fluctuum</strong></span> <span class='ocrx_word' id='word_1_231' title='bbox 1409 2358 1446 2388; x_wconf 87' lang='lat' dir='ltr'><strong>et</strong></span> <span class='ocrx_word' id='word_1_232' title='bbox 1464 2353 1589 2388; x_wconf 81' lang='lat' dir='ltr'><strong>marini</strong></span> <span class='ocrx_word' id='word_1_233' title='bbox 1612 2354 1789 2389; x_wconf 78' lang='lat' dir='ltr'><strong>cuiusdam</strong></span> 
     </span>
     <span class='ocr_line' id='line_1_33' title="bbox 341 2398 1787 2445; baseline 0.001 -12"><span class='ocrx_word' id='word_1_234' title='bbox 341 2399 439 2433; x_wconf 86' lang='lat' dir='ltr'><strong>velut</strong></span> <span class='ocrx_word' id='word_1_235' title='bbox 461 2404 577 2432; x_wconf 83' lang='lat' dir='ltr'><strong>aestus</strong></span> <span class='ocrx_word' id='word_1_236' title='bbox 600 2398 676 2431; x_wconf 92' lang='lat' dir='ltr'><strong>loco</strong></span> <span class='ocrx_word' id='word_1_237' title='bbox 698 2398 929 2442; x_wconf 84' lang='lat' dir='ltr'><strong>tranquillitas</strong></span> <span class='ocrx_word' id='word_1_238' title='bbox 948 2399 1097 2434; x_wconf 88' lang='lat' dir='ltr'><strong>iucunde</strong></span> <span class='ocrx_word' id='word_1_239' title='bbox 1115 2399 1211 2434; x_wconf 89' lang='lat' dir='ltr'><strong>velut</strong></span> <span class='ocrx_word' id='word_1_240' title='bbox 1233 2399 1430 2442; x_wconf 79' lang='lat' dir='ltr'><strong>arridebat,</strong></span> <span class='ocrx_word' id='word_1_241' title='bbox 1461 2399 1625 2444; x_wconf 82' lang='lat' dir='ltr'><strong>vitaeque</strong></span> <span class='ocrx_word' id='word_1_242' title='bbox 1643 2399 1787 2445; x_wconf 73' lang='lat' dir='ltr'><strong>pelagus</strong></span> 
     </span>
     <span class='ocr_line' id='line_1_34' title="bbox 341 2444 1785 2491; baseline 0.001 -13"><span class='ocrx_word' id='word_1_243' title='bbox 341 2445 432 2479; x_wconf 84' lang='lat' dir='ltr'><strong>citra</strong></span> <span class='ocrx_word' id='word_1_244' title='bbox 455 2444 750 2489; x_wconf 75' lang='lat' dir='ltr'><strong>perturbationem</strong></span> <span class='ocrx_word' id='word_1_245' title='bbox 772 2444 872 2478; x_wconf 82' lang='lat' dir='ltr'><strong>ullam</strong></span> <span class='ocrx_word' id='word_1_246' title='bbox 897 2444 1139 2490; x_wconf 77' lang='lat' dir='ltr'><strong>navigabatur.</strong></span> <span class='ocrx_word' id='word_1_247' title='bbox 1186 2445 1315 2491; x_wconf 78' lang='lat' dir='ltr'><strong>quippe</strong></span> <span class='ocrx_word' id='word_1_248' title='bbox 1343 2444 1454 2479; x_wconf 84' lang='lat' dir='ltr'><strong>divini</strong></span> <span class='ocrx_word' id='word_1_249' title='bbox 1477 2445 1654 2480; x_wconf 85' lang='lat' dir='ltr'><strong>cuiusdam</strong></span> <span class='ocrx_word' id='word_1_250' title='bbox 1673 2445 1785 2491; x_wconf 79' lang='lat' dir='ltr'><strong>grati·—</strong></span> 
     </span>
     <span class='ocr_line' id='line_1_35' title="bbox 338 2489 825 2536; baseline -0.002 -12"><span class='ocrx_word' id='word_1_251' title='bbox 338 2502 409 2536; x_wconf 89' lang='lat' dir='ltr'><strong>que</strong></span> <span class='ocrx_word' id='word_1_252' title='bbox 433 2489 531 2524; x_wconf 85' lang='lat' dir='ltr'><strong>venti</strong></span> <span class='ocrx_word' id='word_1_253' title='bbox 552 2500 636 2523; x_wconf 83' lang='lat' dir='ltr'><strong>aura</strong></span> <span class='ocrx_word' id='word_1_254' title='bbox 655 2489 825 2535; x_wconf 83' lang='lat' dir='ltr'><strong>spirabat.</strong></span> 
     </span>
    </p>

    <p class='ocr_par' dir='ltr' id='par_1_12' title="bbox 334 2534 1787 2902">
     <span class='ocr_line' id='line_1_36' title="bbox 431 2534 1783 2580; baseline 0 -11"><span class='ocrx_word' id='word_1_255' title='bbox 431 2536 585 2569; x_wconf 85' lang='lat' dir='ltr'><strong>Uxorem</strong></span> <span class='ocrx_word' id='word_1_256' title='bbox 607 2534 795 2580; x_wconf 85' lang='lat' dir='ltr'><strong>imperator</strong></span> <span class='ocrx_word' id='word_1_257' title='bbox 819 2534 875 2569; x_wconf 88' lang='lat' dir='ltr'><strong>hic</strong></span> <span class='ocrx_word' id='word_1_258' title='bbox 892 2534 1058 2579; x_wconf 82' lang='lat' dir='ltr'><strong>Sophiam</strong></span> <span class='ocrx_word' id='word_1_259' title='bbox 1080 2534 1251 2578; x_wconf 85' lang='lat' dir='ltr'><strong>habebat,</strong></span> <span class='ocrx_word' id='word_1_260' title='bbox 1278 2535 1440 2570; x_wconf 83' lang='lat' dir='ltr'><strong>feminam</strong></span> <span class='ocrx_word' id='word_1_261' title='bbox 1462 2535 1620 2580; x_wconf 85' lang='lat' dir='ltr'><strong>virilem,</strong></span> <span class='ocrx_word' id='word_1_262' title='bbox 1642 2546 1783 2580; x_wconf 77' lang='lat' dir='ltr'><strong>magna—</strong></span> 
     </span>
     <span class='ocr_line' id='line_1_37' title="bbox 339 2580 1786 2626; baseline -0.001 -11"><span class='ocrx_word' id='word_1_263' title='bbox 339 2580 481 2625; x_wconf 73' lang='lat' dir='ltr'><strong>nimum,</strong></span> <span class='ocrx_word' id='word_1_264' title='bbox 511 2580 879 2622; x_wconf 82' lang='lat' dir='ltr'><strong>munificentissimam;</strong></span> <span class='ocrx_word' id='word_1_265' title='bbox 913 2591 1002 2624; x_wconf 86' lang='lat' dir='ltr'><strong>quae</strong></span> <span class='ocrx_word' id='word_1_266' title='bbox 1023 2591 1098 2614; x_wconf 88' lang='lat' dir='ltr'><strong>cum</strong></span> <span class='ocrx_word' id='word_1_267' title='bbox 1121 2581 1276 2614; x_wconf 85' lang='lat' dir='ltr'><strong>homines</strong></span> <span class='ocrx_word' id='word_1_268' title='bbox 1300 2581 1404 2626; x_wconf 83' lang='lat' dir='ltr'><strong>vulgo</strong></span> <span class='ocrx_word' id='word_1_269' title='bbox 1426 2593 1548 2626; x_wconf 80' lang='lat' dir='ltr'><strong>magno</strong></span> <span class='ocrx_word' id='word_1_270' title='bbox 1567 2582 1605 2615; x_wconf 89' lang='lat' dir='ltr'><strong>in</strong></span> <span class='ocrx_word' id='word_1_271' title='bbox 1628 2591 1786 2618; x_wconf 79' lang='lat' dir='ltr'><strong>maerore</strong></span> 
     </span>
     <span class='ocr_line' id='line_1_38' title="bbox 338 2625 1783 2672; baseline 0 -11"><span class='ocrx_word' id='word_1_272' title='bbox 338 2628 469 2671; x_wconf 83' lang='lat' dir='ltr'><strong>degere</strong></span> <span class='ocrx_word' id='word_1_273' title='bbox 492 2626 733 2671; x_wconf 84' lang='lat' dir='ltr'><strong>cognovisset,</strong></span> <span class='ocrx_word' id='word_1_274' title='bbox 765 2626 855 2672; x_wconf 91' lang='lat' dir='ltr'><strong>quod</strong></span> <span class='ocrx_word' id='word_1_275' title='bbox 882 2637 964 2659; x_wconf 83' lang='lat' dir='ltr'><strong>aere</strong></span> <span class='ocrx_word' id='word_1_276' title='bbox 988 2625 1100 2660; x_wconf 82' lang='lat' dir='ltr'><strong>alieno</strong></span> <span class='ocrx_word' id='word_1_277' title='bbox 1125 2637 1190 2660; x_wconf 83' lang='lat' dir='ltr'><strong>ceu</strong></span> <span class='ocrx_word' id='word_1_278' title='bbox 1212 2626 1358 2661; x_wconf 85' lang='lat' dir='ltr'><strong>vinculis</strong></span> <span class='ocrx_word' id='word_1_279' title='bbox 1380 2626 1678 2662; x_wconf 81' lang='lat' dir='ltr'><strong>inextricabilibus</strong></span> <span class='ocrx_word' id='word_1_280' title='bbox 1701 2637 1783 2671; x_wconf 79' lang='lat' dir='ltr'><strong>gra—</strong></span> 
     </span>
     <span class='ocr_line' id='line_1_39' title="bbox 338 2671 1783 2718; baseline 0 -11"><span class='ocrx_word' id='word_1_281' title='bbox 338 2676 525 2717; x_wconf 83' lang='lat' dir='ltr'><strong>varentur,</strong></span> <span class='ocrx_word' id='word_1_282' title='bbox 562 2671 719 2706; x_wconf 87' lang='lat' dir='ltr'><strong>omnibus</strong></span> <span class='ocrx_word' id='word_1_283' title='bbox 737 2673 977 2706; x_wconf 83' lang='lat' dir='ltr'><strong>obaeratorum</strong></span> <span class='ocrx_word' id='word_1_284' title='bbox 998 2671 1124 2706; x_wconf 78' lang='lat' dir='ltr'><strong>tabulis</strong></span> <span class='ocrx_word' id='word_1_285' title='bbox 1146 2671 1298 2706; x_wconf 85' lang='lat' dir='ltr'><strong>collectis</strong></span> <span class='ocrx_word' id='word_1_286' title='bbox 1309 2699 1319 2717; x_wconf 87' lang='lat'>‚</span> <span class='ocrx_word' id='word_1_287' title='bbox 1353 2685 1412 2707; x_wconf 76' lang='lat' dir='ltr'><strong>eas</strong></span> <span class='ocrx_word' id='word_1_288' title='bbox 1430 2673 1525 2718; x_wconf 83' lang='lat' dir='ltr'><strong>ipsas</strong></span> <span class='ocrx_word' id='word_1_289' title='bbox 1543 2673 1682 2718; x_wconf 82' lang='lat' dir='ltr'><strong>quidem</strong></span> <span class='ocrx_word' id='word_1_290' title='bbox 1699 2682 1783 2707; x_wconf 84' lang='lat' dir='ltr'><strong>con—</strong></span> 
     </span>
     <span class='ocr_line' id='line_1_40' title="bbox 338 2716 1787 2762; baseline -0.001 -9"><span class='ocrx_word' id='word_1_291' title='bbox 338 2718 530 2761; x_wconf 83' lang='lat' dir='ltr'><strong>cremavit,</strong></span> <span class='ocrx_word' id='word_1_292' title='bbox 566 2723 603 2751; x_wconf 82' lang='lat' dir='ltr'><strong>at</strong></span> <span class='ocrx_word' id='word_1_293' title='bbox 624 2716 853 2752; x_wconf 86' lang='lat' dir='ltr'><strong>creditoribus</strong></span> <span class='ocrx_word' id='word_1_294' title='bbox 871 2728 960 2762; x_wconf 86' lang='lat' dir='ltr'><strong>quae</strong></span> <span class='ocrx_word' id='word_1_295' title='bbox 984 2717 1195 2752; x_wconf 85' lang='lat' dir='ltr'><strong>deberentur</strong></span> <span class='ocrx_word' id='word_1_296' title='bbox 1213 2729 1256 2751; x_wconf 90' lang='lat' dir='ltr'><strong>ex</strong></span> <span class='ocrx_word' id='word_1_297' title='bbox 1277 2729 1340 2752; x_wconf 87' lang='lat' dir='ltr'><strong>suo</strong></span> <span class='ocrx_word' id='word_1_298' title='bbox 1359 2719 1530 2753; x_wconf 81' lang='lat' dir='ltr'><strong>numerari</strong></span> <span class='ocrx_word' id='word_1_299' title='bbox 1548 2717 1695 2754; x_wconf 79' lang='lat' dir='ltr'><strong>curavit.</strong></span> <span class='ocrx_word' id='word_1_300' title='bbox 1741 2718 1787 2752; x_wconf 83' lang='lat' dir='ltr'><strong>de</strong></span> 
     </span>
     <span class='ocr_line' id='line_1_41' title="bbox 338 2763 1785 2810; baseline -0.002 -11"><span class='ocrx_word' id='word_1_301' title='bbox 338 2764 465 2810; x_wconf 81' lang='lat' dir='ltr'><strong>quibus</strong></span> <span class='ocrx_word' id='word_1_302' title='bbox 489 2764 654 2798; x_wconf 79' lang='lat' dir='ltr'><strong>hactenus</strong></span> <span class='ocrx_word' id='word_1_303' title='bbox 676 2763 831 2797; x_wconf 88' lang='lat' dir='ltr'><strong>breviter</strong></span> <span class='ocrx_word' id='word_1_304' title='bbox 857 2763 1129 2798; x_wconf 80' lang='lat' dir='ltr'><strong>commemoratis</strong></span> <span class='ocrx_word' id='word_1_305' title='bbox 1156 2763 1351 2808; x_wconf 81' lang='lat' dir='ltr'><strong>intelligere</strong></span> <span class='ocrx_word' id='word_1_306' title='bbox 1375 2764 1459 2798; x_wconf 91' lang='lat' dir='ltr'><strong>licet</strong></span> <span class='ocrx_word' id='word_1_307' title='bbox 1485 2763 1622 2810; x_wconf 84' lang='lat' dir='ltr'><strong>quantis</strong></span> <span class='ocrx_word' id='word_1_308' title='bbox 1646 2767 1785 2798; x_wconf 81' lang='lat' dir='ltr'><strong>cetero-</strong></span> 
     </span>
     <span class='ocr_line' id='line_1_42' title="bbox 338 2808 1785 2856; baseline -0.001 -12"><span class='ocrx_word' id='word_1_309' title='bbox 338 2811 423 2854; x_wconf 84' lang='lat' dir='ltr'><strong>quin</strong></span> <span class='ocrx_word' id='word_1_310' title='bbox 445 2810 548 2845; x_wconf 87' lang='lat' dir='ltr'><strong>etiam</strong></span> <span class='ocrx_word' id='word_1_311' title='bbox 569 2808 670 2843; x_wconf 87' lang='lat' dir='ltr'><strong>bonis</strong></span> <span class='ocrx_word' id='word_1_312' title='bbox 694 2814 891 2854; x_wconf 82' lang='lat' dir='ltr'><strong>quantaque</strong></span> <span class='ocrx_word' id='word_1_313' title='bbox 913 2808 1122 2843; x_wconf 79' lang='lat' dir='ltr'><strong>liberalitate</strong></span> <span class='ocrx_word' id='word_1_314' title='bbox 1148 2813 1216 2843; x_wconf 80' lang='lat' dir='ltr'><strong>tam</strong></span> <span class='ocrx_word' id='word_1_315' title='bbox 1234 2809 1422 2854; x_wconf 85' lang='lat' dir='ltr'><strong>imperator</strong></span> <span class='ocrx_word' id='word_1_316' title='bbox 1441 2810 1497 2844; x_wconf 86' lang='lat' dir='ltr'><strong>hic</strong></span> <span class='ocrx_word' id='word_1_317' title='bbox 1514 2821 1615 2856; x_wconf 77' lang='lat' dir='ltr'><strong>quam</strong></span> <span class='ocrx_word' id='word_1_318' title='bbox 1633 2808 1785 2854; x_wconf 82' lang='lat' dir='ltr'><strong>impera-</strong></span> 
     </span>
     <span class='ocr_line' id='line_1_43' title="bbox 334 2854 1784 2902; baseline -0.001 -11"><span class='ocrx_word' id='word_1_319' title='bbox 334 2856 406 2891; x_wconf 85' lang='lat' dir='ltr'><strong>trix</strong></span> <span class='ocrx_word' id='word_1_320' title='bbox 436 2860 528 2892; x_wconf 74' lang='lat' dir='ltr'><strong>totas</strong></span> <span class='ocrx_word' id='word_1_321' title='bbox 556 2856 660 2891; x_wconf 77' lang='lat' dir='ltr'><strong>urbes</strong></span> <span class='ocrx_word' id='word_1_322' title='bbox 683 2854 849 2890; x_wconf 82' lang='lat' dir='ltr'><strong>foverint.</strong></span> <span class='ocrx_word' id='word_1_323' title='bbox 895 2854 1025 2902; x_wconf 87' lang='lat' dir='ltr'><strong>quippe</strong></span> <span class='ocrx_word' id='word_1_324' title='bbox 1053 2859 1174 2900; x_wconf 77' lang='lat' dir='ltr'><strong>gustus</strong></span> <span class='ocrx_word' id='word_1_325' title='bbox 1198 2855 1302 2891; x_wconf 82' lang='lat' dir='ltr'><strong>etiam</strong></span> <span class='ocrx_word' id='word_1_326' title='bbox 1323 2855 1533 2902; x_wconf 83' lang='lat' dir='ltr'><strong>perexiguus</strong></span> <span class='ocrx_word' id='word_1_327' title='bbox 1558 2854 1643 2891; x_wconf 89' lang='lat' dir='ltr'><strong>dolii</strong></span> <span class='ocrx_word' id='word_1_328' title='bbox 1663 2854 1784 2899; x_wconf 77' lang='lat' dir='ltr'><strong>totius,</strong></span> 
     </span>
    </p>
   </div>
  </div>
 </body>
</html>
