1872 3236
282 205 387 255 '170
653 235 657 239 -
674 208 1051 255 CONSTANTINI
1089 210 1355 257 MANASSIS

419 319 696 379 ἀπάνθρωπον
711 321 946 378 βουλεύεται
962 325 1115 380 βουλὴν
1135 328 1201 369 καὶ
1221 325 1408 383 θηριώδη

282 390 394 435 3950
421 394 477 440 εἷς
502 396 702 446 προσγενῆ
718 394 785 434 καὶ
809 393 855 435 τὸ
878 394 1004 448 μηδὲν
1028 394 1151 436 αὐτὸν
1168 394 1400 450 ἠδικηκότα,

421 460 488 502 καὶ
505 463 563 515 τῷ
582 461 761 514 ζητοῦντι
778 465 924 521 μελετᾷ
943 461 1013 504 τὸν
1037 464 1218 518 δυστυχῆ
1235 465 1449 520 προέσθαι.

414 527 543 584 χρυσέ
558 526 761 585 προδότα,
792 529 992 584 πάντολμε
1004 562 1018 582 ,
1054 529 1274 588 δύστροπε,
1311 533 1551 591 κακεργάτα,

418 597 486 638 καὶ
504 597 632 652 φίλων
650 597 911 653 ἀπεμπολητὰ
934 600 1001 640 καὶ
1026 600 1165 654 γένους
1180 600 1382 654 ἀναιρέτα,

414 665 458 706 τί
478 669 622 719 τοῦτο,·
645 670 731 715 πῶς
748 670 1006 721 παλιμπετεΐς
1028 669 1095 709 καὶ
1116 667 1394 722 παλιμβόλους
1412 671 1557 727 τίθης;

232 737 262 770 Β
282 731 393 775 3955
416 736 503 782 πῶς
522 733 566 775 δὲ
584 732 686 791 πρὸς
706 734 1034 791 ἀλλοπρόσαλλον
1049 734 1210 791 γνώμην
1230 737 1513 791 μεταβιβάζεις

415 800 512 851 τοὺς
533 801 764 853 ἀποικίλους
781 804 877 854 τοὺς
895 802 1049 854 ἁπλοῦς
1065 802 1143 846 ὕπὸ
1164 809 1268 847 θεοῦ
1284 808 1566 863 πλασθένταςς

419 869 524 910 ἀλλὰ
546 869 591 911 τὸ
614 871 784 924 με’λλον,
820 861 876 922 ὥς
900 888 1024 929 φασι,
1054 874 1120 914 καὶ
1143 873 1189 915 τὸ
1209 875 1484 930 κεκυρωμένον

418 937 466 979 οὐ
484 943 614 991 τεῖχος
631 940 757 993 σχίσει
775 943 967 998 σιδηροῦν
979 973 993 992 ,
1023 941 1070 982 οὗ
1101 946 1175 983 τοῦ
1194 941 1322 999 πυρὸς
1339 941 1363 997 ἦ
1385 942 1555 999 γνάθος.

420 1003 441 1046 ὃ
459 1006 535 1063 γὰρ
554 1007 833 1058 Ἰουστινιανὸς
852 1009 947 1059 τοὺς
969 1007 1114 1059 δόλους
1130 1014 1203 1052 τοῦ
1215 1009 1400 1065 χαγοὶνου

283 1076 395 1115 3960
415 1075 482 1116 καὶ
503 1074 577 1124 τὰς
598 1075 752 1128 βουλὰς
774 1077 1003 1131 ἀναμαθών
1024 1078 1177 1120 ἐκεῖθεν
1195 1077 1440 1135 δραπετεύει,

419 1144 487 1184 καὶ
507 1143 913 1200 προσεταιρισάμενος
936 1144 1080 1202 ἁδραῖς
1096 1148 1347 1202 ἐπαγγελίαις

417 1210 489 1253 ’τὸν
509 1212 702 1267 Τέρβελιν
722 1212 792 1254 τὸν
810 1206 986 1269 ἄρχοντα
1006 1219 1080 1256 τοῦ
1098 1219 1179 1256 τῶν
1201 1213 1451 1270 Βουλγὰρων
1469 1215 1616 1266 ἔθνους

418 1278 721 1333 καταλαμβάνει
739 1281 815 1322 σὺν
831 1282 942 1339 αὐτῷ
962 1282 1035 1336 τὴν
1061 1284 1290 1333 Βυζαντίδα
1304 1281 1457 1335 χῧόνα,

418 1346 670 1403 Βουλγάρων
691 1348 935 1403 ἐπαγόμενος
955 1351 1128 1406 μυρίους
1142 1353 1348 1404 λεγεῶνας.

281 1414 392 1457 3965
415 1415 562 1469 ὀλίγοις
584 1416 627 1456 δὲ
649 1419 727 1456 τῶν
750 1417 861 1473 ἀμφ’
885 1417 1009 1460 αὐτὸν
1031 1417 1076 1459 τὸ
1097 1415 1306 1471 βούλευμα
1326 1417 1542 1470 πιστεύσας

414 1484 480 1524 καὶ
501 1483 574 1525 σὺν
598 1483 734 1533 αὐτοῖς
753 1482 1002 1541 ὑποδραμὼν
1028 1489 1214 1541 σωλῆνας
1229 1484 1479 1543 ὗδρορρόους

414 1551 488 1605 τὴν
511 1554 566 1601 εἷς
589 1551 662 1606 τὴν
680 1550 797 1595 πόλιν
814 1552 995 1610 πάροδον
1015 1555 1204 1608 ἐντέχνως
1219 1553 1469 1606 ὗποκλέπτει,

415 1621 482 1663 καὶ
506 1618 692 1674 δεύτερον
715 1621 930 1677 ἀρχηγετεῖ
941 1625 1007 1672 καὶ
1033 1620 1223 1674 ζώννυται
1249 1623 1294 1664 τὸ
1315 1621 1474 1679 κράτος.

416 1687 490 1737 τὰς
510 1689 551 1730 δ’
577 1689 638 1730 ἐπὶ
663 1688 821 1739 τούτοις
846 1690 1063 1747 συμφορὰς
1078 1692 1138 1740 τίς
1154 1690 1403 1745 παραστήσει
1421 1689 1539 1746 λόγος
1547 1711 1564 1747 ‚-

278 1758 390 1798 3970
410 1760 469 1813 τῷ
484 1757 558 1810 μὲν
579 1755 828 1814 Βουλγάρων
847 1758 1010 1814 ἄρχοντι
1032 1762 1184 1815 πληροῖ
1197 1759 1271 1808 τὰς
1288 1757 1523 1813 ὑποσχέσεις

415 1825 483 1866 καὶ
503 1827 672 1881 δωρεαῖς
693 1825 899 1879 ἀμείβεται
925 1830 1061 1884 πολλῷ
1079 1827 1403 1884 δαψιλεστέρως,

414 1894 510 1950 πυρὶ
530 1893 573 1935 δὲ
591 1894 733 1936 δίδωσι
751 1894 921 1949 συχνοὺς
943 1900 1024 1938 τῶν
1044 1893 1334 1954 περιλάμπρων
1353 1895 1501 1948 οἴκους,
1592 1918 1604 1938 1

372 2022 465 2058 3950
487 2019 553 2057 τὸν
570 2024 601 2059 Α
737 2023 829 2061 3955
852 2022 950 2068 πρὸς
971 2020 1061 2061 ἄλλο
1081 2024 1282 2070 πρόσωπον
1304 2026 1345 2060 Μ
1469 2025 1561 2062 3956
1578 2022 1654 2061 ἀπὸ
1675 2027 1742 2061 RR

372 2069 464 2103 3958
484 2067 607 2104 κλύσει
628 2069 663 2103 R
771 2070 863 2105 3963
886 2071 1111 2113 Βυζαντίδος
1130 2072 1182 2116 R,
1207 2072 1395 2117 βασιλίδος
1412 2072 1447 2107 R
1549 2071 1644 2107 3965
1664 2069 1741 2117 ὑφ’

372 2112 477 2149 αὑτοῦ
498 2115 532 2149 R
621 2112 789 2160 βούλημα
811 2116 910 2151 ARR.
1044 2117 1136 2153 3972
1161 2117 1273 2153 οἴκων
1288 2118 1387 2153 ARR.

280 2239 415 2262 manum
434 2240 474 2262 ac
495 2228 682 2263 belluinum
704 2235 826 2265 contra
849 2242 947 2266 suum
971 2231 1123 2275 affinem,
1147 2244 1167 2266 a
1188 2242 1256 2276 quo
1281 2231 1395 2265 laesus
1416 2241 1589 2274 nunquam
1611 2231 1739 2276 fuerat,

279 2273 450 2307 meditans
477 2273 554 2318 ipse
578 2286 693 2308 secum
722 2287 789 2319 quo
818 2283 921 2321 pacto
952 2278 1113 2311 miserum
1140 2277 1321 2321 Apsimaro
1353 2276 1545 2321 quaerenti<
1560 2277 1740 2320 proderet.

280 2331 301 2353 o
324 2330 458 2362 aurum,
483 2320 642 2363 proditor
655 2347 663 2363 ,
683 2327 832 2363 tyranne
853 2334 1039 2367 perverse,
1074 2322 1230 2357 malefice
1251 2322 1435 2356 amicorum
1459 2322 1634 2366 venditor,
1647 2328 1740 2367 'pro-

278 2364 348 2409 prii
371 2364 510 2407 generis
533 2365 758 2409 interfector,
790 2367 873 2410 quid
892 2368 958 2400 hoc
981 2376 1037 2402 est
1056 2368 1109 2402 rei
1121 2370 1141 2402 ’ἐ
1173 2379 1234 2402 cur
1262 2374 1374 2401 tecum
1397 2367 1474 2412 ipse
1500 2372 1631 2402 mutato
1655 2380 1739 2402 con-

277 2409 357 2444 silio
378 2411 540 2454 pugnas?
578 2422 640 2444 cur
667 2411 903 2445 inconstantes
934 2414 1049 2447 facis?
1082 2425 1143 2447 cur
1168 2413 1204 2447 in
1222 2413 1323 2446 aliam
1341 2413 1465 2446 faciem
1489 2419 1599 2447 mutas
1622 2425 1741 2448 eorum

277 2461 411 2491 mentes
434 2456 493 2499 qui
514 2456 687 2500 simplices
711 2463 747 2490 et
771 2458 953 2491 varietatis
974 2465 1135 2504 expertes
1168 2471 1189 2493 a
1213 2460 1278 2493 deo
1301 2459 1410 2493 creati
1433 2460 1541 2492 sunt?
1565 2460 1628 2493 sed
1649 2459 1740 2493 enim

277 2501 317 2535 id
333 2502 424 2546 quod
448 2503 599 2535 futurum
620 2508 692 2544 est,
711 2503 817 2536 semel
835 2503 1003 2538 divinitus
1028 2506 1216 2548 decretum,
1241 2517 1307 2538 nec
1326 2516 1454 2547 murm,
1477 2510 1515 2538 ut
1533 2505 1641 2548 aiunt,
1665 2505 1739 2539 fer—

277 2557 382 2588 reus,
404 2559 468 2580 nec
489 2547 579 2590 ignis
598 2547 767 2593 impedire
793 2549 937 2594 poterit.
984 2550 1196 2584 lastinianus
1219 2550 1310 2583 enim
1333 2550 1481 2594 chagani
1504 2550 1685 2584 fraudibus
1704 2555 1741 2585 et

278 2591 432 2626 consiliis
458 2593 652 2637 perspectis
681 2594 765 2637 fuga
795 2594 898 2628 saluti
920 2595 1087 2639 consulit,
1119 2595 1351 2640 adiunctoque
1374 2595 1444 2630 sibi
1464 2596 1643 2640 promissis
1667 2608 1740 2630 am—

276 2637 440 2684 plissimis
464 2639 616 2672 Terberi
636 2639 861 2684 Bulgarorum
882 2639 1042 2686 principe
1063 2653 1138 2675 cum
1159 2641 1218 2674 illo
1238 2641 1443 2684 Byzantium
1464 2641 1597 2686 tendit,
1625 2642 1739 2676 ductis

278 2695 321 2718 eo
343 2684 569 2728 Bulgarorum
600 2684 773 2719 immensis
805 2685 1013 2730 legionibus.
1062 2687 1188 2720 deinde
1217 2687 1401 2732 perpaucis
1428 2698 1567 2722 suorum
1594 2687 1737 2722 consilio

277 2741 341 2764 suo
364 2730 518 2772 credito,
541 2741 617 2764 cum
640 2730 763 2766 iisdem
785 2731 920 2765 canales
945 2733 1219 2777 aquaeductuum
1238 2733 1414 2776 ingressus
1431 2734 1550 2766 furtim
1569 2739 1606 2767 et
1625 2732 1735 2767 soler-

276 2782 334 2809 ter
356 2776 486 2810 aditum
506 2775 544 2808 in
566 2778 686 2810 urbem
706 2777 776 2811 sibi
793 2783 914 2822 parat3
936 2789 1003 2822 quo
1022 2778 1115 2811 facto
1136 2778 1262 2812 iterum
1283 2779 1401 2823 coepit
1420 2779 1606 2823 imperare.
1653 2789 1735 2812 con-

279 2827 416 2855 secutas
448 2832 533 2855 vero
564 2822 729 2867 deinceps
759 2823 971 2857 calamitates
1004 2834 1093 2867 quae
1124 2823 1237 2868 possit
1270 2824 1381 2858 oratio
1406 2825 1491 2858 satis
1515 2824 1738 2868 exprimere?

281 2878 371 2911 quae
388 2866 616 2913 Bulgarorum
636 2868 788 2915 principi
806 2868 977 2915 promissa
996 2870 1148 2915 fuerant,
1171 2875 1348 2916 praestat:
1367 2869 1584 2917 amplissimis
1606 2869 1639 2904 ei
1662 2880 1735 2904 mu-
