1924 3242
473 178 957 224 CHRONOGRAPHIA
992 180 1424 226 COMPENDIARIA.
1611 182 1675 227 23

204 292 478 348 Ἔμπεδοκλῆς
496 292 565 333 καὶ
588 290 784 348 Διογένης
805 295 872 335 καὶ
892 292 1036 349 Ζήνων
1060 293 1294 353 Φερεκύδης
1308 313 1349 340 τε
1371 297 1438 339 καὶ
1455 293 1670 354 Ἀρίσταρ-
1692 297 1725 333 D

202 376 279 416 χος
295 361 364 403 καὶ
376 358 645 417 Ἱπποκράτης
653 392 666 412 ,
699 363 985 419 Παρμενίδης,
1018 364 1199 408 Πλάτων
1221 367 1289 408 καὶ
1304 365 1581 424 Ἀριστοτέλης
1605 367 1674 408 καὶ

205 428 480 486 Δημοσθένης
501 430 568 472 καὶ
587 428 810 487 Σωκράτης
825 431 1094 488 ἓγνωρίζοντο.

341 498 468 547 Μετὰ
491 499 535 541 δὲ
547 499 814 556 Ἀρταξέρξην
835 500 1093 554 ἐβασίλευσεν
1115 499 1379 558 Ἀρταξέρξης
1402 500 1525 552 ἄλλος
1545 501 1613 545 καὶ
1634 500 1674 543 οἱ

124 614 127 617 ,
171 569 384 623 ὅκαθεξῆς
408 567 483 618 ἕως
502 567 707 624 Δαρείου,
743 567 789 610 ὃν
823 568 976 611 ἀνεῖλεν
1006 568 1290 625 Ἀλέξανδρος,
1326 565 1375 612 οὗ
1403 571 1477 626 τὴν
1498 573 1673 625 Περσῶν

201 637 413 690 βασιλείαν
446 635 750 688 καταλύσαντος
781 639 848 680 καὶ
874 635 1008 693 πάσης
1025 642 1099 693 τῆς
1119 641 1193 693 γῆς
1213 637 1490 695 κρατήσαντος
1515 640 1558 682 ἐν
1581 642 1673 682 Βα-

201 706 359 758 βυλῶνί
377 722 419 748 τε
440 703 752 761 τελευτήσαντος
771 708 920 749 διεῖλον
939 707 1013 762 τὴν
1031 707 1256 761 βασιλείαν,
1285 705 1340 757 ὥς
1363 706 1544 764 πρόσθεν
1563 707 1673 764 εἴρη-

203 790 292 825 ται,
336 773 375 816 οἱ
403 776 546 825 παῖδες
578 775 704 818 αὐτοῦ
738 774 879 826 οὕτως.
959 780 1032 830 τῆς
1063 776 1138 830 μὲν
1171 773 1384 831 Αἶγύπτου
1414 778 1675 830 Πτολεμαῖος

201 841 460 896 ἐβασίλευσεν
481 840 503 885 ὁ
525 844 681 900 Λαγοῦ
703 845 771 886 καὶ
793 844 831 886 οἳ
848 847 1025 899 καθεξῆς
1041 847 1295 898 Πτολεμαῖοι
1317 842 1365 900 ιγ’
1389 844 1464 894 ἕως
1483 842 1673 887 Κλεοπά-

147 914 192 949 10
203 928 304 969 τρας
325 911 534 969 θυγατρὸς
559 912 802 965 Διονυσίου,
846 917 919 968 τῆς
955 914 998 955 δὲ
1014 913 1152 964 Ἀσίας
1172 910 1308 967 πάσης
1322 912 1565 968 Ἀντίγονος,
1601 916 1674 968 τῆς

200 980 248 1022 δὲ
269 981 424 1038 Συρίας
443 982 512 1023 καὶ
531 983 804 1035 Βαβυλωνίας
820 984 889 1024 καὶ
904 983 1185 1037 Παλαιστίνης
1203 982 1403 1032 Σέλευκος
1421 979 1442 1023 ὃ
1462 979 1671 1039 Νικάνωρ,
1694 986 1724 1022 P
1750 987 1813 1022 161

198 1046 245 1099 ὃς
272 1050 342 1091 καὶ
371 1046 508 1100 πόλεις
541 1047 614 1092 δύο
647 1051 787 1101 κτίσας
820 1051 861 1093 ἔν
893 1057 978 1101 τοῖς
1004 1051 1143 1109 μέρεσι
1167 1051 1357 1101 Κιλικίας
1387 1051 1455 1092 καὶ
1481 1050 1608 1105 ἄλλην
1632 1051 1674 1093 ἐν

128 1124 130 1134 ’
198 1118 331 1177 Συρίᾳ
365 1117 440 1172 τὴν
473 1118 548 1173 μὲν
582 1117 820 1162 Σελεύκειαν
857 1118 1042 1162 Ξκάλεσεν
1073 1119 1148 1175 τὴν
1185 1120 1229 1161 δὲ
1254 1117 1499 1173 Ἀντιόχειαν
1527 1118 1601 1174 τὴν
1630 1119 1674 1161 δὲ

0 1190 7 1198 “
0 938 23 1101 ῑ“*ΪΤ-”’ἳῐ-”’”ῖ
0 524 30 926 Ysqusssss‘Yff-fflbjr
11 458 19 482 «ι
6 331 27 429 ῒ;“’.“,·«,
8 307 10 310 ·
5 253 24 270 τί
6 208 17 227 ’κ
4 183 7 187 ’
11 160 13 162 -

35 266 38 281 '⁴
30 188 45 233 Α““’”
42 155 47 160 ι
46 107 49 125 ,Α

88 125 89 128 „
83 27 90 38 2

196 1187 453 1229 Λαοδίκειαν
486 1189 542 1238 εἰς
570 1187 616 1230 τὸ
649 1186 797 1230 ἑαυτοῦ
823 1187 953 1243 ὄνομα
975 1190 1043 1230 καὶ
1069 1193 1143 1230 τοῦ
1165 1188 1258 1230 vim?
1280 1189 1348 1230 καὶ
1374 1192 1447 1243 τῆς
1465 1187 1675 1244 θυγατρὸς

145 1256 188 1292 15
200 1255 430 1310 Λαοδίκης.
497 1255 568 1313 ἐφ’
596 1250 644 1298 οὗ
656 1255 806 1299 Ῥόδιοι
827 1255 1295 1314 θαλασσοκρατήσαντες
1318 1256 1542 1312 ἀνέστησαν
1563 1257 1604 1299 ἓν
1623 1259 1675 1313 τῇ

197 1321 332 1376 πόλει,
374 1322 500 1380 ἤγουν
520 1328 572 1381 τῇ
593 1325 715 1367 ἐκεῖσε
739 1323 871 1383 νήσῳ,
908 1329 1091 1380 χαλκοῦν
1114 1322 1334 1382 ἀνδριάντα
1355 1329 1430 1367 τοῦ
1450 1323 1592 1379 ἡλίου,
1628 1323 1674 1366 ὃν

198 1391 332 1445 διὰτὸ
355 1393 530 1449 μέγεθος
553 1391 749 1437 ἐκάλεσαν
768 1392 980 1446 κολοσσόν,
1011 1396 1079 1436 καὶ
1102 1393 1218 1436 αὐτοὶ
1231 1395 1486 1444 Κολοσσαεῒς
1506 1390 1670 1448 ὠνομά-

194 1464 374 1516 σθησαν.

331 1529 460 1573 Μετὰ
493 1530 538 1573 δὲ
569 1530 766 1573 Σέλευκον
799 1529 1058 1585 ἐβασίλευσεν
1086 1530 1290 1585 Ἀντίοχος
1321 1529 1410 1581 υἱὸς
1442 1529 1569 1572 αὐτοῦ
1601 1529 1670 1570 καὶ

138 1596 312 1641 mimo:
337 1596 381 1642 ε’.
451 1595 538 1641 εἶτα
557 1599 815 1653 ἐβασίλευσεν
833 1599 1036 1654 Ἀντίοχος
1059 1597 1080 1641 ὅ
1102 1596 1324 1657 ἐπιφανής,
1361 1598 1450 1649 υἱὸς
1468 1594 1666 1640 Σελεύκου
1691 1607 1724 1657 Q

193 1671 268 1711 τοῦ
287 1664 582 1725 φιλοπάτορος,
625 1667 695 1725 ἐφ’
721 1661 770 1710 οὗ
790 1667 946 1724 γέγονεν
966 1666 992 1723 ἡ
1014 1668 1182 1724 δευτέρα
1205 1666 1356 1718 ἅλωσις
1374 1672 1448 1722 τῆς
1464 1665 1675 1725 Ἰερουσα-·

195 1736 278 1791 λὴμ
302 1738 370 1778 καὶ
391 1735 443 1779 τὰ
464 1736 568 1779 κατὰ
592 1740 673 1779 τῶν
687 1737 980 1791 Μακκαβαίων
999 1734 1188 1794 ἐπράχθη
1210 1737 1278 1778 καὶ
1299 1735 1345 1778 τὸ
1371 1735 1477 1793 ἱερὸν
1498 1732 1672 1790 ἐμολύν-

193 1809 254 1861 θη
277 1805 382 1848 κατὰ
403 1804 477 1861 τὴν
497 1809 571 1848 τοῦ
593 1805 754 1861 Δανιὴλ
776 1804 1012 1863 πρόρρησιν.
1075 1804 1120 1855 ὃς
1138 1806 1205 1846 καὶ
1229 1803 1288 1846 δι’
1315 1802 1343 1846 ἃ
1363 1802 1508 1862 ἔπραξε
1536 1802 1669 1846 πολλὰ

193 1874 302 1917 κακὰ
325 1875 519 1934 αἰσχίστῳ
536 1871 653 1934 μόρῳ
674 1874 744 1918 τὸν
760 1876 855 1931 βίον
877 1875 939 1918 ἐπὶ
963 1875 1075 1930 ξένης
1096 1874 1380 1931 κατέστρεψεν.

285 1961 329 1996 16
350 1955 430 2006 ἥως
450 1960 556 2006 vulgo

191 2027 313 2070 dotus,
337 2028 586 2075 Empedocles,
611 2029 800 2074 Diogenes,
824 2030 933 2074 Zeno,
957 2028 1193 2073 Pherecydes,
1216 2027 1447 2070 Aristarchus,
1470 2025 1667 2072 Hippocra-

191 2078 258 2118 tes,
282 2074 516 2118 Parmenides,
539 2075 652 2118 Plato,
676 2076 895 2117 Aristoteles,
920 2076 1166 2110 Demosthenes
1183 2078 1218 2109 et
1234 2075 1399 2108 Socrates
1416 2073 1597 2107 florebant.

285 2121 372 2156 Post
386 2122 608 2156 Artaxerxem
623 2124 838 2156 Artaxerxes
854 2122 961 2164 alius;
978 2126 1014 2156 et
1030 2121 1086 2167 qui
1100 2120 1282 2156 Artaxerxi
1298 2130 1505 2160 successere,
1524 2128 1666 2164 regnum

192 2165 348 2202 obtinent
363 2168 405 2202 ad
422 2167 562 2202 Darium
579 2179 698 2213 usque,
725 2180 825 2213 quem
844 2168 1035 2202 Alexander
1052 2166 1232 2201 interemit.
1258 2165 1314 2200 hic
1331 2177 1406 2200 cum
1422 2175 1562 2209 regnum
1582 2165 1666 2198 Per-

193 2223 307 2248 sarum
322 2218 513 2256 vastasset,
538 2214 697 2248 universa
712 2221 805 2248 terra
821 2215 962 2248 subacta
978 2213 1157 2257 Babylone
1174 2212 1354 2253 occubuitg
1390 2215 1425 2245 et
1442 2223 1483 2245 eo
1500 2210 1573 2245 fato
1588 2210 1666 2243 fun-

179 2263 250 2293 -cto
265 2259 472 2301 administri,
509 2265 547 2294 ut
563 2260 628 2294 iam
645 2260 769 2294 dictum
787 2263 840 2294 est
855 2286 865 2304 ,
889 2259 1067 2305 imperium
1083 2259 1254 2300 divisere3
1294 2268 1432 2302 quorum
1448 2257 1667 2291 Ptolemaeus

194 2303 283 2349 Lagi
297 2305 386 2339 filius
402 2306 554 2352 Aegypti
570 2317 708 2351 regnum
729 2305 922 2351 occupavit,
948 2311 985 2339 et
1003 2305 1060 2350 qui
1077 2310 1154 2351 post
1169 2315 1243 2339 eum
1261 2303 1435 2339 subsecuti
1450 2309 1529 2337 sunt
1545 2301 1666 2335 Ptole-

195 2349 281 2384 maei
294 2351 468 2394 tredecim,
492 2363 601 2397 usque
617 2352 660 2386 ad
678 2352 898 2407 Cleopatram
914 2351 1073 2396 Dionysii
1090 2351 1202 2385 tiliam.
1248 2350 1428 2384 universae
1444 2349 1546 2383 Asiae
1558 2348 1666 2401 impe-

195 2395 283 2430 rium
296 2397 363 2431 arri
388 2397 440 2432 uit
455 2397 666 2443 Antigonus,
690 2399 817 2443 Syriae
834 2397 1063 2442 Babyloniae,
1089 2401 1126 2431 et
1140 2395 1358 2431 Palaestinae
1374 2395 1540 2429 Seleucus
1557 2393 1665 2427 Nica-

196 2452 270 2484 nor,
291 2441 349 2488 qui
388 2455 447 2478 uas
463 2444 551 2490 apud
563 2444 688 2478 Cilices
703 2449 739 2478 et
754 2444 887 2479 tertiam
905 2443 991 2489 apud
1002 2444 1111 2487 Syros
1127 2443 1230 2476 urbes
1246 2441 1408 2483 condidit,
1428 2441 1516 2474 hanc
1531 2439 1665 2485 quidem

197 2486 408 2532 Seleuciam,
430 2489 521 2524 illam
537 2490 768 2532 Antiochiam,
790 2490 926 2524 tertiam
944 2489 1146 2524 Laodiceam
1165 2499 1185 2521 a
1203 2499 1265 2522 suo
1283 2487 1344 2521 filii
1359 2487 1518 2532 filiaeque
1533 2486 1667 2519 nomine

197 2538 438 2579 nuncupatam.
485 2547 527 2570 eo
543 2541 697 2582 tempore
712 2536 837 2571 Rhodii
857 2547 932 2570 cum
948 2535 1123 2581 imperium
1140 2534 1242 2569 maris
1256 2533 1494 2576 obtinuissent,
1517 2536 1664 2565 statuam

196 2589 336 2614 aeneam
360 2579 396 2614 in
410 2591 452 2614 ea
466 2582 553 2616 urbe
566 2582 642 2617 sive
657 2582 768 2616 insula
782 2582 845 2617 soli
861 2593 993 2616 sacram
1013 2585 1196 2615 erexerunt
1206 2605 1217 2621 ,
1253 2590 1352 2625 quam
1378 2590 1420 2613 ex
1434 2577 1666 2624 magnitudine

196 2624 378 2660 Colossum
394 2626 619 2672 appellarunt,
642 2639 663 2663 a
678 2640 746 2673 qua
759 2628 824 2675 ipsi
865 2632 961 2662 ostea
975 2627 1198 2661 Colossenses
1213 2625 1293 2659 dicti
1308 2628 1397 2659 sunt.

289 2670 435 2705 Seleuco
453 2674 617 2708 successit
631 2674 818 2708 Antiochus
833 2641 923 2708 lilius
939 2678 976 2708 et
992 2673 1048 2707 alii
1063 2672 1220 2727 quinque.
1251 2671 1373 2705 deiude
1387 2670 1590 2721 subsecutus
1610 2670 1665 2701 est

197 2714 386 2750 Antiochus
401 2716 618 2763 Epiphanes,
643 2720 779 2754 Seleuci
793 2719 1026 2765 Philopatoris
1042 2719 1131 2752 filius
1142 2744 1152 2760 ,
1177 2718 1239 2751 sub
1256 2728 1324 2762 quo
1340 2715 1522 2751 secundum
1539 2714 1666 2747 Hiero—

194 2761 403 2806 solymorum
430 2762 595 2799 excidium
619 2770 655 2799 et
677 2765 962 2802 Maccahaeorum
985 2777 1041 2800 res
1061 2770 1181 2809 gestae
1204 2769 1408 2806 narrantur,
1437 2760 1665 2811 templumque

195 2808 378 2842 secundum
394 2808 549 2843 Danielis
562 2810 756 2845 vaticinium
772 2813 997 2858 profanatum.
1051 2810 1105 2844 hic
1132 2808 1338 2844 nefariorum
1364 2808 1528 2842 scelerum
1553 2805 1664 2840 archi-

197 2858 308 2888 tectus
324 2853 431 2890 vitam
446 2853 481 2889 in
499 2855 609 2890 aliena
623 2861 716 2892 terra
731 2869 806 2892 cum
822 2857 1014 2904 turpissima
1031 2860 1141 2891 morte
1156 2854 1382 2891 commutavit.
