1924 3242
276 204 339 248 22
907 200 1090 244 IOELIS

412 316 536 360 Mn&
561 317 604 360 δὲ
624 317 763 374 Κῦρον
786 315 1017 370 ἐβασίλευσε
1038 312 1269 370 Καμβύσης
1291 311 1312 355 ὃ
1335 312 1421 363 υἱὸς
1443 312 1591 366 αὐτοῦ,
1622 311 1644 355 ὃ
1664 312 1733 355 καὶ

276 382 643 442 Ναβουχοδονόσορ
666 385 917 439 ἐπικληθείς,
953 383 1019 439 ἴτη
1041 383 1107 438 ιη’.
1151 382 1221 440 ἐφ’
1250 376 1297 424 οὗ
1319 383 1385 423 καὶ
1403 381 1570 436 Ἰουδὴθ
1590 385 1642 439 τῇ
1658 384 1733 424 τοῦ

279 458 381 496 θεοῦ
396 453 571 512 βοηθείᾳ
586 455 654 495 καὶ
671 457 721 510 τῇ
738 451 884 507 ἑαυτῆς
902 453 1028 511 σοφίᾳ
1047 449 1291 505 ἂπατήσασα
1312 451 1379 491 καὶ
1397 449 1732 507 ἄποκεφαλίσασα

279 521 349 563 τὸν
362 519 610 577 Ὁλοφέρνην
621 552 634 573 ,
669 524 904 578 πορθοῦντα
926 520 999 575 τὴν
1017 521 1238 563 Βετουλίαν
1257 514 1397 569 πόλιν,
1425 519 1537 572 νίκην
1554 515 1732 573 μεγάλην

228 594 257 627 Β
281 596 364 639 τοῖς
386 588 487 638 υἱοῖς
503 588 666 645 Ἰσραὴλ
687 589 955 646 προεξένησεν,
985 590 1051 630 καὶ
1073 585 1297 640 ἐτελεύτησε
1310 583 1421 641 χήρα
1442 586 1541 628 ἐτῶν
1561 583 1631 642 ρε’.
1742 591 1766 628 5

412 656 538 699 Meu)
561 658 605 698 δὲ
627 655 857 712 Καμβύσην
880 658 1111 710 ἐβασίλευσε
1128 655 1326 711 Σπὲρὸιος
1349 651 1370 694 ὅ
1387 652 1517 708 μάγος
1534 657 1666 707 μῆνας
1687 651 1748 705 ζ’..

411 725 537 767 Meu)
569 725 613 767 δὲ
645 726 842 782 Σπέρὸιον
873 726 1102 779 ἐβασίλευσε
1134 724 1310 779 Δαρεῖος
1334 719 1567 763 ζΥστάσπου
1595 719 1663 776 ἔτη
1685 718 1738 763 κ’.

278 790 349 849 ἐφ’
396 786 444 834 οὗ
483 790 603 834 πάλιν
635 792 877 850 Ζοροβάβελ
920 794 987 835 καὶ
1011 793 1166 847 Ἰησοῦς
1197 790 1474 846 ἐπιτραπέντες
1505 789 1737 832 ἔτελείωσαν
1762 810 1768 818 ·-

278 860 351 914 τὴν
373 860 589 914 οἰκοδομὴν
609 865 683 903 τοῦ
705 865 828 913 ναοῦ,
865 860 928 903 ὅτε
952 859 973 902 ὃ
995 858 1234 915 Ζοροβάβελ
1264 859 1305 900 ἐν
1335 856 1592 913 προβλήματι
1623 854 1737 912 anmi-‘-

279 944 377 979 σας,
412 929 479 969 καὶ
504 929 731 985 ἐπιτραπεὶς
759 927 1010 983 αῗτήσασθαι
1043 928 1066 970 ὃ
1094 926 1305 982 βούλεται,
1340 926 1507 980 ἠξίωσεν
1530 924 1738 982 ἀφεθῆναι
1750 931 1794 966 10

279 995 352 1050 τὴν
374 998 653 1049 αἰχμαλωσίαν
679 998 745 1039 καὶ
769 988 1089 1051 οἰκοδομηθῆναι
1117 995 1191 1049 τὴν
1214 993 1501 1051 Ἰερουσαλήμ·
1537 992 1562 1035 ὃ
1581 996 1648 1036 καὶ
1669 994 1737 1050 γε’-

279 1080 367 1118 γονε
380 1096 394 1115 ,
441 1066 508 1105 καὶ
545 1063 632 1107 τότε
667 1063 923 1122 πεπλήρωται
955 1066 1011 1114 εἲς
1043 1064 1156 1113 τέλος
1185 1063 1238 1105 τὰ
1270 1066 1342 1117 τῆς
1371 1063 1652 1116 αἰχμαλωσίας
1670 1064 1739 1105 καὶ

277 1135 350 1185 τῆς
372 1132 494 1188 ὀργῆς
515 1130 581 1187 ε’τη
606 1130 653 1175 0'.
723 1130 744 1174 ὃ
768 1133 814 1174 δέ
832 1150 875 1188 γε
902 1132 1107 1189 ἀρχιερεὺς
1130 1133 1197 1173 καὶ
1218 1130 1479 1187 γραμματεὺς
1493 1124 1740 1186 ’Έσὸραςῆν

225 1203 256 1237 G
281 1197 482 1241 διδάσκων
511 1199 579 1242 τὸν
612 1197 734 1254 νόμον
763 1205 837 1242 τοῦ
863 1204 966 1242 θεοῦ
993 1202 1060 1242 καὶ
1090 1196 1358 1255 διερμηνεύων
1387 1195 1442 1247 ὥς
1472 1197 1742 1254 εὐφυέστατος

279 1265 466 1318 πάντων,
511 1266 556 1316 ὃς
586 1272 653 1309 καὶ
684 1267 758 1316 τὰς
792 1267 902 1323 ἱερὰς
930 1269 1099 1321 βίβλους
1125 1266 1417 1319 ἀπεκατέστησε
1443 1267 1743 1322 διαφθαρείσας
1754 1273 1797 1310 15

278 1332 357 1375 ὑπὸ
381 1339 460 1376 τῶν
485 1336 707 1388 πολεμίων·
756 1335 795 1376 οἳ
828 1333 906 1390 γάρ
938 1352 1000 1376 τοι
1031 1335 1237 1376 Χαλδαῖοι
1271 1333 1374 1386 μετὰ
1404 1332 1477 1387 τὴν
1499 1331 1650 1375 ἅλωσιν
1671 1338 1745 1389 τῆς

272 1400 539 1457 Ἰερουσαλὴμ
566 1403 786 1458 ἐνέπρησαν
814 1400 962 1451 πάσας.
1032 1402 1095 1444 ὁιὸ
1118 1403 1185 1444 καὶ
1209 1401 1434 1443 ἐνέπνευσεν
1454 1399 1475 1443 ὅ
1494 1400 1593 1452 θεὸς
1614 1400 1745 1461 τούτῳ

279 1468 381 1512 ὥστε
402 1469 529 1519 αὐτὰς
545 1469 758 1512 ἐκθέσθαι.

415 1537 541 1580 Μετὰ
562 1539 606 1580 de*
628 1538 806 1594 Δαρεῖον
825 1537 1082 1591 ἐβασίλευσεν
1095 1534 1347 1594 Ἀρταβάνης
1364 1540 1496 1591 μῆνας
1517 1535 1565 1590 ζ’.

419 1605 546 1648 Μετὰ
574 1607 617 1647 δὲ
645 1604 899 1662 Ἀρταβάνην
920 1606 1176 1658 ἐβασίλευσεν
1189 1605 1451 1661 Ἀρταξέρξης
1475 1602 1496 1646 ὅ
1521 1602 1800 1663 μακρόχειρ20

282 1673 350 1727 ε’τη
385 1671 472 1726 μα’.
540 1673 610 1730 ἐφ’
651 1668 698 1715 οὗ
734 1677 949 1729 Σοφοκλῆς
975 1671 1239 1728 “Ηράκλειτος
1274 1674 1341 1714 καὶ
1370 1672 1642 1730 Ἀναξαγόρας
1675 1677 1744 1716 καὶ

282 1738 541 1797 Πυθαγόρας
574 1743 641 1784 καὶ
677 1741 931 1797 Θουκυδίδης
964 1743 1031 1782 καὶ
1061 1740 1284 1797 Εὐριπίδης
1321 1741 1388 1782 καὶ
1416 1738 1642 1798 Ἠρόδοτος
1676 1745 1744 1785 καὶ

374 1868 397 1903 6
420 1865 630 1912 Σμέρδιος-7

378 1981 506 2026 Cyrum
523 1981 650 2027 excipit
666 1981 857 2026 Cambyzes
873 1981 974 2026 filius,
998 1981 1057 2026 qui
1074 1983 1109 2015 et
1123 1979 1441 2016 Nabuchodonosor
1459 1981 1658 2026 vocabatur,
1681 1994 1743 2029 per

284 2037 390 2060 annos
419 2027 617 2062 octodecim.
665 2040 707 2061 ea
733 2033 935 2072 tempestate
962 2027 1097 2061 Iuditha
1119 2027 1234 2061 divina
1257 2039 1321 2072 ope
1346 2032 1381 2060 et
1404 2027 1585 2072 prudentia
1607 2028 1744 2074 propria

284 2071 481 2117 Olopherne
497 2073 615 2107 deluso
629 2099 639 2115 ,
665 2073 806 2118 eiusque
821 2073 973 2107 Betuliae
990 2084 1130 2116 magnae
1146 2073 1236 2107 urbis
1252 2072 1415 2106 excidium
1432 2073 1614 2108 minitantis
1630 2075 1743 2119 capite

285 2121 457 2161 amputato
469 2144 479 2159 ‚
510 2118 655 2163 ingentis
670 2119 834 2152 victoriae
848 2118 1007 2152 Israelitis
1025 2129 1128 2152 causa
1144 2118 1226 2160 fuit3
1264 2117 1414 2162 obiitque
1430 2118 1529 2152 vidua
1544 2119 1666 2153 aetatis
1681 2132 1744 2153 au-

284 2172 401 2196 norum
420 2164 497 2198 105.

377 2207 557 2251 Cambysis
571 2220 723 2253 regnum,
748 2220 788 2242 eo
806 2208 976 2251 defuncto,
1003 2208 1167 2253 Sperdius
1181 2208 1305 2252 Magus
1320 2219 1451 2241 menses
1468 2209 1490 2243 7
1506 2209 1707 2254 occupavit..

375 2252 463 2286 Post
478 2254 655 2298 Sperdium
671 2255 792 2287 Darius
809 2255 992 2299 Hystaspis
1016 2254 1103 2287 filius
1128 2265 1264 2297 regumn
1289 2253 1534 2287 administravit
1560 2265 1667 2288 annos
1691 2255 1743 2288 vi-

284 2295 370 2340 ginti
383 2322 393 2338 ‚
424 2298 488 2331 sub
511 2310 578 2342 quo
602 2310 733 2332 rursum
750 2299 982 2332 Zorobabelus
1007 2306 1042 2333 et
1057 2299 1151 2332 lesus
1168 2298 1455 2332 exaedificationis
1471 2299 1586 2343 templi
1603 2300 1744 2344 provin-

286 2342 370 2375 ciam
385 2342 451 2376 sibi
467 2344 673 2376 commissam
689 2344 879 2377 absolvunt.
926 2345 1058 2388 quando
1072 2344 1307 2384 zorobabelus
1323 2343 1476 2388 superior
1492 2344 1525 2377 in
1543 2346 1744 2390 exponendo

311 2388 494 2421 roblemate
508 2388 712 2430 declaratur,
738 2388 835 2433 eique
851 2401 912 2433 pro
929 2390 1024 2422 libito
1041 2389 1201 2433 quidquid
1219 2393 1307 2422 esset
1324 2389 1576 2435 concederetur,
1602 2391 1743 2435 primum

286 2398 476 2466 libertatem
491 2433 604 2478 populi
615 2460 625 2476 ‚
661 2433 782 2466 deinde
799 2434 1110 2477 Hierosolymorum
1126 2434 1386 2467 exstructionem
1403 2435 1578 2479 exposuit3
1601 2437 1692 2481 quod
1708 2441 1745 2471 et

285 2477 410 2511 exitum
427 2478 553 2512 habuit.
600 2482 637 2512 et
661 2483 742 2512 tunc
763 2479 840 2511 anni
868 2480 1083 2524 septuaginta
1108 2479 1315 2523 captivitatis
1334 2484 1370 2513 et
1388 2480 1459 2513 irae
1474 2481 1633 2526 completi
1653 2487 1743 2516 sunt.

283 2521 415 2557 interea
429 2534 573 2571 summus
588 2524 746 2557 sacerdos
763 2523 1061 2568 scribaqueEsdra
1078 2524 1233 2569 populum
1250 2525 1380 2569 legibus
1397 2525 1515 2559 divinis
1531 2526 1745 2571 informabat,

287 2570 324 2601 et
351 2579 413 2612 pro
441 2580 500 2602 sua
524 2568 649 2612 ingenii
673 2569 880 2602 dexteritate
903 2569 1198 2613 interpretabatur.
1248 2571 1300 2603 bic
1326 2570 1426 2603 etiam
1449 2571 1550 2605 libros
1568 2584 1684 2606 sacros
1700 2574 1744 2606 ab

287 2613 438 2647 hostibus
455 2620 633 2658 corruptos
651 2614 846 2648 renovavit:
881 2615 1126 2648 Chaldaeorum
1143 2615 1267 2659 quippe
1284 2627 1378 2648 manu
1398 2624 1474 2659 post
1489 2617 1746 2662 Hierosolymo-

288 2669 360 2691 rum
376 2659 539 2693 excidium
556 2659 798 2703 deflagrarunt.
845 2664 1056 2705 quapropter
1072 2660 1156 2693 deus
1170 2671 1231 2693 suo
1250 2671 1324 2694 eum
1341 2661 1461 2695 afflatu
1478 2662 1526 2695 ita
1541 2663 1676 2706 muniit,
1707 2667 1746 2697 ut

283 2703 363 2737 illos
378 2704 497 2737 ederet
513 2709 546 2738 et
562 2704 758 2749 publicaret.

377 2748 482 2783 Dario
498 2750 531 2783 in
548 2761 653 2794 regno
668 2750 818 2784 succedit
833 2750 1023 2784 Artabanes
1040 2762 1102 2796 per
1118 2762 1247 2784 menses
1265 2754 1405 2797 septem.

378 2795 550 2828 Artabano
566 2797 774 2829 Artaxerxes
790 2795 1016 2839 Longimanus
1034 2808 1094 2841 per
1110 2808 1215 2829 annos
1231 2798 1287 2831 41.
1336 2809 1377 2830 ea
1393 2800 1596 2844 tempestate
1610 2797 1744 2842 Sopho-

289 2840 370 2883 cles,
394 2840 610 2883 Heraclitus,
637 2841 880 2886 Anaxagoras,
905 2841 1131 2887 Pythagoras,
1156 2842 1391 2886 Thucydides,
1419 2843 1609 2889 Euripides,
1633 2843 1744 2878 nero-
