1832 3250
224 189 229 196 ⁴
271 195 335 243 72
614 251 617 253 ,
652 197 1024 245 ΟΟΝΞΤΔΝτΤῙΝΙ
1060 199 1321 247 MANAssIs

403 312 471 353 καὶ
490 314 614 354 ταῦτα
634 311 870 366 διαθέμενος
889 312 930 355 ἓν
947 310 1130 370 σάλπιγγι
1149 315 1331 370 σημαίνει

403 379 476 433 τὴν
494 382 630 433 κλῆσιν
649 379 721 434 τὴν
739 384 811 435 τῆς
830 378 1002 432 πόλεως,
1037 384 1104 425 καὶ
1117 381 1275 437 Ῥώμην
1296 379 1492 437 ὀνομάζει.
1540 413 1541 417 =

273 444 378 488 1635
402 447 467 487 καὶ
486 450 643 501 πλῆθος
662 446 947 502 συλλεξάμενος
967 449 1045 491 ἀπὸ
1067 454 1138 505 τῆς
1156 448 1399 507 περιχώρου,

402 512 578 569 ἄνδρας,
609 522 818 570 γυναῖκας,
851 518 1064 573 μείρακας,
1093 518 1365 574 τριγέροντας,
1395 515 1598 576 ἐφήβους,

403 582 632 632 ἰσοπολίτας
657 584 794 638 τίθησι
819 586 886 626 καὶ
910 586 1116 637 κατοικίζει
1139 583 1303 636 πάντας.
1364 620 1366 622 -
1571 627 1576 634 ,

468 650 552 690 Καὶ
572 654 727 707 πρῶτος
750 645 865 702 οὗτος
884 652 1074 705 βασιλεὺς
1095 654 1337 695 καθίσταται
1353 650 1574 706 Ῥωμαίων,

401 716 468 757 καὶ
487 717 588 770 μετὰ
607 723 748 761 τοῦτον
769 717 790 760 ὃ
814 724 1006 773 Νουμᾶς,
1042 722 1107 762 καὶ
1129 720 1231 774 μετὰ
1250 725 1392 763 τοῦτον
1415 718 1598 774 Τύλλος,

268 781 377 825 1640
402 784 468 825 καὶ
488 785 578 837 μετ’
605 786 751 836 αὐτοὺς
774 785 795 828 ὃ
821 785 1009 842 Μάρκιος
1021 786 1161 843 Ἄγκος
1182 787 1464 842 ὠνομασμένος

217 854 247 889 Β
400 850 493 906 (τὴν
513 853 589 908 γὰρ
609 852 782 908 ἀγκύλην
802 859 875 896 τοῦ
898 854 1022 904 ποδὸς
1043 853 1119 909 εἶχε
1141 856 1458 912 πεπηρωμένην),

401 920 466 960 καὶ
490 920 581 972 μετ’
606 921 727 963 αὐτὸν
749 920 973 978 Ταρκύνιος
996 940 1172 976 πεμπτος
1194 923 1271 965 ἀπὸ
1286 921 1509 977 Ῥωμύλου,

401 987 526 1040 μηδὲν
546 987 654 1045 αὐτῷ
677 987 956 1045 προσήκουσαν
978 990 1116 1044 λαβὼν
1136 990 1209 1045 τὴν
1226 992 1454 1044 βασιλείαν·

401 1060 484 1103 τοῖς
505 1055 581 1111 γὰρ
604 1058 749 1099 παισὶν
762 1057 948 1113 ὠφείλετο
970 1060 1164 1114 Μαρκίου
1183 1059 1393 1112 βασιλέως.

269 1117 378 1160 1645
403 1122 585 1178 γαμβρὸς
604 1128 676 1165 τοῦ
696 1127 920 1181 Ταρκυνίου
943 1126 987 1167 δὲ
1009 1124 1182 1176 Τύλλιος
1195 1126 1286 1180 μετ’
1310 1127 1468 1176 ἐκεῖνον,

404 1188 448 1238 ὃς
469 1189 546 1231 ἀπὸ
565 1192 766 1248 βρέφους,
803 1191 858 1243 ὥς
879 1210 1000 1249 φασι,
1029 1193 1106 1235 κάκ
1127 1192 1288 1250 πρώτης
1307 1191 1477 1248 ἡλικίας,

402 1256 671 1313 ἐπωνομάσθη
695 1260 854 1315 σε’ρβιος
873 1259 927 1319 ὥς
946 1261 1115 1316 γεγονὼς
1134 1262 1176 1303 ἐκ
1201 1259 1346 1315 δούλης
1358 1274 1370 1286 ·

401 1322 565 1366 δύναται
587 1325 664 1381 γὰρ
685 1326 730 1367 τὸ
754 1328 911 1383 σε’ρβιος
932 1330 1080 1370 δοῦλον
1099 1328 1211 1385 παρὰ
1227 1326 1453 1382 Ῥωμαίοις.

399 1385 515 1441 οὗτος
532 1397 686 1446 συνῆψε
706 1393 779 1444 τὰς
798 1394 922 1436 αὐτοῦ
939 1395 1039 1451 πρὸς
1059 1393 1189 1450 γάμον
1209 1396 1439 1453 θυγατέρας

269 1457 377 1500 1650
399 1465 482 1507 τοῖς
500 1461 699 1511 βασιλέως
717 1461 874 1512 υἱωνοῖς
893 1464 1074 1504 Λευκίου
1101 1464 1344 1519 Ταρκυνίου,

403 1519 530 1582 ὦνπερ
550 1532 647 1580 μιᾶς
667 1528 860 1585 ἐπιβουλῇ
880 1531 947 1571 καὶ
968 1528 1103 1587 τρόπῳ
1122 1528 1327 1588 μιαιφόνῳ

400 1594 466 1635 καὶ
491 1597 559 1647 τῆς
581 1596 683 1649 ζωῆς
701 1597 767 1637 καὶ
791 1601 861 1650 τῆς
881 1597 1008 1653 ἀρχῆς
1028 1595 1048 1638 ὃ
1071 1596 1197 1648 τάλας
1215 1594 1428 1654 ἐστερήθη.

214 1666 248 1701 C
400 1662 469 1703 καὶ
487 1661 579 1714 μετ’
604 1662 727 1703 αὐτὸν
749 1662 974 1719 Ταρκύνιος
992 1662 1013 1705 ὃ
1035 1663 1267 1721 Σούπερβος
1287 1666 1492 1721 κατῆρξεν,

401 1726 445 1778 ὃς
471 1727 793 1784 προσφερόμενος
815 1731 935 1783 ὠμῶς
951 1733 1017 1773 καὶ
1037 1731 1374 1789 φιλυπερηφάνως

268 1794 377 1838 1655
402 1796 469 1837 καὶ
488 1799 538 1851 τῇ
555 1800 684 1852 βουλῇ
705 1799 772 1838 καὶ
792 1802 850 1855 τῷ
866 1803 986 1856 κοινῷ
1005 1797 1237 1856 Σούπερβος
1254 1797 1480 1855 ἐπεκλήθη·

399 1862 469 1905 τὸν
489 1863 528 1905 δ’
553 1862 728 1917 ἀλαζόνα
749 1865 850 1922 παρ’
873 1864 1049 1922 αὗτοΐςῆ
1072 1867 1175 1919 λέξις
1192 1865 1411 1926 ἓρμηνεῦει.

357 1994 446 2031 1647
468 1993 657 2040 γεννηθεὶς
678 1994 751 2030 MR
866 1995 951 2031 1651
976 1993 1099 2042 γνώμῃ
1123 1996 1189 2031 AR
1303 1995 1391 2032 1655
1414 1992 1618 2041 ὠνομάσθη
1640 1994 1714 2031 MR

265 2105 512 2142 incrementum
530 2111 693 2142 sumeret.
741 2107 865 2153 quibus
884 2108 935 2143 ita
951 2109 1115 2154 peractis,
1141 2108 1241 2154 signo
1262 2110 1348 2144 tuba
1367 2109 1448 2143 dato
1470 2120 1594 2143 nomen
1615 2107 1711 2143 urbis

266 2151 388 2194 edidit,
412 2158 450 2187 ut
467 2154 577 2187 Roma
595 2159 861 2197 nuncuparetur.
909 2166 1052 2199 cumque
1074 2156 1117 2189 de
1140 2154 1295 2189 finitimis
1317 2154 1518 2199 regionibus
1540 2153 1713 2188 hominum

266 2198 422 2239 turbam,
453 2198 603 2232 virorum
625 2198 778 2242 scilicet,
812 2198 1005 2244 mulierum,
1037 2199 1311 2243 adolescentum,
1341 2211 1460 2234 senum
1482 2199 1713 2243 iuvenumque

267 2240 484 2293 collegisset,
517 2255 632 2278 omnes
662 2244 780 2278 eodem
807 2244 959 2279 civitatis
986 2245 1038 2280 uti
1059 2245 1136 2280 iure
1159 2245 1317 2290 permisit
1343 2249 1380 2279 et
1401 2244 1439 2278 in
1466 2243 1634 2285 coloniam
1653 2255 1711 2287 re-¹

268 2292 376 2330 cepit.
1246 2312 1248 2315 .

359 2330 437 2364 Hoc
457 2333 557 2366 modo
573 2333 703 2377 primus
720 2334 884 2368 Romulus
904 2347 967 2370 rex
985 2336 1214 2370 Romanorum
1232 2334 1312 2369 fuit.
1349 2333 1382 2368 ei
1402 2335 1516 2369 Numa
1533 2333 1712 2378 successit,

267 2375 402 2410 Numae
422 2377 563 2420 Tullus,
587 2378 689 2411 Tullo
705 2379 877 2423 Marcius,
900 2381 1015 2414 Ancus
1038 2380 1390 2425 cognomento,'quod
1408 2383 1625 2413 curvaturam
1648 2391 1713 2424 pe-

269 2420 346 2462 dis,
382 2433 470 2465 quae
492 2422 612 2465 ancyle
635 2423 782 2457 Graecis
809 2429 881 2467 est,
913 2425 1100 2461 mutilatam
1128 2426 1286 2460 haberet.
1332 2429 1413 2469 post
1438 2424 1528 2458 hunc
1550 2423 1714 2468 regnavit

269 2465 408 2509 quintus
440 2479 461 2500 a
488 2467 631 2501 Romulo
659 2468 890 2513 Tarquinius,
923 2471 1054 2515 potitus
1081 2471 1226 2515 imperio
1254 2469 1339 2504 nihil
1363 2470 1407 2504 ad
1430 2481 1468 2503 se
1494 2469 1712 2514 pertinente:

269 2521 346 2544 nam
368 2511 492 2545 Marcii
515 2512 633 2547 liberis
658 2512 740 2548 illud
768 2515 971 2549 debebatur.
1021 2515 1213 2560 Tarquinio
1241 2514 1410 2549 successit
1433 2526 1541 2558 gener
1564 2514 1713 2558 Tullius,

269 2555 330 2599 qui
351 2567 371 2589 a
389 2568 516 2600 puero,
549 2569 611 2591 ceu
629 2558 836 2603 perhibent,
869 2571 910 2593 ac
934 2560 1045 2604 prima
1073 2566 1188 2594 aetate
1207 2559 1325 2593 Servii
1351 2571 1473 2593 nomen
1494 2559 1616 2593 habuit
1632 2564 1712 2593 tan-

269 2611 371 2644 quam
391 2613 409 2634 e
428 2613 531 2635 serva
549 2608 660 2647 natus,
680 2604 808 2648 quippe
826 2605 996 2649 mancipia
1013 2605 1108 2639 servi
1129 2606 1219 2650 apud
1236 2605 1408 2638 Romanos
1428 2605 1600 2639 dicuntur.
1623 2604 1712 2638 filias

271 2657 351 2680 suas
369 2645 413 2678 L.
436 2647 620 2692 Tarquinii
647 2649 740 2692 regis
766 2649 949 2693 nepotibus
975 2655 1117 2694 nuptum
1143 2650 1253 2684 dedit.
1301 2661 1416 2684 earum
1443 2649 1543 2683 unius
1576 2649 1712 2684 insidiis

272 2695 310 2724 et
329 2697 469 2724 cruento
489 2693 630 2726 consilio
649 2694 754 2728 miser
770 2694 876 2729 vitam
895 2706 970 2728 cum
989 2706 1097 2738 regno
1117 2695 1244 2729 amisit.
1290 2700 1428 2728 secutus
1448 2699 1502 2728 est
1522 2706 1598 2729 eum
1618 2693 1711 2728 Tar-

271 2735 408 2779 quinius
430 2737 608 2780 Superbus
630 2738 666 2772 in
687 2739 852 2784 imperio,
880 2739 940 2785 qui
960 2746 1218 2784 cognomentum
1240 2740 1305 2774 hoc
1327 2740 1479 2784 Superbi
1500 2739 1580 2773 tulit
1601 2751 1645 2773 ex
1669 2750 1711 2772 eo

271 2782 364 2823 quod
383 2781 568 2816 crudeliter
593 2786 628 2817 et
651 2786 802 2828 superbe
819 2789 888 2819 tam
910 2796 993 2829 erga
1010 2791 1165 2819 senatum
1187 2796 1288 2829 quam
1304 2784 1441 2829 plebem
1458 2796 1537 2819 sese
1555 2790 1712 2829 gereret:

269 2835 348 2859 nam
372 2827 514 2872 superbi
540 2829 631 2874 apud
649 2829 820 2865 Romanos
847 2830 1081 2876 appellantur,
1120 2829 1181 2876 qui
1203 2835 1284 2867 sunt
1303 2835 1520 2876 arrogantes.
1566 2828 1714 2864 accessit
