1832 3250
501 191 878 238 GOMPENDIUM
917 192 1266 241 CHROMGUM.
1538 195 1604 246 '13

287 306 389 367 πρὸς
406 309 550 351 τοῦτον
568 306 638 350 τὸν
653 303 880 365 Ταρκύνιον
900 306 1066 366 ἄφίκετο
1086 306 1185 366 γυνή
1205 326 1266 360 τις

283 378 454 431 βίβλους
474 376 586 427 ἐννέα
607 375 788 434 φέρουσα
803 381 1001 434 χρησμῶν
1017 382 1098 420 τῶν
1120 378 1377 432 Σιβυλλείων,

285 444 567 500 ἀπεμπολῆσαι
589 445 630 487 δ’
655 443 779 500 ἤθελε
799 449 859 503 τῷ
876 449 1043 500 βασιλεῖ
1056 445 1131 496 τὰς
1151 448 1335 501 βίβλους.

150 511 369 559 1660&st
388 513 432 558 δὲ
450 513 496 556 τὸ
515 510 754 569 ζητούμενον
775 514 921 565 ἐκεῖνος
940 513 1013 557 οὔκ
1033 514 1182 566 ἐδίδου,

283 582 380 637 πυρὶ
403 581 477 633 τὰς
492 589 599 639 τρεῖς
617 583 853 640 κατέφλεξε,
887 584 954 625 καὶ
974 580 1096 626 πάλιν
1117 587 1404 640 προσελθοῦσα

280 653 401 705 τιμῆς
419 648 562 693 ἐπώλει
581 654 656 706 τῆς
676 651 802 707 αὐτῆς
818 650 892 702 τὰς
911 652 1287 706 καταλελειμμένας.

284 717 380 760 ἄλλ’
404 717 537 770 ἔδοξεν
557 717 748 770 ἀσύνετος
765 721 807 762 ἐν
822 718 953 778 τούτῳ
970 726 1055 771 τοῖς
1072 724 1284 777 παροῦσιν,

283 788 352 829 καὶ
370 785 492 830 πάλιν
509 793 616 845 τρεῖς
635 791 890 846 πυριφλεγεῖς
910 789 1085 845 ἐγένοντο
1105 793 1187 831 τῶν
1200 790 1371 844 βίβλων.

149 854 258 900 1665
281 848 410 910 ἦλθεν
426 855 475 898 Δἐκ
491 857 628 913 τρίτου
648 856 751 913 πρὸς
770 855 906 909 αὐτόν,
941 859 1008 901 καὶ
1030 861 1103 913 τῆς
1120 861 1239 913 τιμῆς
1256 862 1330 913 τῆς
1348 858 1438 913 ἲὲῐης

281 923 358 975 τὰς
371 930 478 981 τρεῖς
495 925 629 967 ἐδίδου
644 925 719 976 τὰς
735 924 892 977 λοιπάς.
959 924 1186 980 θαυμάσας
1207 926 1248 969 δ’
1268 927 1332 969 ἐπὶ
1351 924 1509 978 τούτοις

277 989 302 1034 ὅ
325 991 539 1046 βασιλεύς,
569 995 636 1036 καὶ
654 992 838 1048 μάντεων
862 992 1094 1049 πυθόμενος
1115 996 1304 1050 δοκίμων,

267 1060 460 1111 ,ἐκέλευσε
480 1065 532 1119 τῇ
550 1064 705 1118 γυναικὶ
726 1065 904 1118 δοθῆναι
925 1063 971 1106 τὸ
988 1064 1172 1121 χρυσίον.

280 1128 356 1184 τὴν
378 1130 422 1172 δὲ
440 1133 649 1185 λαβοῦσαν
669 1131 714 1174 τὸ
735 1132 871 1185 δοθέν,
905 1134 971 1175 καὶ
991 1132 1082 1187 μετ’
1108 1131 1331 1185 ἐπιμελείας

148 1198 259 1240 1670
281 1204 415 1256 τηρεῖν
434 1198 507 1249 τὰς
524 1201 694 1254 βίβλους
711 1199 945 1258 φράσασαν,
974 1199 1075 1244 εἶδεν
1097 1200 1229 1251 οὐδεὶς
1250 1198 1404 1243 οὐκέτι·

285 1265 328 1308 αἱ
348 1268 487 1321 βίβλοι
508 1268 552 1311 δὲ
569 1266 751 1324 γεγόνασι
770 1267 960 1326 σωτήριοι
976 1273 1028 1327 τῇ
1041 1267 1167 1312 πόλει.

282 1333 428 1378 τούτου
447 1335 545 1378 ναὸν
561 1338 785 1390 οἳκοδομεῖν
802 1338 844 1380 ἐν
853 1336 990 1394 Ῥώμῃ
1008 1336 1283 1393 βουληθέντος

282 1401 502 1461 βόθρευμα
520 1405 593 1458 μὲν
612 1403 816 1461 ὠρύσσετο
835 1407 1055 1459 &mistam
1075 1404 1295 1462 ὑπογαίων,

283 1476 358 1526 τῆς
375 1472 416 1514 δ’
440 1472 590 1530 ὀρυγῆς
609 1473 672 1515 ἐπὶ
691 1473 794 1515 πολὺ
813 1473 859 1516 τὸ
875 1472 1015 1528 βάθος
1031 1472 1250 1531 προϊούσης

150 1540 259 1585 1675
284 1538 434 1597 εὖρίθη
458 1539 568 1584 κάτω
586 1542 743 1598 κεφαλὴ
760 1546 1010 1600 νεοσφαγοῦς
1028 1540 1266 1599 ἀνθρώπου,

282 1605 387 1663 αἷμα
407 1608 567 1666 θερμὸν
585 1611 653 1652 καὶ
674 1609 817 1667 νεαρὸν
833 1608 1027 1664 χεόμενον
1053 1612 1265 1662 δεικνῦσα,

283 1678 352 1720 καὶ
375 1675 591 1734 πρόσωπον
612 1679 867 1735 παρεμφερὲς
885 1678 1035 1732 ἔχουσα
1055 1685 1140 1729 τοῖς
1162 1674 1363 1731 ε’μπνόοις.

281 1743 379 1803 ὅπερ
396 1746 549 1800 μαθὼν
565 1747 608 1788 ἓν
625 1750 853 1803 Τυρρηνοῖς
871 1745 1036 1801 δόκιμος
1055 1744 1303 1804 τερασκόπος

281 1804 360 1871 ἔφη
380 1813 454 1869 τὴν
474 1812 590 1857 πόλιν
612 1815 793 1872 κεφαλὴν
813 1819 973 1859 πολλῶν
992 1816 1124 1858 ἐθνῶν
1142 1814 1354 1871 γενέσθαι,

148 1884 259 1926 1680
281 1882 386 1938 πλὴν
403 1882 472 1925 διὰ
492 1884 634 1941 ξίφους
652 1885 719 1926 καὶ
738 1889 907 1942 σφαγῶν
929 1885 997 1927 καὶ
1017 1887 1255 1939 λιμνασμῶν
1276 1877 1473 1937 αἲμάτων.

237 2035 329 2073 1667
348 2033 515 2081 animm
535 2035 763 2085 χρησάμενος
786 2036 952 2083 δοκίμοις
974 2037 1015 2074 Μ
1152 2037 1242 2074 1673
1263 2033 1450 2080 ὑπογείων
1468 2034 1504 2070 R

143 2171 330 2218 aliqnando
355 2173 478 2209 mulier
497 2175 688 2220 quaedam,
724 2186 849 2210 novem
876 2175 985 2210 libros
1003 2173 1253 2220 Sibyllinorum
1275 2171 1491 2208 oraculorum
1516 2170 1606 2205 affe-

143 2229 247 2263 rens,
275 2230 362 2264 quos
389 2220 467 2265 regi
486 2231 526 2255 se
544 2221 763 2256 venditurum
790 2222 936 2256 diceret.
986 2232 1062 2255 cum
1090 2225 1204 2255 autem
1232 2219 1290 2254 ille
1320 2218 1470 2264 pretium
1497 2218 1549 2271 ab·
1563 2228 1607 2270 οε..

144 2264 358 2310 postulatum
374 2277 444 2300 non
461 2267 581 2311 daret,
618 2267 700 2312 igne
717 2267 830 2302 tribus
851 2267 1003 2311 exustis,
1034 2278 1170 2301 rursum
1188 2278 1274 2311 rege
1302 2269 1473 2300 convento
1495 2274 1608 2308 priori

145 2310 346 2346 aestimatos
369 2311 485 2357 pretio
504 2312 658 2358 reliquos
680 2313 792 2348 eidem
817 2314 1001 2348 offerebat.
1050 2324 1195 2358 cumque
1219 2322 1340 2357 parum
1363 2309 1488 2344 mentis
1513 2319 1605 2342 com*

145 2366 210 2401 pos
232 2368 310 2391 esse
327 2356 508 2392 videretur
526 2358 570 2392 iis
593 2359 654 2404 qui
671 2360 820 2393 aderant
833 2386 842 2403 ‚
869 2360 996 2394 iterum
1013 2363 1086 2393 tres
1108 2371 1152 2393 ex
1169 2357 1214 2392 iis
1236 2358 1273 2391 in
1290 2357 1407 2402 ignem
1430 2354 1608 2389 coniectos

145 2401 350 2447 absumpsit.
398 2403 465 2438 hoc
489 2406 590 2439 modo
609 2405 751 2439 tertium
773 2416 893 2450 regem
918 2405 1011 2449 adit,
1048 2410 1085 2439 et
1105 2409 1178 2438 tres
1200 2403 1292 2438 solos
1314 2402 1468 2447 reliquos
1492 2399 1526 2434 ei
1543 2411 1608 2445 pro

146 2447 268 2482 eodem
284 2448 400 2493 pretio
419 2461 546 2484 venum
563 2450 720 2496 exponit.
768 2463 810 2485 ea
827 2462 885 2485 res
910 2462 985 2485 cum
1008 2449 1087 2494 regi
1104 2448 1327 2485 admirationi
1346 2451 1452 2491 esset,
1476 2447 1609 2491 proba*

146 2498 322 2528 tos-vates
339 2501 478 2530 secutus
499 2507 618 2531 aurum
638 2496 858 2532 adnumerari
877 2496 1012 2530 mulieri
1029 2496 1140 2531 iubet.
1189 2507 1257 2540 quo
1279 2494 1339 2529 illa
1355 2496 1512 2537 recepto,
1532 2503 1609 2525 cum

145 2537 336 2574 monuisset
355 2552 416 2574 eos
434 2540 542 2576 libros
563 2542 751 2587 diligenter
768 2539 999 2576 asservandos
1019 2554 1110 2586 esse,
1134 2541 1299 2586 deinceps
1319 2552 1341 2574 a
1358 2539 1495 2573 nemine
1513 2549 1607 2572 mor-

145 2583 266 2618 talium
291 2591 478 2631 conspecta
509 2593 575 2622 est.
624 2588 707 2623 libri
742 2594 855 2622 autem
893 2588 955 2623 isti
993 2587 1163 2622 salutares
1201 2586 1282 2621 urbi
1313 2587 1468 2620 fuerunt.
1515 2583 1609 2618 idem

146 2628 361 2674 Tarquinius
379 2642 455 2666 cum
474 2639 636 2668 extruere
654 2633 817 2679 templum
837 2635 970 2668 Romae
990 2633 1108 2677 vellet,
1130 2633 1267 2677 iamque
1286 2643 1350 2677 pro
1369 2629 1608 2665 subterraneis

145 2675 380 2713 fundamentis
410 2689 567 2732 magnam
593 2680 635 2714 ad
664 2679 939 2725 profunditatem
969 2679 1137 2714 fodiendo
1166 2683 1373 2724 perventum
1395 2677 1507 2719 foret,
1542 2676 1608 2709 sub

146 2726 243 2755 terra
262 2725 366 2766 caput
387 2721 534 2759 homnis
555 2737 679 2760 recens
700 2725 880 2760 interfecti
898 2728 1075 2771 repertum
1095 2729 1161 2768 est,
1179 2724 1217 2758 in
1236 2735 1303 2769 quo
1323 2722 1454 2756 calidus
1470 2720 1609 2764 iamque

144 2766 293 2812 primum
321 2767 450 2802 effusus
471 2771 612 2815 sanguis
635 2771 918 2817 conspiceretur,
943 2777 980 2805 et
998 2770 1107 2805 facies
1131 2770 1235 2804 vivae
1259 2768 1395 2803 similis.
1442 2768 1510 2800 hoc
1533 2777 1609 2799 cum

144 2811 366 2858 prodigiator
396 2815 488 2858 apud
513 2815 720 2859 Tyrrhenos
750 2816 898 2852 celebris
929 2815 1145 2861 accepisset,
1183 2817 1304 2850 urbem
1331 2814 1476 2849 Romam
1506 2815 1611 2856 caput

144 2857 327 2897 multarum
349 2859 503 2904 gentium
523 2861 674 2897 futuram
691 2862 886 2909 praedixit,
918 2863 983 2898 sed
1010 2861 1149 2897 nonnisi
1173 2872 1238 2908 per
1263 2859 1398 2906 gladios
1425 2857 1550 2893 caedes
1573 2860 1610 2892 et

1629 934 1664 968 D

1635 1758 1733 1794 1²35
