1832 3250
283 205 348 251 66
395 238 397 242 ·
663 199 1033 247 CONSTANTINI
1072 200 1189 245 MAN
1190 199 1334 251 Assls

417 316 494 359 ἀπὸ
517 320 588 359 τοῦ
609 312 710 373 ζῴου
728 317 939 371 τοιγαροῦν
962 312 1158 358 Οὖιταλία
1177 317 1288 356 πᾶσα

417 384 514 439 ὅσην
534 382 554 424 ὃ
574 386 673 438 βοῦς
694 383 910 439 ἐπέδραμεν
933 382 1077 432 ἐκεῖνος
1099 379 1334 435 ὠνομάσθη,
1395 409 1399 414 -

419 456 477 511 τῷ
488 449 622 508 χρόνῳ
646 451 689 492 δὲ
708 450 914 504 μετέπεσεν
931 451 987 500 εἷς
1006 454 1144 504 κλῆσιν
1159 449 1342 498 Ἰταλίας.
1578 493 1582 497 ᾗ

241 522 270 557 Β
292 519 398 566 1495
487 520 653 569 Αἰνείας
672 513 742 560 οῦν
762 517 835 561 σὺν
856 523 938 567 τοῖς
961 519 1097 574 Τρωσὶ
1121 523 1203 566 τοῖς
1223 510 1572 558 συνεκπεπλευκόσι

416 586 624 643 χρησμοὺς
642 585 777 640 λαβὼν
797 586 960 628 ἀπέπλεε
978 584 1086 641 παρὰ
1104 583 1175 639 τὴν
1189 584 1373 626 Ἰταλίαν.

422 655 460 696 οἳ
481 655 523 696 ὁὲ
538 655 716 711 χρησμοὶ
737 653 999 711 προσέταττον
1018 653 1080 694 ἐπὶ
1104 653 1266 705 δυσμῶν
1285 648 1469 701 ἐκπλέειν,

419 722 558 778 μέχρις
577 722 710 771 αὐτοῖς
729 721 927 777 ἐγγένηται
946 723 1184 773 καταλαβεῖν
1197 719 1345 774 χωρίον

419 792 460 832 έν
483 784 516 847 ᾧ
536 787 865 843 κατασιτήσονται
883 787 957 838 τὰς
979 785 1131 830 ἑαυτῶν
1151 786 1365 843 τραπέζας·

290 859 399 902 1500
422 857 520 899 ἐπὰν
541 858 583 899 δὲ
601 861 718 899 τοῦτο
739 856 918 911 γένηται,
952 853 1163 912 τετράποδα
1181 853 1412 910 χρωμένους

424 922 666 980 καθηγεμόνι
687 928 759 977 τῆς
777 921 874 965 ὅὸοὕ
892 924 1030 975 κτίζειν
1050 923 1171 964 έκεῖσε
1190 920 1305 963 πόλιν
1352 944 1354 947 -

423 992 522 1034 ὅπου
543 992 589 1034 τὸ
613 994 711 1048 ζῷον
729 992 893 1047 ἓρεισθῇ
915 991 1043 1044 καμὸν
1066 989 1143 1032 ἀπὸ
1163 993 1236 1031 τοῦ
1258 985 1424 1045 δρόμου.

419 1058 585 1109 τούτους
600 1057 791 1112 λαβόντες
807 1058 901 1108 τοὺς
914 1058 1122 1114 χρησμοὺς
1144 1059 1199 1107 εἷς
1214 1055 1434 1113 Λωρεντὸν
1454 1054 1672 1104 ἱκνοῦνται·

421 1129 555 1169 πεδίον
578 1127 620 1168 δὲ
639 1126 683 1168 τὸ
701 1124 914 1182 Λωρεντόν
936 1127 1016 1168 ἐστι
1036 1129 1108 1179 τῆς
1125 1125 1307 1174 Ἰταλίας.

291 1195 395 1238 1505
422 1197 596 1237 ἐνταῦθα
619 1192 811 1248 πήξαντες
831 1193 979 1248 σκηνὰς
999 1193 1171 1250 ἠρίστων
1185 1193 1232 1239 ,ἓν
1251 1191 1424 1249 δαπέδῳ.
1451 1239 1453 1242 ⁴

420 1264 584 1311 σελίνοις
603 1262 646 1303 δὲ
664 1261 710 1304 τὸ
732 1259 906 1313 δάπεδον
925 1256 975 1315 ἦν
998 1259 1104 1302 ἅπαν
1124 1259 1383 1316 ἐστρωμένον,

236 1337 267 1371 C
421 1332 487 1372 καὶ
507 1333 634 1372 ταῦτα
651 1330 791 1385 χρείαν
809 1330 1010 1384 τραπεζῶν
1034 1328 1191 1377 ἐκείνοις
1209 1324 1475 1382 ἀπεπλήρουν.

421 1397 708 1439 ἀναλωθέντων
729 1400 938 1452 τοιγαροῦν
960 1399 1040 1438 τῶν
1061 1394 1411 1451 παρατεθειμένων

419 1466 572 1508 σελίνου
595 1481 655 1513 τις
677 1461 862 1518 ἐγεύσατο
874 1494 887 1514 ,
922 1464 988 1504 καὶ
1006 1462 1100 1516 μετ’
1127 1462 1272 1504 ἐκεῖνον
1293 1459 1439 1510 ἄλλος,

289 1534 396 1575 1510
419 1534 486 1574 καὶ
507 1531 599 1586 μετ’
622 1529 743 1572 αὐτὸν
763 1528 784 1571 ὅ
805 1534 1015 1582 συσσιτῶν,
1050 1530 1117 1572 καὶ
1135 1529 1226 1583 μετ’
1253 1527 1375 1580 αὐτὸν
1398 1526 1420 1570 ὅ
1443 1524 1585 1574 naas-2

422 1601 490 1642 καί
507 1616 606 1648 τινες
627 1595 848 1652 ἀνεβόησαν
862 1595 987 1652 ((ἥμῖν
1007 1597 1080 1639 σὺν
1100 1603 1182 1646 τοῖς
1201 1597 1341 1646 σιτίοις
1363 1636 1367 1639 ,

360 1685 377 1702 ι
419 1666 642 1708 ἀνάλιονται
662 1667 727 1706 καὶ
747 1663 971 1720 τράπεζαι.”
1043 1662 1184 1721 κρότος
1204 1664 1244 1705 ‹5’
1270 1658 1320 1718 ἦν
1338 1662 1402 1704 ε’πὶ
1419 1656 1573 1710 τούτοις

420 1733 475 1783 ὡς
495 1738 567 1775 τοῦ
581 1736 769 1788 χρησμοῦ
790 1736 862 1773 τοῦ
881 1731 980 1789 παρ’
1006 1732 1141 1781 αὐτοῖς
1163 1732 1217 1780 εἷς
1238 1731 1351 1780 τέλος
1370 1725 1644 1786 πεφθακότος.

418 1800 550 1843 ἔπειτα
568 1799 683 1842 θύειν
702 1800 911 1854 μέλλοντες
930 1799 1070 1854 βωμὸν
1084 1796 1383 1856 ἕδημιούργουν,

378 1940 467 1975 1494
484 1950 562 1983 μετ.
584 1937 653 1984 τὴν
673 1938 798 1982 κλῆσιν
813 1935 947 1973 Ἰταλία
968 1938 1002 1973 R
1139 1937 1226 1972 1496
1246 1937 1331 1981 περὶ
1352 1935 1392 1971 Μ
1524 1933 1612 1970 1498,
1630 1929 1724 1976 ἐγγέ-

376 1997 465 2029 νητο
487 1986 553 2019 RR
662 1986 751 2019 1502
768 1981 930 2027 ἐρεισθὲν
953 1985 998 2027 R,
1022 1981 1153 2028 ἔρισθῆ
1176 1984 1218 2027 Α,
1243 1982 1376 2028 αἱρεθῇ
1394 1980 1434 2016 Μ
1539 1977 1627 2015 1505
1643 1976 1723 2022 η’ρί-

378 2040 488 2064 στουυ
507 2032 540 2065 R
676 2030 762 2065 1506
796 2026 834 2064 δ’
870 2024 918 2075 ἧν
949 2027 992 2064 τὸ
1029 2027 1192 2063 δάπεδον
1228 2023 1330 2062 ἅπαν
1364 2023 1657 2070 κατεστρωμένον
1689 2023 1724 2057 R.

379 2076 468 2111 1512
489 2073 528 2110 δ’
546 2069 617 2120 ἦν]
640 2069 708 2110 οὖν
727 2074 830 2110 AMR
965 2074 1052 2110 1513
1073 2070 1285 2119 ἐφθακότος
1301 2073 1335 2108 R

287 2197 401 2243 gentis
423 2198 654 2244 appellabant.
700 2197 819 2243 itaque
842 2197 907 2232 hoc
927 2198 971 2233 ab
991 2197 1128 2233 animali
1151 2200 1226 2233 tota
1244 2196 1342 2241 regio
1363 2193 1514 2240 vitalia,
1538 2204 1639 2239 quam
1658 2193 1723 2228 bos

287 2250 527 2289 percurrerat,
552 2250 607 2278 est
626 2243 810 2288 appellata.
1653 2270 1655 2272 .

379 2289 491 2332 Igitur
507 2290 642 2323 Aeneas
660 2300 735 2322 cum
756 2287 933 2332 Troianis,
958 2287 1018 2333 qui
1035 2299 1109 2322 cum
1126 2287 1203 2332 ipso
1222 2286 1443 2331 navigabant,
1469 2282 1622 2328 acceptis
1643 2294 1722 2317 ora-

290 2334 375 2368 culis
395 2334 529 2368 Italiam
561 2333 698 2377 navigio
721 2335 876 2377 petebat.
923 2345 964 2367 ea
989 2333 1155 2367 iubebant
1175 2344 1296 2367 versus
1315 2332 1538 2366 Occidentem
1561 2334 1601 2363 ut
1622 2328 1724 2362 navi-

288 2383 408 2424 garet,
433 2381 542 2414 donec
562 2380 700 2412 tandem
719 2379 756 2411 in
777 2378 954 2422 regionem
973 2379 1142 2423 quandam
1164 2376 1401 2422 pervenisset,
1423 2376 1474 2415 fin
1497 2386 1565 2420 qua
1587 2385 1723 2414 mensas

287 2424 358 2470 ipsi
387 2436 466 2459 suas
497 2425 648 2458 ciborum
675 2423 785 2457 instar
816 2425 1037 2466 devorarent.
1082 2424 1147 2457 hoc
1170 2434 1245 2456 cum
1262 2422 1465 2464 accidisset,
1499 2420 1723 2465 quadrupede

286 2474 466 2504 uterentur
489 2470 568 2503 viae
589 2470 695 2512 duce,
733 2473 836 2512 atque
864 2468 992 2503 ibidem
1016 2469 1134 2509 urbam
1163 2473 1381 2502 exstruerent
1405 2467 1465 2501 ubi
1489 2465 1613 2500 animal
1632 2465 1723 2500 istuc

285 2515 512 2559 defatigatum
529 2525 630 2548 cursu
649 2511 830 2547 haesurum
850 2519 955 2548 esset.
1003 2513 1055 2548 his
1077 2513 1223 2548 oraculis
1245 2513 1395 2557 acceptis
1413 2513 1623 2546 Laurentum
1639 2522 1722 2556 per-

286 2559 443 2595 veniunt.
489 2561 698 2594 Laurentum
718 2570 962 2603 veroxcampus
985 2564 1040 2592 est
1056 2558 1093 2592 in
1110 2557 1222 2592 Italia.
1269 2558 1349 2592 fixis
1369 2557 1419 2592 ibi
1437 2555 1668 2592 tabernaculis
1684 2556 1722 2591 in

285 2605 484 2651 pavimento
508 2605 735 2651 prandebant.
781 2608 890 2638 totum
910 2609 1023 2637 autem
1046 2604 1277 2648 pavimentum
1302 2603 1382 2648 apio
1404 2608 1611 2637 constratum
1634 2607 1721 2645 erat,

287 2651 379 2696 quod
404 2649 491 2696 ipsis
518 2660 708 2684 mensarum
735 2659 832 2683 usum
859 2649 1033 2693 explebat.
1078 2649 1196 2693 itaque
1216 2649 1283 2682 iam
1302 2648 1490 2692 absumptis
1512 2659 1600 2693 quae
1623 2654 1723 2682 erant

285 2696 465 2741 apposita,
500 2695 637 2741 quidam
661 2694 774 2740 apium
796 2699 934 2738 gustare
956 2694 1093 2739 coepit,
1118 2706 1159 2728 ac
1176 2699 1256 2739 post
1278 2694 1389 2738 ipsum
1413 2693 1518 2738 alius,
1543 2694 1625 2727 inde
1642 2705 1721 2727 rur—

283 2753 358 2775 sum
379 2741 464 2776 alius
486 2741 674 2783 convictor,
700 2744 736 2773 et
751 2738 904 2773 vicissim
925 2739 974 2773 illi
994 2739 1182 2784 proximus.
1229 2745 1300 2774 tum
1322 2739 1473 2773 nonnulli
1492 2738 1723 2778 exclamarunt

280 2783 373 2820 “una
401 2798 475 2821 cum
503 2786 590 2820 cibis
622 2786 725 2819 etiam
753 2785 851 2829 ipsae
881 2797 1018 2819 mensae
1050 2786 1250 2829 absumptae
1279 2783 1394 2819 sunt.”
1439 2787 1642 2819 subsecutus
1667 2789 1723 2819 est

279 2831 417 2876 plausus
429 2858 451 2877 ,Α
463 2831 562 2879 quasi
583 2831 651 2867 iam
669 2830 798 2866 oraculi
819 2830 892 2866 dati
912 2831 991 2867 finis
1013 2830 1231 2878 appetiisset.
1278 2829 1359 2869 hinc
1378 2830 1576 2867 sacrificare
1599 2829 1724 2868 volou-v
