1872 3236
261 661 291 694 C

330 202 427 248 160
712 204 1086 253 CONSTANTINI
1120 173 1386 283 QANASSIS

459 319 589 372 νεκροὶ
608 317 681 370 μὲν
702 315 950 377 ἑκατέρωθεν
971 322 1142 378 ἐγένοντο
1159 327 1309 382 μυρίοι,

324 385 434 427 3715
458 386 562 439 πλὴν
579 383 688 439 ὅμως
708 389 989 447 καθυπέρτερα
1011 391 1060 434 τὰ
1082 397 1161 435 τῶν
1176 391 1383 448 Ῥωμαίων
1402 389 1517 449 ἦσαν.

458 452 603 508 ἔβλεψε
626 452 714 496 τότε
738 457 803 497 καὶ
824 459 978 515 Περσὶς
995 459 1037 501 ἐκ
1056 463 1276 512 Βυζαντίου
1300 459 1465 518 σπάθην

453 521 687 577 θεριστικὴν
707 515 973 581 ἀμφίστομον,
997 526 1195 585 δρεπάνην
1213 531 1428 584 πετομένην

452 591 518 630 καὶ
544 588 677 641 πόλεις
697 591 967 648 ἀφανίζουσαν
986 598 1052 637 καὶ
1071 597 1165 647 τοὺς
1182 597 1330 653 ἀγροὺς
1348 602 1600 654 πορθοῧσαν.

452 659 518 698 καὶ
540 656 659 701 πάλιν
682 659 778 702 ἄλλο
801 662 961 705 συνετὸν
983 661 1003 705 ὃ
1019 665 1211 717 βασιλεὺς
1229 670 1436 719 τεχνᾶται·
1514 717 1515 720 ¹

316 725 426 766 3720
451 719 499 780 ἧν
519 726 595 784 γὰρ
614 728 949 785 ἓμπειροπόλεμος
968 730 1191 786 εὐμήχανος
1211 733 1475 790 στρατάρχης.

446 794 592 850 μικρὸν
610 793 916 852 ὑπολειπόμενος
935 799 1004 841 τὸν
1024 799 1176 856 δρόμον
1193 799 1414 856 ὕποτίμνει,

447 863 513 903 καὶ
534 864 736 920 Περσικοῦ
758 865 1056 921 στρατεύματος
1077 869 1150 910 σὺν
1169 867 1254 922 ἅμα
1272 875 1330 927 τῷ
1349 867 1519 927 Χοσρόῃ

447 927 774 987 ὗπερδραμόντος
795 936 861 975 καὶ
883 935 1053 991 στρατὸν
1068 934 1275 991 Ῥωμαίων
1295 938 1569 995 παρελθόντος

448 998 569 1048 αὐτὸς
587 1001 747 1051 ἐκείνοις
770 1000 983 1058 φεύγουσιν
1007 1005 1132 1047 εἵπετο
1153 1005 1256 1047 κατὰ
1278 1005 1421 1057 νώτου,

313 1065 422 1106 3725
447 1068 513 1107 καὶ
531 1067 719 1124 μυριάκις
736 1073 979 1124 συμπλακεὶς
1002 1072 1253 1123 ἀντενωπίοις
1271 1074 1423 1128 μάχαις

447 1136 514 1176 καὶ
536 1143 618 1185 τοῖς
638 1136 769 1187 ὀστοῖς
788 1145 871 1188 τοῖς
890 1144 968 1187 τῶν
984 1143 1158 1195 Περσῶν
1175 1141 1225 1183 τὰ
1242 1144 1337 1198 ξίφη
1359 1141 1601 1200 διαθρύψας

443 1202 513 1244 τὸν
530 1203 743 1261 βάρβαρον
765 1205 837 1248 οὐκ
857 1205 968 1262 ἔληγε
992 1207 1146 1250 διώκων
1167 1211 1233 1250 καὶ
1255 1212 1496 1265 συμπνίγων,

444 1271 519 1320 ἕως
541 1272 667 1314 αὐτοῦ
681 1273 725 1315 τὸ
746 1276 957 1330 προσγενές
979 1278 1044 1318 καὶ
1067 1282 1147 1318 τῶν
1168 1279 1342 1333 Περσῶν
1366 1278 1402 1319 οἱ
1424 1280 1623 1334 κρείττους

442 1341 507 1380 καὶ
529 1343 608 1380 πᾶν
633 1340 756 1382 αὐτοῦ
777 1342 821 1382 τὸ
844 1343 976 1398 φίλιον
996 1344 1062 1385 καὶ
1083 1342 1228 1394 πάντες
1250 1344 1534 1402 φαλαγγάρχαι

304 1407 415 1447 3730
438 1408 504 1447 καὶ
524 1413 618 1457 παῖς
637 1408 763 1450 αὐτοῦ
782 1409 1067 1466 πρωτόσπορος
1086 1411 1349 1468 πρωτόφυτος
1367 1413 1524 1470 Σιρόεις

441 1474 511 1516 τὸν
530 1476 648 1530 ἐναγῆ
666 1478 732 1517 καὶ
752 1477 949 1535 βδελυρὸν
970 1479 1163 1536 Χοσρόην
1182 1481 1457 1535 μυσαχθέντες

441 1545 579 1600 δεσμῷ
600 1549 753 1602 στερρῷ
772 1547 1035 1602 συσφίγγουσι
1059 1549 1306 1601 πολυχανδὲς
1326 1547 1381 1600 ὥς
1398 1554 1528 1605 κῆτος,

440 1609 495 1661 ὡς
515 1612 653 1654 λέοντα
670 1611 940 1669 βαρύθυμον,
976 1613 1031 1665 ὡς
1049 1614 1247 1672 πάρδαλιν
1270 1616 1425 1673 ἀγρίαν,

439 1681 505 1722 καὶ
526 1684 583 1737 tq?
601 1684 705 1738 λιμῷ
723 1682 897 1733 πιέζουσι
918 1684 982 1724 καὶ
1008 1685 1119 1733 τέλος
1139 1688 1400 1729 θανατοῦσιν.

302 1748 411 1788 3735
436 1748 476 1788 ἓν
494 1746 698 1805 ἑξαμέτρῳ
718 1754 929 1806 τοιγαροῦν
949 1749 1062 1805 ἡλίου
1083 1750 1312 1810 περιδρόμῳ

433 1815 506 1869 τὴν
524 1816 731 1873 Περσικὴν
751 1819 816 1858 καὶ
839 1820 1036 1874 Μηδικὴν
1052 1818 1292 1877 ἹΙράκλειος
1313 1822 1506 1878 ἐκτρίψας

431 1886 655 1935 καλλίνικος
675 1884 873 1937 ἀνέζευξεν
893 1889 955 1929 ἐπὶ.
979 1888 1050 1943 τὴν
1064 1890 1275 1942 βασιλίδα.

387 1990 480 2026 3714
499 1988 663 2035 ἐγίνοντο
681 1993 749 2028 RR
871 2029 873 2033 ,
927 1994 1019 2029 3717
1042 1992 1252 2039 ἅμφίτομον
1269 1995 1301 2031 A
1482 1995 1575 2032 3727
1596 1996 1697 2041 ἔληξε
1719 1999 1753 2033 R

390 2037 482 2071 3730
505 2034 607 2072 αὐτῶ
629 2039 663 2073 R
843 2039 936 2076 3732
957 2038 1160 2085 πολυχανὲς
1179 2042 1211 2077 Α
1379 2040 1471 2077 3736
1492 2043 1696 2089 συντρίψας
1719 2044 1752 2078 R

379 2083 472 2118 3737
495 2084 704 2126 Βυζαντίδα
731 2085 839 2120 MRR

296 2172 478 2208 multitudo
503 2175 694 2209 mortalium
719 2175 857 2220 cecidit,
880 2175 1030 2211 victoria
1052 2181 1166 2211 tamen
1189 2188 1297 2223 penes
1320 2176 1494 2213 Romanos
1522 2178 1633 2214 stetit.
1660 2179 1751 2215 vidit

292 2219 331 2253 id
349 2220 514 2264 temporis
539 2221 643 2255 etiam
665 2221 848 2256 Persarum
871 2222 970 2266 regio
993 2223 1199 2266 Byzantium
1222 2223 1370 2268 gladitun
1392 2224 1534 2258 secandi
1556 2224 1625 2258 non
1648 2225 1747 2269 igna-

293 2276 380 2307 rum,
405 2265 601 2310 ancipitem,
627 2267 709 2300 falci
731 2267 862 2301 volanti
886 2268 1108 2312 consimilem,
1133 2271 1237 2303 urbes
1253 2268 1459 2314 abolentem,
1488 2282 1590 2314 agros
1606 2277 1750 2305 vastan-

291 2315 375 2344 tem.
410 2322 530 2344 rursus
553 2311 742 2356 imperator
764 2312 856 2347 aliud
880 2314 1042 2358 quiddam
1064 2315 1255 2359 prudenter
1277 2314 1426 2358 molitur,
1451 2315 1580 2361 quippe
1603 2317 1749 2360 gerendi

290 2356 374 2390 belli
406 2355 539 2401 peritus
576 2364 612 2390 et
642 2359 711 2391 dux
744 2358 920 2403 copiarum
949 2360 1139 2394 industrius
1170 2372 1211 2394 ac
1233 2359 1446 2404 ingeniosus.
1493 2362 1749 2406 progressionis

291 2401 423 2446 impetu
453 2402 609 2436 nonnihil
642 2403 786 2437 remisso
829 2415 850 2437 a
892 2409 992 2449 tergo
1031 2407 1212 2447 manebat3
1261 2417 1404 2450 cumque
1439 2405 1603 2441 Persicus
1644 2419 1748 2442 exer—

291 2447 381 2481 citus
414 2459 482 2481 una
512 2460 588 2482 cum
621 2449 779 2483 Chosroe
807 2448 909 2494 pleno
945 2462 1047 2484 cursu
1081 2451 1311 2485 Romanorum
1344 2451 1460 2496 copias
1492 2452 1747 2498 praeteriisset,

288 2492 366 2538 ipse
390 2493 566 2537 fugientes
594 2506 615 2528 a
637 2500 737 2539 tergo
762 2497 1045 2539 consectabatur,
1082 2502 1118 2531 et
1146 2496 1286 2541 praeliis
1318 2497 1476 2532 adversis
1508 2498 1642 2533 hostem
1666 2511 1746 2534 sae-

287 2538 432 2583 pissime
462 2541 604 2574 adortus
637 2552 829 2585 magnaque
861 2541 1077 2576 multitudine
1110 2554 1211 2576 caesa
1233 2554 1351 2586 regem
1374 2544 1559 2578 barbarum
1581 2544 1747 2590 persequi

288 2595 330 2618 ac
353 2596 511 2629 premere
535 2597 603 2619 non
627 2587 830 2630 desinebat,
862 2587 973 2620 donec
995 2588 1133 2621 tandem
1158 2588 1231 2621 eius
1256 2589 1526 2633 consanguinei,
1561 2588 1746 2624 Persaruun

287 2630 471 2675 optimates
485 2657 494 2674 ,
519 2631 619 2665 amici
641 2632 756 2676 regii,
789 2632 964 2677 copiarum
986 2633 1091 2667 duces
1116 2632 1295 2678 universi,
1319 2646 1394 2668 cum
1417 2635 1648 2680 primogenito
1671 2635 1744 2670 filio

287 2675 403 2719 Siros,
427 2677 666 2712 detestandum
690 2678 783 2712 illum
807 2685 843 2712 et
861 2679 1107 2712 exsecrabilem
1123 2678 1313 2713 Chosroem
1336 2680 1524 2715 abominati
1546 2682 1583 2715 in
1605 2680 1744 2716 vincula

289 2721 505 2756 coniicerent
536 2733 599 2756 ceu
631 2729 741 2758 cetum
774 2725 943 2769 quendam
975 2724 1252 2769 capacissimum,
1289 2737 1352 2760 ceu
1374 2726 1509 2761 leonem
1531 2726 1742 2771 iracundum,

290 2779 354 2801 ceu
378 2768 580 2813 pantheram
604 2768 804 2812 immanem3
829 2770 889 2804 ubi
910 2770 1001 2804 fame
1023 2781 1164 2815 pressus
1188 2769 1333 2806 vivendi
1353 2772 1457 2806 finem
1480 2772 1577 2807 fecit.
1624 2772 1744 2818 itaque

289 2813 457 2848 sexennio
483 2818 557 2848 toto
582 2814 618 2848 in
643 2816 884 2851 exscindendis
907 2815 1092 2850 Persarum
1115 2817 1365 2863 Medorumque
1395 2817 1598 2864 regionibns
1621 2823 1743 2854 exacto

289 2858 498 2896 victoriosus
522 2859 711 2907 imperator
733 2862 940 2909 Byzantium
963 2873 1126 2898 reversus
1151 2868 1218 2899 cst.
