1924 3242
331 189 398 237 56
709 246 714 252 ‚
957 191 1140 237 maus

326 298 399 346 οὖν
429 301 587 346 Φῶτιον
618 299 686 346 διά
716 319 828 354 τινας
858 303 989 356 αἰτίας
1009 304 1031 348 ὅ
1057 306 1245 360 βασιλεὺς
1262 310 1336 350 τοῦ
1354 304 1507 364 θρόνου
1529 307 1767 365 καταγαγών

272 377 306 413 1>
328 373 534 430 Στέφανον
553 371 622 414 τὸν
646 370 791 415 ἑαυτοῦ
810 372 984 431 ἀδελφὸν
1003 374 1251 433 πατριάρχην
1273 374 1554 432 προβάλλεται.
1596 393 1599 397 ’
1619 374 1763 421 τούτου

324 441 368 483 δὲ
385 445 464 483 τῶν
480 442 574 497 τῇδε
590 439 860 494 μεταστάντος
879 443 965 486 ἀντ’
986 443 1111 486 αὐτοῦ
1121 450 1402 500 χειροτονεῖται
1413 443 1619 495 Ἀντώνιος
1636 442 1658 487 ὅ
1674 445 1765 487 ἔπι-ι

321 507 529 563 λεγόμενος
554 509 755 559 Καυλέας.
821 508 848 565 ἡ
872 511 915 553 δὲ
932 510 1151 568 Αὖγούστα
1175 511 1373 568 Θεοφανώ
1391 516 1553 573 τελευτᾷ
1570 509 1763 567 βασιλεύ-

320 592 428 618 σασα
449 575 515 631 ἔτη
541 575 617 631 ιβ’·
652 577 743 620 ἀντ’
769 577 893 633 αὐτῆς
914 580 958 621 δὲ
981 580 1115 637 στέφει
1139 578 1160 621 ὁ
1183 579 1374 633 βασιλεὺς
1390 580 1512 636 Ζωὴν
1533 580 1607 634 τὴν
1627 584 1796 636 Μαι-5

318 643 415 700 τέρα
438 643 667 698 Τζαούτζα,
701 648 767 688 καὶ
787 646 1000 703 εὐλογεῖται
1020 647 1112 701 μετ’
1135 648 1271 703 αὐτῆς.
1308 648 1516 690 Ἀντωνίου
1532 648 1576 690 δὲ
1592 652 1665 690 τοῦ
1681 665 1763 691 πα-

319 710 521 770 τριάρχου
537 712 842 769 τελευτήσαντος
857 722 1138 772 χειροτονεῖται
1158 714 1362 766 Νικόλαος
1379 713 1648 774 πατριάρχης,
1682 732 1766 770 μυ-

321 781 455 831 στικὸς
479 783 734 837 χρηματίσας
763 787 836 825 τοῦ
860 784 1070 837 βασιλέως.
1137 778 1186 825 οὗ
1219 784 1286 826 διὰ
1315 784 1362 826 τὸ
1389 784 1447 839 μὴ
1470 784 1696 827 συνθέσθαι
1711 787 1766 840 τῇ

321 853 395 890 τοῦ
425 851 623 903 βασιλέως
647 851 874 910 πολυγαμίᾳ
898 853 970 910 βίᾳ
995 856 1068 894 τοῦ
1087 850 1240 908 θρόνου
1262 851 1654 907 καταβιβασθέντος,
1675 868 1763 906 χει-

322 923 540 972 ροτονεῖται
558 918 646 960 ἄντ’
671 919 796 961 αὐτοῦ’
812 919 1061 977 πατριάρχης
1080 919 1290 974 Εὗθύμιος
1306 919 1539 976 σύγκελλος,
1574 919 1620 962 ὅν
1640 934 1764 977 φασιν
1775 927 1820 963 10

322 985 366 1026 ἐκ
387 986 504 1035 θείας
522 985 815 1042 ἀποκαλύψεως
833 992 950 1030 τοῦτο
970 989 1165 1038 δέξασθαι
1186 987 1240 1039 ὡς
1257 993 1329 1031 τοῦ
1351 989 1550 1043 βασιλέως
1569 992 1766 1042 βουλευο-

322 1053 443 1107 μένου
473 1055 624 1111 αἵρεσιν
650 1057 717 1097 καὶ
738 1054 862 1110 νόμον
882 1060 1015 1098 θεῖναι
1035 1061 1108 1098 τοῦ
1127 1055 1244 1114 με’χρι
1261 1061 1383 1114 τριῶν
1403 1058 1476 1110 μὲν
1496 1057 1653 1113 ἀνδρῶν
1671 1070 1763 1098 τεσ-

183 1128 212 1161 Ρ
236 1129 302 1164 180
324 1120 459 1178 σάρων
491 1123 534 1164 δὲ
561 1128 758 1178 γυναικῶν
782 1124 850 1166 τὸν
875 1123 1005 1180 γάμον
1030 1126 1226 1180 γίνεσθαι.
1293 1125 1428 1181 στέφει
1449 1119 1519 1166 οὖν
1538 1122 1559 1165 ὃ
1576 1123 1765 1178 βασιλεὺς

324 1191 533 1243 [Λέοντα]
562 1191 632 1232 τὸν
661 1191 748 1233 υἱὸν
773 1191 897 1233 αὑτοῦ
911 1194 1229 1234 Κωνσταντῖνον.
1296 1196 1485 1249 κοιλιακῷ
1506 1192 1549 1233 δὲ
1566 1189 1765 1245 νοσήματι

321 1258 541 1314 περιπεσὼν
555 1262 718 1316 τελευτᾷ
729 1258 1342 1315 προχειρισάμενοςἈλέξανὸρον
1353 1259 1422 1300 τὸν
1436 1257 1561 1300 αὑτοῦ·
1573 1256 1761 1315 ἀδελφόν,
1774 1264 1818 1301 15

319 1326 451 1367 πολλὰ
470 1327 628 1379 δεηθεὶς
647 1326 771 1368 αὐτοῦ
792 1324 1005 1382 φυλάττειν
1025 1325 1094 1367 τὸν
1115 1325 1202 1367 υἱὸν
1223 1326 1348 1368 αὐτοῦ
1369 1328 1686 1369 Κωνσταντῖνον.
1757 1318 1760 1324 Δ

448 1393 708 1450 Ἀλέξανδρος
737 1387 808 1434 οὖν
837 1394 1090 1447 ἐβασίλευσεν
1121 1392 1208 1444 ἔτος
1239 1392 1278 1435 α’
1312 1396 1379 1436 καὶ
1407 1392 1562 1451 ἡμέρας
1590 1392 1659 1451 κθῗ
1689 1393 1763 1436 σῦν

317 1462 610 1518 Κωνσταντίνῳ
639 1462 716 1519 υἱῷ
743 1461 948 1512 Λέοντος·
983 1461 1029 1511 ὃς
1053 1461 1235 1521 ῥομφαία
1253 1460 1441 1520 θεηλάτῳ
1461 1464 1620 1518 πληγεὶς
1638 1462 1764 1516 α’ίμα-

314 1546 384 1579 τος
419 1533 571 1571 πολλοῦ
601 1529 642 1572 ἔκ
678 1547 720 1572 τε
750 1534 830 1572 τῶν
856 1530 974 1588 ῥινῶν
994 1532 1061 1572 καὶ
1085 1534 1165 1572 τῶν
1189 1532 1351 1572 amolum
1373 1531 1636 1587 ἐκφερομένου
1658 1528 1760 1583 μετὰ

315 1595 387 1639 δύο
422 1595 576 1654 ἡμέρας
606 1602 739 1648 κακῶς
765 1597 1012 1653 ἐτελεύτησεν
1018 1630 1032 1650 ,
1068 1597 1190 1648 ἐάσας
1214 1598 1287 1653 τὴν
1314 1600 1522 1652 βασιλείαν
1539 1599 1818 1641 Κωνσταν-20

313 1667 407 1724 τίνῳ
429 1666 506 1722 υἱῷ
525 1666 729 1717 Λέοντος,
760 1668 826 1708 καὶ
849 1665 1085 1723 ἐπιτρόπους
1107 1667 1216 1724 αὐτῷ
1238 1664 1478 1708 καταλιπών.

263 1748 294 1783 Β
453 1735 757 1783 Κωνσταντῖνος
785 1735 829 1776 δὲ
861 1732 882 1776 ὃ
913 1738 1070 1790 πρῶτος
1093 1734 1485 1791 πορφυρογέννητος,
1519 1735 1594 1774 τοῦ
1610 1732 1762 1789 πατρὸς

317 1800 444 1843 αὗτοῦ
474 1800 780 1856 τελευτήσαντος
805 1803 987 1851 Λέοντος
1016 1808 1110 1851 παῖς
1142 1801 1197 1843 ἔτι
1221 1800 1425 1856 τυγχάνων
1460 1800 1664 1856 (ἕβδομον
1681 1800 1762 1856 γὰρ

315 1863 367 1911 ’ἶν
403 1869 514 1927 αὐτῷ
544 1874 616 1924 τῆς
650 1868 805 1923 ἡλικίας
840 1870 951 1924 ἔτος)
986 1867 1064 1911 ὑπὸ
1083 1869 1342 1925 Ἀλέξανδρον
1361 1872 1475 1911 θεῖον
1499 1868 1625 1910 αὐτοῦ
1647 1868 1760 1924 ἕκτῇ

317 1975 402 2010 solio
425 1975 530 2009 eiecto
554 1975 737 2021 imperator
759 1976 963 2021 Stephanum
981 1977 1120 2011 fratrem
1136 1976 1356 2021 patriarcham
1369 1977 1474 2010 creat.
1520 1985 1586 2019 quo
1601 1973 1758 2008 defuncto

317 2021 352 2054 in
367 2022 475 2054 locum
492 2021 562 2055 eius
577 2022 744 2055 sufficitur
759 2023 922 2056 Antonius
945 2026 1163 2066 cognomento
1181 2022 1336 2056 Cauieas.
1383 2022 1532 2069 Augusta
1545 2019 1623 2053 item
1639 2019 1758 2053 Theo-

318 2067 430 2110 phano
456 2078 529 2100 cum
553 2073 729 2111 regnasset
751 2079 854 2101 annos
875 2068 1071 2110 duodecim,
1095 2068 1212 2101 morbo
1234 2066 1461 2110 extinguitur:
1481 2065 1517 2098 in
1540 2064 1649 2098 locum
1670 2064 1759 2098 illius

317 2111 422 2145 Zoem
447 2112 622 2146 Tzantzae
645 2113 743 2146 filiam
766 2114 950 2158 imperator
963 2117 1104 2147 coronat
1114 2139 1124 2154 ‚
1148 2118 1184 2147 et
1197 2113 1264 2146 ritu
1280 2111 1440 2146 ecclesiae
1456 2121 1551 2145 sacro
1565 2109 1628 2144 sibi
1643 2109 1759 2143 matri-

316 2158 426 2190 monio
453 2156 572 2201 iungit.
619 2170 691 2192 cum
716 2170 758 2192 ex
781 2159 844 2192 hac
867 2159 940 2192 vita
965 2159 1166 2193 decessisset
1188 2157 1371 2198 Antonius,
1402 2156 1563 2190 Nicolaus
1585 2155 1757 2200 patricius,

315 2202 506 2235 secretioris
524 2203 650 2236 consilii
665 2208 811 2245 senator,
835 2205 1026 2248 patriarcha
1043 2204 1187 2248 eligitur.
1233 2204 1262 2237 is
1277 2213 1350 2236 cum
1366 2201 1519 2247 pluribus
1534 2200 1757 2245 imperatoriis

315 2246 441 2291 nuptiis
460 2247 720 2291 adversaretur,
744 2250 861 2283 throno
879 2251 1087 2291 extruditur,
1110 2248 1389 2292 substituiturque
1406 2246 1609 2289 Euthymius
1623 2245 1757 2290 syncel-

315 2291 379 2325 lus.
427 2303 502 2325 eum
530 2293 642 2326 divino
672 2295 810 2327 consilio
834 2300 960 2329 tantum
983 2306 1099 2329 munus
1121 2295 1258 2328 subiisse
1280 2293 1436 2333 tradunt,
1468 2290 1757 2344 cum-imperatori

314 2347 434 2370 novam
450 2338 596 2371 condere
611 2339 720 2382 legem
737 2340 964 2384 haeresimque
980 2341 1144 2374 suscitare
1158 2340 1192 2373 in
1208 2339 1316 2372 animo
1333 2341 1441 2381 esset,
1464 2341 1502 2370 ut
1521 2336 1678 2370 videlicet
1692 2347 1761 2375 nu-,

339 2382 406 2416 tiae
430 2382 473 2415 ad
499 2382 638 2416 tertium
663 2394 769 2428 usque
791 2385 917 2425 virum,
941 2386 983 2419 ad
1010 2391 1163 2430 quartam
1189 2395 1270 2418 vero
1286 2394 1422 2417 uxorem
1438 2381 1592 2427 protendi
1606 2386 1754 2436 possent.

311 2431 443 2461 mterea
458 2427 529 2461 Leo
547 2428 801 2462 Constantinum
818 2430 918 2463 filium
934 2430 1148 2475 imperatoria
1165 2441 1287 2463 corona
1302 2428 1416 2462 donat.
1460 2427 1593 2462 tandem
1610 2438 1755 2472 impera—

313 2477 371 2507 tor
399 2472 548 2506 coeliaco
576 2475 691 2507 morbo
721 2479 895 2519 correptus
918 2476 1143 2509 Alexandrum
1166 2476 1305 2508 fratrem
1330 2474 1563 2518 imperatorem
1589 2473 1754 2517 designat,

313 2517 433 2552 multis·
450 2519 543 2563 prius
567 2519 767 2564 deprecatus
789 2524 827 2553 ut
851 2521 1105 2555 Constantinum
1127 2520 1230 2554 filium
1253 2524 1406 2555 servaret
1417 2519 1632 2561 incolumem,
1657 2524 1692 2553 et
1706 2518 1756 2553 sic

311 2563 460 2599 moritur.

403 2610 595 2643 Alexander
609 2621 676 2644 una
692 2622 765 2645 cum
782 2610 1002 2645 Constantino
1017 2611 1142 2644 Leonis
1161 2611 1230 2644 filio
1248 2622 1368 2645 annum
1382 2621 1481 2644 unum
1497 2612 1533 2643 et
1548 2609 1619 2643 dies
1636 2608 1755 2653 viginti

312 2665 433 2688 novem
457 2656 633 2699 regnavit3
659 2656 716 2701 qui
739 2656 851 2691 divina
873 2657 1002 2690 framea
1024 2667 1221 2701 percussuS,
1245 2657 1403 2700 sanguine
1426 2656 1527 2690 multo
1551 2666 1596 2688 ex
1618 2655 1754 2688 naribus

314 2700 546 2745 pudendisque
562 2701 734 2745 effluente,
762 2706 839 2747 post
854 2701 936 2735 duos
952 2702 1023 2735 dies
1039 2703 1105 2736 leto
1123 2702 1209 2736 malo
1224 2703 1403 2746 emoritur,
1427 2700 1646 2735 Constantino
1662 2700 1752 2733 Leo-

313 2746 363 2779 nis
380 2746 450 2779 filio
464 2746 638 2791 imperium
655 2759 784 2781 necnon
798 2751 971 2781 curatores
985 2748 1186 2792 relinquens.

406 2791 644 2827 Constantinus
659 2792 784 2837 primus
802 2794 1136 2837 Porphyrogenneta,
1161 2804 1232 2827 cum
1247 2793 1334 2826 illius
1350 2796 1448 2837 pater
1461 2793 1532 2825 Leo
1548 2791 1633 2824 diem
1650 2789 1751 2823 obiis-

317 2840 368 2872 set
379 2863 389 2881 ,
419 2849 504 2885 puer
529 2837 637 2872 adhuc
659 2840 830 2885 (namque
845 2839 1019 2884 septimum
1034 2839 1154 2873 aetatis
1170 2850 1289 2874 annum
1304 2839 1473 2883 agebat),
1497 2838 1538 2872 ab
1560 2835 1752 2872 Alexandro
