1924 3242
325 186 390 232 12
710 187 942 232 GEORGII
973 187 1353 233 ACROPOLITAE

458 297 502 344 6.
571 301 657 354 Τῆς
676 294 746 342 οὖν
766 298 916 351 πόλεως
932 298 1202 359 κυριεύσαντες
1228 302 1266 344 οἶ
1289 301 1430 344 Ἰταλοὶ
1460 299 1595 345 ἄδειαν
1621 299 1749 344 dama

323 382 413 409 κασι
435 373 518 416 τοῖς
539 365 684 421 ταύτης
707 367 906 425 οἰκήτορσι
927 369 1019 419 τοὺς
1039 370 1229 420 θέλοντας
1250 370 1378 423 μένειν
1398 387 1438 413 τε
1457 372 1522 413 καὶ
1539 367 1615 411 ὕπὸ
1629 376 1745 427 χεῖρα

324 432 419 476 εἶναι
437 434 566 475 αὐτῶν
574 464 588 484 ,
622 434 715 484 τοὺς
732 436 774 477 δὲ
791 436 848 490 μὴ
867 435 1076 487 ἀκωλύτως
1091 438 1331 493 ἀπέρχεσθαι
1353 436 1429 494 ὅπῃ
1453 437 1502 480 ἂν
1521 435 1743 490 βούλοιντω

274 503 307 538 D
329 500 536 556 ἐξήρχοντο
563 502 694 544 τοίνυν
723 503 761 544 οἶ
783 504 856 557 μὲν
878 509 1058 560 φανερῶς
1077 506 1114 546 οἷ
1138 506 1180 547 δὲ
1201 507 1266 546 καὶ
1285 502 1440 562 κρύφα,
1467 504 1553 547 ὅσοι
1574 508 1652 547 τῶν
1672 521 1743 547 πε-

323 569 611 625 ριφανεστὲρων
634 568 855 625 ἐτύγχανον.
909 569 929 613 ὃ
953 573 1025 625 μὲν
1047 567 1116 613 οὖν
1135 571 1351 629 Λάσκαρις
1376 570 1583 628 Θεόδωρος
1602 574 1783 627 προεξ-ὃ·

324 639 454 676 ελθεῖν
471 636 675 692 πέφθακεν
695 637 779 691 ἅμα
798 643 848 695 τῇ
864 644 1012 695 γαμετῇ
1028 639 1140 695 ’Άννῃ
1151 671 1163 690 ,
1199 639 1242 681 ὃν
1261 639 1441 695 γαμβρὸν
1457 638 1478 680 ὃ
1497 637 1612 693 λόγος
1629 637 1742 694 φθά-

321 719 396 752 σας
417 701 587 757 ἕδήλωσε
610 709 682 746 τοῦ
698 707 894 759 βασιλέως
908 707 1077 756 Ἀλεξίου
1099 711 1232 759 τελεῖν,
1258 709 1323 748 καὶ
1343 705 1533 761 δεσπότην
1547 703 1620 746 ὕπ’
1645 705 1743 747 ἐκεί-

321 786 389 811 νου
419 772 682 825 τετιμημένον.
750 774 937 815 ἀπελθιὺν
961 769 1029 815 οὖν
1050 768 1164 824 οὗτος
1185 774 1286 828 μετὰ
1305 779 1375 828 τῆς
1395 774 1589 830 σφετέρας
1607 788 1743 827 γυναι-

321 837 389 886 κὸς
415 839 481 884 καὶ
512 842 590 880 τῶν
621 840 764 882 τέκνων
794 839 997 897 (ὑπῆρχον
1024 842 1099 898 γὰρ
1130 842 1237 899 αὐτῷ
1261 841 1460 899 θυγάτρια
1489 842 1579 897 τριά
1593 872 1605 891 ,
1641 833 1742 894 ὧνῆ

318 905 391 958 μὲν
418 903 554 960 πρώτη
573 906 722 963 Εἰρήνη
740 906 764 962 ἦ
786 909 827 950 δέ
852 910 1013 965 δευτέρα
1037 911 1186 966 Μαρία
1207 908 1232 963 ἦ
1257 911 1300 951 δὲ
1319 911 1429 966 τρίτη
1450 909 1624 950 Εὖδοκία
1645 924 1741 949 κατ·
1755 916 1797 951 10

319 971 594 1027 ωνομάζοντο)
641 976 707 1016 καὶ
751 976 813 1017 ε’πὶ
850 976 921 1030 τὴν
952 978 1123 1019 Νίκαιαν
1153 976 1266 1019 πόλιν
1295 975 1497 1032 γενόμενος
1533 973 1742 1032 παρεκάλει

319 1039 413 1089 τοὺς
446 1043 610 1091 Νικαεῖς
651 1041 727 1084 ἴσω
763 1047 903 1085 τοῦτον
931 1048 1002 1098 τῆς
1034 1043 1185 1094 πόλεως
1221 1045 1414 1095 δέξασθαι
1442 1045 1508 1086 καὶ
1537 1041 1590 1092 ὥς
1619 1043 1741 1099 κυρίῳ

317 1108 570 1163 προσανέχειν
602 1109 723 1167 αὐτῷ.
790 1111 828 1152 οἱ
859 1112 902 1162 δὲ
929 1112 1001 1153 οὐκ
1029 1113 1219 1165 ἐδέχοντο.
1286 1116 1463 1168 λιπαρῶς
1487 1114 1581 1166 γοῦν
1604 1107 1742 1151 &Ad-

318 1189 458 1231 σκαρις
485 1174 638 1226 τούτοις
665 1179 962 1233 προσκείμενος,
993 1181 1059 1220 καὶ
1085 1179 1159 1220 κᾶν
1187 1179 1258 1233 τὴν
1285 1186 1450 1234 γυναῖκα
1476 1176 1600 1232 μόνην
1626 1177 1742 1226 δέξα-

316 1245 417 1283 σθαι
445 1243 701 1295 ἓκδυσωπῶν,
732 1243 847 1297 μόλις
873 1246 913 1295 ἒς
940 1250 1055 1287 τοῦτο
1085 1247 1312 1299 πειθηνίους
1341 1243 1558 1301 ἐγνώρισεν.
1626 1243 1740 1298 ἀφεὶς
1754 1251 1796 1286 15

221 1310 250 1343 P
273 1310 295 1345 6
317 1303 386 1350 οὖν
408 1309 480 1363 τὴν
501 1317 666 1364 γυναῖκα
688 1310 821 1353 οὑτοσὶ
843 1312 945 1353 κατὰ
963 1314 1136 1353 Νίκαιαν
1155 1311 1333 1368 διήρχετο
1355 1312 1406 1353 τὰ
1424 1312 1535 1367 πέριξ
1550 1308 1743 1366 Προύσης

315 1392 356 1418 τε
379 1378 445 1417 καὶ
466 1376 516 1417 τὰ
536 1378 622 1432 περὶ
643 1376 766 1431 αὐτήν
773 1409 786 1428 ,
813 1376 920 1427 ὅπως
939 1395 979 1419 τε
997 1377 1074 1419 ὑπὸ
1095 1385 1210 1435 χεῖρα
1231 1383 1357 1420 ταῦτα
1375 1377 1581 1432 ποιήσαιτο
1602 1378 1667 1418 καὶ
1689 1375 1743 1426 ὡς

313 1444 502 1496 βασιλεὺς
531 1444 616 1485 ἀντὶ
641 1448 712 1486 τοῦ
735 1449 931 1501 πενθεροῦ
945 1445 1116 1495 Ἀλεξίου
1142 1444 1291 1487 τούτων
1316 1444 1552 1502 κατάρξειεν.
1621 1438 1669 1485 οὗ
1691 1445 1740 1497 δὴ

314 1512 381 1552 καὶ
401 1509 606 1565 τετύχηκε·
640 1514 706 1553 καὶ
724 1512 799 1568 γὰρ
822 1513 863 1553 ἕν
883 1517 939 1570 τῷ
958 1513 1104 1566 μεταξὺ
1129 1515 1195 1555 καὶ
1217 1514 1279 1554 ἐπὶ
1299 1509 1367 1555 τὸν
1383 1511 1625 1569 Περσάρχην
1644 1511 1740 1567 ἄφί-

313 1595 401 1620 κετο
435 1577 591 1633 συνήθη
622 1577 749 1637 τούτῳ
778 1584 985 1631 τελοῦντα,
1020 1583 1086 1622 καὶ
1118 1582 1347 1634 συμμαχίαν
1377 1581 1636 1636 προσείληφε,
1672 1580 1795 1619 >caleo

313 1645 364 1687 τὰ
386 1646 484 1703 πρὸς
504 1646 650 1688 σκοπὸν
671 1646 920 1704 διεπράξατο.
968 1646 1039 1690 δύο
1061 1652 1155 1703 γοῦν
1175 1646 1518 1704 παραδραμόντων
1538 1648 1738 1697 ἐνιαυτῶν,

404 1765 423 1798 1
436 1761 762 1818 ςΜοσυνουπόλειος
780 1764 812 1798 D
964 1764 987 1799 3
1008 1762 1056 1808 μὴ
1079 1763 1144 1797 add
1162 1764 1193 1798 D
1337 1759 1433 1797 ὅπου
1453 1763 1485 1796 D
1629 1761 1650 1795 5
1673 1758 1738 1803 μὲν

405 1809 494 1852 ουν]
519 1807 558 1843 δὲ
576 1809 606 1842 D
786 1805 863 1852 ἅμα
881 1809 926 1855 τῇ
944 1810 1076 1854 γαμετῇ
1089 1805 1194 1854 ’Ἀννῃ
1212 1808 1444 1852 προεξελθεῖν
1462 1805 1655 1852 πέφθακεν
1673 1806 1739 1849 τῆς

401 1854 697 1897 Κωνσταντίνου,
725 1852 902 1898 δεσπότης
924 1852 992 1888 ὑπ’
1013 1852 1151 1888 ἐκείνου
1170 1851 1400 1897 τετιμημένος
1417 1853 1447 1886 D
1585 1853 1606 1886 8
1631 1847 1737 1884 ἄπελ-

402 1896 484 1933 &osv
509 1901 634 1934 τοίνυν
660 1898 750 1942 μετὰ
780 1899 840 1933 καὶ
864 1900 938 1933 τῶν
955 1900 1164 1943 θυγατρίων
1186 1898 1345 1947 Εἰρήνης
1363 1897 1512 1938 Μαρίας
1536 1895 1597 1930 καὶ
1617 1894 1735 1930 Εὔδο-

401 1943 483 1983 κίας
500 1944 551 1983 εἰς
566 1944 727 1978 Νίκαιαν
743 1943 934 1988 παρεκάλει
949 1943 1036 1984 τοὺς
1054 1946 1204 1983 Νικαεῖς
1221 1944 1304 1977 εἴσω
1321 1944 1387 1987 τῆς
1405 1941 1545 1981 πόλεως
1559 1941 1736 1982 δέξασθαι

400 1989 545 2023 τοῦτον.
593 1989 629 2023 02
657 1987 695 2023 δὲ
722 1987 790 2024 οὐκ
810 1987 987 2033 ἐδέχοντο.
1035 1986 1055 2024 ὁ
1075 1987 1113 2024 δὲ
1129 1988 1191 2023 καὶ
1211 1985 1280 2022 κᾶν
1301 1987 1368 2033 τὴν
1386 1990 1539 2032 γυναῖκα
1559 1985 1735 2027 δέξασθαι

402 2034 579 2068 δυσωπῶν
594 2033 696 2077 μόλις
715 2033 851 2070 ἔπεισεν
869 2036 898 2068 D
1035 2036 1074 2069 11
1099 2034 1182 2079 περὶ
1198 2035 1299 2078 vulgo
1434 2034 1476 2067 16
1499 2028 1622 2066 οὐτοσὶ
1639 2028 1733 2063 κατὰ

401 2079 562 2113 Νίκαιαν
586 2091 638 2112 om
658 2081 689 2113 D
869 2077 1045 2125 Προῦσάν
1069 2080 1101 2114 D
1282 2079 1324 2114 17
1348 2074 1447 2118 ὅπως
1473 2078 1532 2121 τε]
1566 2087 1604 2110 τε
1626 2086 1678 2108 om
1702 2074 1733 2108 D

399 2125 442 2160 19
462 2125 545 2170 περὶ
566 2125 679 2169 vulgo.

399 2226 431 2260 6.
477 2226 554 2260 Itali
569 2228 651 2261 urbe
665 2227 763 2272 potiti
780 2227 909 2261 civibus
935 2228 1136 2271 potestatem
1154 2226 1264 2260 fecere
1286 2227 1324 2258 ut
1348 2224 1404 2269 qui
1421 2223 1546 2257 vellent
1563 2223 1734 2255 manerent

312 2281 353 2303 ac
376 2270 542 2305 subditicii
568 2279 698 2314 essent,
723 2273 779 2316 qui
796 2273 941 2312 nollent,
964 2272 1068 2305 libere
1083 2283 1148 2315 quo
1165 2272 1286 2305 vellent
1302 2268 1613 2314 proficiscerentur3
1647 2266 1733 2299 iam-

313 2326 379 2359 que
394 2315 541 2359 quiante
562 2317 643 2350 alios
665 2318 872 2358 eminebant,
895 2316 928 2350 hi
943 2317 1026 2349 clam
1042 2316 1096 2349 alii
1112 2316 1234 2360 palam,
1257 2326 1331 2348 sese
1345 2313 1573 2358 surripiebant.
1618 2311 1734 2344 Theo-

313 2359 415 2393 dorus
438 2361 590 2394 Lascaris
603 2387 612 2403 ,
649 2373 744 2406 quem
769 2362 978 2405 imperatoris
1001 2361 1107 2394 Alexi}
1131 2371 1287 2404 generum
1301 2359 1404 2392 fuisse
1419 2360 1461 2391 ab
1479 2358 1658 2401 eodemque
1673 2356 1732 2389 de-

312 2409 442 2448 spotam
466 2406 668 2439 declaratum
690 2417 791 2451 supra
813 2406 920 2439 oratio
936 2410 1047 2440 nostra
1063 2409 1278 2445 narraverat,
1301 2415 1367 2436 una
1381 2415 1453 2436 cum
1470 2414 1574 2436 uxore
1587 2405 1682 2435 Anna
1698 2404 1733 2434 et
1784 2441 1789 2445 ‚
1841 2417 1846 2420 ·

311 2450 388 2483 filiis
411 2452 505 2494 (tres
529 2462 667 2495 namque
689 2452 778 2484 filiae
802 2451 850 2483 illi
873 2456 987 2494 erant,
1011 2451 1115 2494 prima
1138 2450 1251 2491 Irene,
1271 2449 1377 2482 altera
1393 2448 1521 2489 Maria,
1542 2447 1644 2480 tertia
1658 2446 1733 2479 Eu-

312 2495 432 2539 docia)
456 2499 533 2529 ante
563 2496 780 2540 direptionem
805 2496 984 2528 abscedens
1009 2499 1045 2528 et
1071 2495 1158 2528 circa
1171 2494 1331 2527 Nicaeam
1352 2494 1543 2538 profectus,
1564 2492 1732 2525 Nicaenos

311 2542 472 2575 exorabat
498 2544 535 2574 ut
557 2546 662 2575 semet
680 2542 769 2575 intus
795 2541 982 2585 reciperent
1017 2539 1147 2583 sibique
1173 2539 1276 2572 veluti
1299 2538 1428 2572 domino
1451 2539 1732 2582 obtemperarent.

263 2616 265 2618 ,
312 2597 385 2620 cum
413 2597 478 2619 non
505 2587 697 2630 proficeret,
721 2586 831 2619 acrius
860 2585 1070 2629 incumbens,
1095 2589 1130 2618 et
1154 2584 1207 2617 vel
1235 2595 1370 2617 uxorem
1395 2583 1500 2616 solum
1519 2582 1732 2615 admitterent

311 2632 459 2677 impense
481 2631 677 2676 deprecans,
703 2632 759 2665 vix
773 2630 902 2664 tandem
918 2630 1072 2664 obtinuit.
1118 2641 1219 2673 quare
1233 2629 1381 2662 Nicaeae
1395 2640 1498 2662 uxore
1513 2627 1627 2661 relicta
1643 2626 1731 2659 circa

313 2678 450 2711 Prusam
474 2677 546 2710 loca
572 2676 678 2710 omnia
702 2677 915 2713 excurrebat.
940 2687 980 2708 eo
999 2675 1105 2708 animo
1121 2678 1158 2707 ut
1173 2674 1229 2708 illa
1250 2673 1310 2708 sibi
1338 2673 1515 2707 subiiceret
1534 2676 1569 2705 et
1592 2683 1652 2716 pro
1673 2681 1729 2703 soa

310 2734 391 2756 cero
415 2722 530 2756 Alexio
557 2722 630 2766 ipse
654 2722 758 2755 veluti
779 2722 960 2766 imperator
982 2732 1037 2754 res
1051 2723 1168 2763 ageret
1182 2730 1221 2752 ac
1236 2719 1443 2753 ministraret.
1488 2729 1550 2751 nec
1564 2727 1641 2763 spes
1655 2726 1728 2749 eum

312 2769 442 2802 fefellit:
466 2778 540 2801 nam
565 2767 695 2800 interim
721 2767 764 2800 ad
786 2767 962 2800 Persarum
984 2765 1165 2810 principem
1180 2764 1242 2797 sibi
1258 2764 1400 2797 amicitia
1414 2763 1599 2797 devinctum
1615 2761 1728 2806 profe-

312 2820 384 2848 ctus
400 2817 500 2859 atque
513 2812 726 2848 auxiliaribus
741 2812 846 2857 copiis
861 2815 998 2854 auctus,
1029 2822 1116 2856 quae
1137 2809 1258 2844 iamdiu
1273 2810 1379 2844 animo
1395 2810 1594 2852 conceperat
1605 2832 1616 2849 ,
1648 2816 1732 2852 per->
