1924 3242
568 176 1194 223 AGROPOLITARLNOTAE.
1236 146 1239 149 ’
1509 178 1606 225 209

158 287 386 342 nominibus
412 288 603 340 praeponi
630 288 811 337 solitum,
848 289 1017 328 Mai-tino
1051 290 1186 328 Crusio
1210 288 1253 327 in
1274 288 1607 328 Turno—Graecia

128 378 138 388 .
158 352 201 384 et
214 345 353 384 Ioanni
367 345 541 390 Meni-sio
558 345 602 391 in
621 345 820 384 Glossario
841 346 1192 384 Graeco-barbaro
1208 353 1400 384 notatum.
1437 345 1605 395 Anthos,

111 426 134 443 ι
157 401 347 499 gui-liber
364 407 424 439 est
439 401 600 452 linguae
622 402 796 452 vulgaris
820 403 1014 440 Graecae:
1046 402 1296 455 ἐβασίλευσεν
1323 402 1382 451 εἰς
1406 399 1504 444 αὐτό
1521 399 1606 444 τότε

199 458 276 509 πῦρ
295 459 600 505 Κωνσταντῖνος
616 455 638 498 ὅ
656 455 936 509 Παλαιολόγοςι
977 460 1033 496 sic
1054 454 1155 512 κυρᾶ
1174 471 1244 510 pro
1265 459 1395 507 κυρία,
1425 459 1605 505 domina,

157 511 354 559 dicebant.
413 520 532 566 atque
548 512 643 552 hinc
662 514 827 552 Iacobus
845 512 1054 566 Phihppus
1078 517 1291 566 Bergomas
1307 514 1534 554 llberandus
1554 515 1603 553 ab

154 569 305 621 insigni
341 567 669 619 hallucinatione,
712 583 765 611 ,an
799 569 946 608 mendo
956 569 975 608 ‘l
1032 571 1103 609 lib.
1133 572 1185 611 12
1216 569 1418 620 Chronici,
1454 571 1524 609 ubi
1554 570 1603 609 do

154 626 438 664 Montisferrati
454 625 748 665 marchionatus
765 626 989 678 primordIis
1011 628 1111 665 circa
1130 638 1279 664 annum
1294 627 1374 668 985
1397 629 1479 678 agit
1498 628 1605 666 eius-

132 691 244 736 &flue
265 681 514 721 marchiones
550 689 746 732 recenset,
797 684 852 720 ait
882 684 1186 721 Emmanuelem
1221 683 1470 735 Cpolitanum
1503 685 1603 735 imp.

153 739 340 777 Reinerio
378 739 731 778 Montisferratensi
761 753 928 777 uxorem
968 738 1122 778 dedisse
1150 740 1274 776 filiam
1300 752 1413 777 suam
1442 742 1602 778 nomine

121 827 124 830 .
161 795 454 833 Curamariam.
501 797 610 848 atqui
628 797 787 834 Nicetae
803 796 873 833 lib.
888 798 912 836 6
932 797 1113 834 scribitur
1127 796 1250 832 Maria
1267 797 1538 834 Emmanuelis
1556 797 1603 834 F.

156 851 348 890 collocata
372 852 496 890 fuisse
521 851 742 890 marchioni
771 852 1073 900 Montisferrati,
1110 852 1279 890 imberbi
1306 850 1435 889 adhuc
1464 851 1603 890 adole-

155 908 356 956 scentulo,
405 909 494 959 ipsa
527 909 776 959 trigesimum
806 909 944 947 aetatis
977 921 1124 945 annmn
1155 910 1236 946 iam
1265 921 1434 959 egressa.
1509 922 1602 960 ergo

162 964 400 1002 Curamankz
417 962 517 1001 haec
534 971 593 1007 est
612 960 730 1016 Κυρᾶ
749 965 910 1016 Μαρία,
939 963 1102 1002 domina
1119 966 1276 1010 Maria,
1305 964 1410 1002 unde
1428 966 1603 1015 ignobile

122 1045 136 1057 r.
155 1026 196 1069 qt
216 1019 442 1058 inauditum
460 1014 569 1058 illud‘
586 1033 732 1057 nomen
755 1018 966 1058 detortum.
1025 1028 1063 1059 et
1097 1019 1203 1073 quod
1230 1022 1510 1070 monstrosius,
1551 1033 1604 1059 ex

152 1074 231 1114 hac
264 1076 502 1114 Curamaria
529 1077 596 1113 alii
628 1077 845 1114 Canariam
866 1077 1107 1114 fabricarunt
1125 1076 1310 1128 pudendo
1333 1090 1474 1115 errore.
1532 1074 1604 1115 sed

125 1168 136 1178 ,
153 1130 431 1171 huiuscemodi
455 1131 830 1170 hallucinationibus
858 1131 1022 1183 plurimi
1046 1135 1234 1171 neoterici
1253 1134 1372 1183 vulgo
1390 1134 1604 1184 implican-

154 1195 240 1237 tur,
267 1190 336 1241 qui
355 1186 502 1230 ad,hoc
520 1189 749 1240 exemplum
773 1188 990 1239 castIgandi
1007 1197 1111 1227 sunt.
1170 1188 1241 1227 sed
1258 1188 1355 1226 haec
1374 1190 1499 1227 obiter
1514 1203 1605 1227 mo-

118 1265 134 1281 1
154 1246 291 1283 unisse
317 1244 501 1283 sufficiat.
558 1244 609 1282 ad
631 1244 835 1282 historiam
859 1244 966 1296 quod
987 1247 1147 1293 attinet,
1178 1244 1338 1296 legendi
1356 1253 1512 1296 praeter
1530 1248 1604 1283 Ni-

156 1307 307 1349 cetam‚
336 1299 573 1351 Rigordum,
604 1299 862 1338 Godefridum
878 1302 920 1338 S.
939 1303 1190 1339 Pantaleonis
1207 1300 1445 1338 monachum
1465 1303 1603 1340 Colon-

156 1359 200 1395 in
223 1357 430 1395 annalibus
449 1355 501 1394 ad
518 1370 666 1394 anuum
686 1358 812 1405 1203,
844 1370 942 1409 quos
961 1355 1069 1405 dixi,
1100 1370 1152 1394 ex
1178 1358 1459 1394 recentioribus
1479 1359 1606 1394 Blou-

155 1412 231 1454 dus
252 1414 411 1456 Flavius
431 1412 578 1450 Deoad.
597 1416 624 1454 2
642 1413 711 1450 lib.
733 1414 758 1452 6
778 1419 815 1450 et
835 1412 883 1450 de
902 1414 1030 1450 Gestis
1051 1414 1307 1460 Venetorum,
1336 1415 1390 1450 M.
1409 1415 1605 1452 Antonius

155 1469 377 1517 Sabellicus
406 1470 553 1507 Histor.
582 1471 720 1507 Venet.
750 1469 820 1506 lib.
848 1472 898 1517 8,
928 1470 1084 1506 Platina
1112 1471 1153 1506 in
1181 1471 1261 1506 vita
1290 1471 1509 1507 Innocentii
1532 1472 1603 1519 111,

155 1526 306 1564 Paulus
321 1526 514 1563 Aemilius
537 1527 682 1563 Histor.
706 1526 792 1562 Gal.
815 1525 885 1562 lib.
908 1526 956 1573 6,
986 1532 1024 1562 et
1047 1527 1186 1562 Petrus
1205 1526 1444 1563 lastinianus
1464 1528 1604 1564 Venet-

155 1582 284 1620 multa
302 1582 360 1620 ibi
377 1580 425 1618 de
445 1583 696 1632 navigatione
715 1582 947 1618 Latinorum
966 1583 1048 1618 sive
1068 1581 1377 1619 Occidentaliuin
1398 1595 1488 1619 cum
1506 1583 1606 1619 Ale-

155 1640 230 1684 xia
252 1651 375 1690 puero
397 1638 552 1689 Cpolim
573 1651 730 1685 versus,
762 1636 811 1674 de
834 1638 967 1674 Alexii
985 1638 1100 1689 impii
1117 1638 1231 1688 fuga,
1262 1636 1311 1675 de
1334 1637 1441 1675 urbis
1473 1651 1604 1689 expu-

156 1696 343 1745 gnatione
373 1701 412 1731 et
441 1694 623 1731 Murzufli
649 1695 804 1746 tyranni
834 1692 883 1730 de
910 1695 1035 1731 Tauri
1063 1694 1244 1732 columna
1267 1695 1604 1744 praecipitatione,

154 1750 208 1801 gie
228 1750 338 1793 obitu
358 1750 484 1802 impp.
507 1751 646 1788 Isaacii
667 1757 705 1787 et
721 1749 793 1786 filii
812 1750 968 1797 Alexii,
1000 1748 1048 1786 de
1073 1752 1170 1801 imp.
1194 1749 1389 1787 Balduino
1409 1749 1603 1797 Flandro3

158 1819 262 1859 quae
293 1807 394 1844 circa
421 1819 568 1843 annum
589 1808 696 1848 1202
718 1813 756 1843 et
783 1805 887 1846 1204
903 1812 1059 1857 peracta
1079 1812 1183 1844 sunt.
1241 1813 1509 1856 expugnatam
1530 1819 1605 1843 au-

156 1869 240 1900 tem
266 1861 417 1900 urbem
430 1863 613 1910 invenio,
642 1875 688 1899 ea
715 1867 826 1913 parte
854 1875 932 1913 qua
962 1864 1070 1912 regia
1101 1869 1159 1900 est
1183 1867 1222 1898 et
1245 1862 1439 1912 templum
1463 1862 1505 1899 S.
1525 1863 1605 1899 So-

148 1917 295 1970 phiae,
326 1917 477 1956 duabus
494 1918 660 1955 navibus
679 1919 870 1968 colligatis
888 1925 926 1955 et
944 1917 995 1954 ad
1011 1931 1169 1955 murum
1188 1916 1374 1965 admotis,
1405 1918 1603 1954 Paradiso

158 1981 198 2012 et
228 1975 446 2026 Peregrina
470 1975 704 2021 nominatis,
736 1972 842 2024 apud
871 1975 1120 2011 vincentium
1147 1974 1217 2010 lib.
1243 1976 1297 2014 30
1329 1986 1414 2023 cap.
1444 1974 1520 2020 91,
1551 1985 1604 2011 ex

159 2031 326 2082 epistola
358 2030 431 2082 (ut
462 2029 642 2080 videtur)
671 2031 795 2081 ipsius
825 2029 1011 2067 Balduini
1041 2031 1140 2080 imp.
1198 2035 1334 2066 extant
1372 2030 1516 2080 quippe
1553 2028 1603 2065 de

157 2085 234 2125 hoc
252 2086 360 2124 bello
381 2085 482 2123 duae
507 2087 694 2136 epistolae
719 2087 811 2123 satis
830 2087 1009 2136 prolixae
1030 2084 1135 2136 apud
1155 2083 1377 2124 Aruoldum
1394 2086 1603 2122 Lubecen-

152 2155 245 2185 {sem
274 2141 419 2180 Chron.
444 2143 618 2180 Sclavor.
648 2142 718 2179 lib.
746 2144 771 2182 6
804 2154 888 2193 cap.
912 2143 963 2182 19
986 2148 1025 2178 et
1049 2144 1118 2182 20.
1175 2141 1356 2179 scribitur
1380 2142 1422 2177 in
1444 2154 1524 2178 una
1552 2139 1602 2178 de

151 2211 344 2251 prospera
371 2199 523 2249 Cpolim
556 2200 827 2249 navigatione,
858 2196 907 2235 de
935 2199 1172 2248 imperatore
1194 2203 1398 2247 superato,
1431 2195 1479 2234 de
1501 2198 1600 2247 imp.

144 2256 307 2303 ,isaacio
337 2253 515 2292 custodia
545 2253 708 2303 educto,
740 2253 788 2291 de
821 2254 983 2291 illustris
1010 2253 1082 2290 filii
1107 2255 1192 2291 eius
1212 2253 1347 2290 Alexii
1368 2253 1410 2289 in
1436 2253 1601 2290 ecclesia

158 2311 202 2350 S.
223 2309 395 2362 Sophiae
413 2312 682 2358 coronatione,
715 2309 763 2347 de
783 2309 1019 2361 gratitudine
1035 2311 1119 2347 eius
1135 2322 1227 2359 erga
1240 2309 1423 2356 Latinos,
1454 2315 1493 2345 et
1511 2309 1603 2346 alia.

159 2367 258 2404 item
286 2368 330 2404 in
357 2367 479 2404 altera
502 2368 599 2418 imp.
626 2367 816 2404 Alexium
839 2365 1001 2417 perfidia
1033 2367 1271 2403 Graecorum
1297 2363 1522 2411 seductum,
1552 2378 1603 2401 ne

159 2423 356 2474 promissa
379 2423 548 2472 faceret,
581 2436 603 2460 a
624 2424 814 2461 Murzuflo
834 2424 944 2460 Duca
962 2428 1166 2470 necatum,
1197 2428 1236 2458 et
1261 2422 1384 2458 latera
1401 2428 1603 2471 costasque

139 2517 142 2521 ,
160 2481 247 2517 eius
269 2479 380 2516 clava
401 2479 527 2517 ferrea
546 2480 761 2516 confractas
780 2491 885 2526 esse3
915 2491 988 2516 nec
1013 2479 1138 2515 multo
1167 2483 1256 2528 post
1276 2476 1480 2514 dominum
1494 2479 1603 2513 Isaa-

160 2536 290 2582 cium‚
316 2547 339 2571 a
368 2547 446 2586 quo
473 2535 576 2573 filius
602 2534 802 2572 dicebatur
826 2535 946 2572 fuisse
966 2533 1169 2582 seductus,
1195 2532 1302 2569 diem
1325 2533 1509 2570 clausisse
1530 2545 1603 2569 ex·-

160 2597 354 2638 tremum‚
384 2592 619 2629 Munuflum
641 2604 850 2643 occupasse
870 2589 1134 2642 tyrannidem.
1192 2587 1283 2625 inde
1305 2588 1330 2629 5
1355 2587 1464 2626 eidus
1486 2590 1606 2639 Apri-

160 2647 245 2695 les,
278 2652 391 2684 sexta
419 2647 538 2695 feria,
571 2649 731 2685 Latinos
760 2648 892 2686 navali
921 2647 1068 2698 praelio
1099 2645 1309 2682 infeliciter
1337 2658 1428 2682 cum
1447 2645 1606 2682 Graecis

133 2701 395 2756 ,dimicassez
427 2702 498 2740 sed
521 2702 648 2754 pridie
678 2703 807 2751 eidus,
838 2701 1010 2741 secunda
1039 2702 1139 2738 feria
1168 2707 1257 2751 post
1281 2703 1505 2751 passionem
1534 2699 1607 2736 do-

162 2760 284 2808 mini,
316 2760 536 2809 conscensis
555 2761 678 2797 muris
694 2761 737 2797 in
756 2760 894 2796 urbem
913 2760 1094 2804 irruisse3
1124 2758 1413 2807 imperatorem,
1445 2758 1606 2806 quinon

158 2815 298 2868 procul
319 2828 342 2852 a
367 2816 489 2852 mur1s
509 2817 658 2853 steterit
675 2817 719 2864 in
737 2816 915 2854 tentoriis
937 2821 1110 2852 armatus
1125 2842 1135 2862 ,
1165 2820 1372 2864 conspecto
1396 2811 1507 2849 hoste
1526 2817 1608 2849 sta-

220 2875 351 2921 Georg.
379 2876 538 2921 Acropol.
567 2875 688 2910 Annal-
1285 2867 1336 2909 14
