1924 3242
331 217 393 265 84
722 219 956 263 GEORGII
988 208 1372 263 AGROPOLITAE

330 348 465 384 σαντο,
499 330 589 373 ἔνιοι
612 329 654 371 de*
675 331 741 372 καὶ
764 329 984 388 ἓσφάλοντο
1008 336 1184 376 πλεῖστα.
1252 333 1374 389 ἕτεροι
1399 333 1442 375 δὲ
1467 335 1596 384 δεξιᾶς
1618 332 1760 388 ηῧμοι-

330 399 490 455 ’ρηκότες
507 397 649 452 τύχης,
689 398 937 453 ἃμελετήτως
959 401 1019 442 ἐπὶ
1041 401 1092 442 τὰ
1110 401 1205 457 ἔργα
1221 404 1442 456 χωροῦντες
1461 396 1643 457 μεγάλων
1663 418 1760 457 τρο-

329 470 456 509 παίων
474 464 676 521 γεγόνασιν
699 466 912 524 αὐτουργοί
919 499 932 519 ,
968 465 1052 510 οἶόν
1071 486 1108 510 τι
1129 468 1269 522 ξυνέβη
1290 472 1347 524 τῷ
1366 467 1452 511 τότε
1473 471 1539 511 καὶ
1559 472 1618 526 τῷ
1637 474 1759 524 βασι-

330 539 392 576 λεῖ’
414 532 588 590 Ἰωάννῃ.
655 538 812 576 πολλῶν
843 535 919 592 γὰρ
955 535 1104 578 ἄστεων
1137 538 1202 578 καὶ
1231 534 1376 591 χώρων
1408 540 1566 579 πολλῶν
1594 535 1759 592 ἐγεγόνει

329 600 521 656 δεσπότης
543 604 583 643 ἐν
605 601 764 658 ἀκαρεῖ,
798 601 856 657 μή
885 620 990 653 τινος
1017 604 1190 657 πολέμου
1218 603 1493 659 γεγενημένου,
1528 602 1631 658 μηδέ
1653 616 1789 653 τινοςό

327 667 515 718 πεσόντος
532 671 574 711 ἐν
596 668 729 725 μάχῃ,
768 671 871 724 μηδὲ
887 671 1083 725 χυθέντος
1104 673 1292 724 αἳζιιατος,
1333 672 1434 725 μηδὲ
1454 673 1592 727 ξίφους
1611 687 1758 726 κατορ-
1782 726 1786 730 .
1814 711 1817 714 ,

323 737 550 791 χησαμένου
572 736 769 790 σώματος,
805 739 896 779 ἀλλ’
920 737 1077 794 ἡμέρως
1095 741 1160 781 καὶ
1180 743 1360 794 γαληνῶς
1382 738 1512 794 ὥσπερ
1535 737 1640 788 τινὸς
1662 736 1759 792 κλή-

326 821 398 860 ρου
429 803 631 860 πατρόθεν
661 803 788 861 τούτῳ
820 806 1086 861 προσήκοντος
1116 807 1301 863 ἀνιδρωτὶ
1323 810 1401 848 τῶν
1421 804 1609 849 τοιούτων
1630 803 1760 847 ἁπάν-

208 881 237 915 Ρ
259 880 305 916 43
327 889 405 914 των
427 874 607 927 κατῆρξε.
653 874 895 926 Στενίμαχος
916 874 992 929 γὰρ
1017 876 1082 915 καὶ
1105 875 1303 926 Τζέπαινα
1316 906 1328 925 ,
1363 877 1428 915 καὶ
1450 873 1526 916 ὅσα
1545 868 1595 928 ἦν
1613 877 1671 930 τῷ
1688 876 1760 927 τῆς

318 938 510 994 Ῥοδόπης
531 938 612 995 ὄρει
635 942 899 996 παρακείμενα
923 941 1105 995 πολίχνιά
1126 959 1167 984 τε
1186 943 1252 983 καὶ
1271 940 1535 995 κωμοπόλεις,
1571 939 1760 997 ὖπόφορα
1771 953 1814 987 10

321 1006 450 1064 τούτῳ
470 1008 691 1062 γεγένηνται
705 1039 717 1058 ,
763 1010 828 1050 καὶ
853 1008 947 1065 ὅρος
969 1010 1077 1065 αὐτῷ
1100 1027 1139 1051 τε
1160 1012 1226 1051 καὶ
1248 1016 1330 1059 τοῖς
1351 1007 1600 1065 Βουλγάροις
1613 1006 1761 1064 ’Έβρος

320 1070 371 1128 ἦν
392 1073 582 1127 ποταμός.
649 1076 691 1115 ἐκ
725 1076 767 1116 δὲ
795 1081 866 1118 τοῦ
895 1076 994 1133 πρὸς
1015 1079 1177 1133 Βορρᾶν
1207 1078 1354 1132 μέρους
1375 1074 1604 1130 Στούμπιόν
1630 1092 1671 1117 τε
1693 1076 1761 1116 καὶ

321 1142 508 1195 Χοτοβὸς
529 1142 656 1198 ὀχυρὰ
679 1141 780 1183 ἄττα
803 1143 979 1199 φρούρια
1009 1146 1075 1185 καὶ
1102 1149 1237 1200 χῶρος
1266 1142 1286 1185 ὃ
1309 1145 1574 1196 Βελεβουδίου
1594 1140 1671 1184 ὕπὸ
1690 1141 1760 1184 τὸν

319 1210 488 1263 βασιλέα
509 1204 580 1262 ἦν,
616 1208 770 1250 §nonni
789 1227 830 1251 τε
849 1213 915 1252 καὶ
938 1211 1109 1260 Βελεσὸς
1132 1213 1196 1252 καὶ
1217 1211 1332 1266 μέχρι
1354 1209 1569 1266 Πριλάπου
1592 1211 1658 1251 καὶ
1679 1213 1760 1251 τῶν

321 1277 571 1331 Πελαγονίας
597 1277 775 1331 χωρίων,
811 1277 1087 1327 Νευστάπολίς
1116 1295 1157 1319 τε
1192 1280 1258 1319 καὶ
1280 1276 1520 1333 Πρόσακος,
1553 1276 1605 1319 τὰ
1630 1275 1760 1318 πάντα
1771 1288 1812 1323 15

320 1342 469 1400 ὑπῆρξε
490 1347 548 1400 τῷ
563 1346 725 1397 βασιλεῖ
739 1342 958 1401 ὑποχείρια.
997 1346 1063 1386 καὶ
1088 1347 1254 1387 σπονδαὶ
1278 1346 1338 1386 ἐπὶ
1359 1343 1515 1394 τούτοις
1533 1348 1612 1386 τῶν
1625 1345 1760 1387 Βουλ-

272 1422 300 1456 Β
322 1410 455 1467 γάρων
474 1414 530 1466 τῷ
549 1414 713 1463 βασιλεῖ
729 1410 990 1466 ἐγεγόνεισαν,
1035 1419 1118 1462 τοῖς
1149 1411 1343 1462 τοιούτοις
1369 1415 1435 1454 καὶ
1465 1410 1601 1465 μόνοις
1627 1412 1760 1468 ἀρκεῖ-

320 1483 422 1521 σθάι
458 1483 599 1520 τοῦτον
629 1480 695 1519 καὶ
725 1479 782 1533 μὴ
816 1480 1032 1536 περαιτέρω
1053 1482 1386 1534 κατεπεμβαίνειν.
1453 1482 1520 1522 καὶ
1541 1483 1668 1522 ταῦτα
1686 1479 1758 1532 μέν

322 1545 448 1595 οὕτως
476 1545 563 1599 ἴσχε
594 1545 663 1587 τὸν
684 1545 852 1603 τρόπον,
886 1547 967 1603 ἐγώ
988 1548 1030 1588 δὲ
1053 1548 1172 1598 αὐτὸς
1190 1550 1230 1589 ἓν
1248 1555 1329 1598 τοῖς
1351 1548 1658 1600 ἔπιστολιμαίοις
1679 1549 1759 1588 τῶν

319 1612 446 1668 λόγων
467 1612 704 1670 ὑπούργουν,
739 1612 893 1672 ἑκάστῳ
911 1619 989 1657 τῶν
1007 1613 1272 1668 ἁλισκομένων
1294 1613 1443 1657 ἄστεών
1463 1631 1504 1656 τε
1528 1616 1594 1656 καὶ
1612 1617 1758 1670 χωρῶν
1767 1625 1814 1659 20

320 1683 386 1723 καὶ
404 1672 562 1737 γραφὴν
583 1680 835 1737 ἐγχαράττων
856 1682 1087 1736 βασιλικήν·
1122 1682 1219 1732 ἔθος
1248 1682 1324 1738 γὰρ
1346 1686 1462 1725 τοῦτο
1485 1681 1656 1723 παλαιὸν
1675 1687 1760 1730 τοῖς

315 1752 526 1803 «βασιλεῦσι
540 1747 770 1800 Ῥωμαίων,
814 1751 917 1803 δῆλα
940 1756 1023 1799 τοῖς
1049 1749 1256 1806 μακρόθεν
1279 1750 1346 1791 διὰ
1368 1748 1614 1806 γραμμάτων
1635 1754 1759 1790 ποιεῖν

316 1817 370 1858 τὰ
394 1819 509 1871 σφῶν
532 1815 662 1857 αὐτῶν
684 1815 983 1872 κατορθώματα
1002 1819 1067 1858 καὶ
1088 1817 1188 1874 πρὸς
1209 1815 1355 1872 ἡδονὴν
1376 1818 1601 1874 ἐπεγείρειν,
1635 1810 1684 1871 ἧς
1707 1815 1758 1869 δὴ
1780 1857 1781 1861 ,

320 1886 385 1925 καὶ
408 1877 517 1927 οὗτοι
539 1882 607 1925 διὰ
627 1887 706 1926 τῶν
728 1883 851 1941 ἔργων
867 1883 1246 1941 μεταλαγχάνουσιν.

407 1991 431 2025 2
453 1988 536 2034 περὶ
557 1990 672 2035 vulgo.
690 2042 696 2045 μ

317 2091 387 2114 rem
402 2085 588 2126 peragunt,
611 2092 727 2126 parum
744 2085 803 2115 aut
819 2082 899 2116 nihil
914 2084 1142 2128 profecerunt,
1165 2082 1314 2127 plerique
1329 2080 1427 2115 etiam
1444 2091 1580 2126 operam
1595 2082 1631 2114 et
1648 2079 1757 2114 oleum

317 2130 357 2158 ut
371 2127 543 2171 plurimum
559 2127 794 2172 perdiderunt:
811 2128 864 2161 alii
881 2129 1023 2162 secunda
1039 2128 1117 2161 freti
1133 2129 1269 2162 fortuna
1283 2126 1432 2170 segniter
1445 2127 1528 2160 sein
1542 2127 1640 2159 rebus
1653 2137 1757 2169 agen-

319 2171 369 2204 dis
385 2177 591 2217 occupantes
603 2198 612 2214 ‚
644 2173 791 2216 ingentia
807 2177 948 2218 tropaea
963 2173 1135 2207 consecuti
1151 2178 1247 2214 sunt,
1278 2173 1327 2204 uti
1345 2177 1423 2204 tunc
1436 2171 1627 2214 imperatori
1641 2170 1757 2204 Ioanni

318 2216 458 2257 accidit,
491 2217 547 2260 qui
572 2217 660 2250 nulla
685 2229 777 2250 mora
799 2219 973 2252 multarum
1001 2219 1129 2251 urbium
1151 2218 1391 2261 multorumque
1415 2216 1610 2261 oppidorum
1629 2217 1757 2260 absque

316 2259 385 2293 ullo
401 2261 540 2304 proelio,
565 2263 689 2305 absque
705 2263 801 2295 ullius
818 2263 932 2305 caede,
956 2263 1029 2297 sine
1044 2263 1208 2296 effusione
1224 2261 1409 2305 sanguinis,
1431 2261 1503 2294 sine
1516 2261 1618 2304 gladii
1633 2261 1666 2294 in
1679 2272 1757 2294 cor-

317 2315 380 2349 pus
397 2306 570 2338 humanum
585 2307 725 2339 saevitia
737 2333 747 2348 ‚
771 2308 830 2340 sed
846 2308 970 2352 placite
987 2320 1027 2342 ac
1043 2307 1156 2352 quiete
1170 2313 1206 2340 et
1223 2307 1293 2341 sine
1308 2306 1448 2346 sudore,
1472 2317 1511 2339 ac
1530 2307 1557 2339 si
1571 2307 1606 2340 in
1621 2305 1755 2339 heredi-

317 2355 419 2383 tatem
438 2355 608 2394 paternam
625 2350 865 2393 immitteretur,
886 2353 1140 2387 dominationem
1156 2353 1297 2396 adeptus
1313 2355 1373 2384 est.
1420 2351 1650 2384 Stenimachus
1668 2350 1756 2385 enim

318 2399 354 2429 ct
368 2395 567 2440 Tzepaena‚
603 2400 638 2428 et
653 2401 818 2440 quotquot
835 2398 1014 2442 Rhodopes
1033 2398 1135 2431 monti
1151 2397 1305 2442 oppidula
1322 2395 1479 2440 cuiusque
1493 2396 1649 2430 adiacent
1660 2423 1671 2440 ‚
1693 2396 1756 2429 tri-

317 2439 451 2473 butaria
466 2440 591 2480 habuit,
608 2444 643 2473 et
655 2440 863 2485 imperatoris
879 2453 919 2474 ac
935 2443 1154 2486 Bulgarorum
1169 2443 1253 2475 fines
1269 2442 1402 2474 Hebrus
1417 2441 1538 2475 fluvius
1554 2441 1755 2476 terminavit.

316 2485 350 2518 in
363 2485 496 2518 Boreali
514 2485 611 2529 plaga
623 2486 828 2530 Stumpium,
855 2486 1037 2529 Chotobos‚
1060 2492 1170 2521 castra
1186 2487 1365 2519 munitione
1381 2486 1500 2528 valida,
1526 2490 1561 2519 et
1579 2485 1755 2521 Belebudii

316 2530 409 2563 locus
424 2530 614 2575 imperatori
630 2536 810 2572 cesserant,
834 2543 894 2564 nec
912 2543 976 2565 non
993 2533 1117 2575 Scopia
1132 2537 1168 2565 et
1185 2532 1322 2564 Belesus
1340 2536 1541 2576 caeteraque
1559 2541 1664 2576 usque
1679 2531 1757 2564 Pri-

315 2575 426 2620 lapum
443 2581 476 2608 et
491 2576 690 2617 Pelagonios
703 2587 822 2620 agros;
846 2576 926 2610 item
946 2576 1161 2621 Neustapolis
1186 2580 1222 2609 et
1243 2577 1408 2610 Prosacus
1433 2588 1507 2610 sese
1533 2577 1754 2610 subiecerant.

317 2626 351 2653 et
367 2626 468 2665 super
483 2621 533 2653 his
549 2621 767 2664 Bulgarorum
783 2633 843 2655 rex
858 2628 893 2655 et
908 2622 1087 2666 imperator
1103 2622 1150 2654 sic
1166 2626 1392 2655 convenerant
1403 2646 1413 2662 ‚
1437 2626 1474 2655 ut
1488 2622 1669 2666 imperator
1687 2620 1755 2654 sci-

314 2665 394 2699 licet
410 2666 461 2699 his
478 2670 512 2699 et
526 2665 608 2699 solis
625 2672 799 2700 contentus
814 2667 895 2700 nihil
913 2667 1049 2700 ulterius
1065 2670 1256 2703 attentaret.
1306 2672 1341 2701 et
1367 2668 1451 2701 haec
1466 2667 1597 2711 quidem
1613 2667 1660 2700 ita
1675 2676 1755 2711 per-

315 2715 391 2744 acta
407 2716 496 2744 sunt.
539 2711 611 2756 ipse
627 2710 660 2744 in
677 2712 859 2746 scribendis
875 2712 1023 2756 epistolis
1037 2723 1174 2757 operam
1192 2713 1374 2754 navabam,
1405 2712 1544 2755 singulis
1561 2710 1696 2746 urbibus
1711 2722 1753 2743 ac

316 2756 446 2801 oppidis
463 2756 567 2799 captis
582 2756 728 2791 scribens
745 2762 779 2791 et
793 2757 1037 2801 imperatorium
1057 2758 1196 2800 sigilium
1213 2757 1413 2801 imprimens.
1448 2767 1588 2801 namque
1602 2757 1636 2790 id
1651 2755 1752 2789 moris

316 2806 390 2835 erat
405 2801 625 2835 Romanorum
641 2801 897 2846 imperatoribus
913 2814 972 2848 per
986 2803 1098 2836 literas
1113 2803 1213 2846 longe
1229 2802 1426 2836 distantibus
1450 2802 1588 2846 egregie
1603 2812 1624 2834 a
1638 2812 1676 2835 se
1690 2811 1753 2844 ge-

314 2851 368 2881 sta
384 2846 584 2891 significare,
609 2847 881 2894 voluptatemque
895 2847 972 2893 illis,
992 2859 1086 2892 quam
1102 2847 1165 2893 ipsi
1182 2848 1426 2893 experirentur,
1450 2847 1637 2882 conciliare.
