1872 3236
316 184 414 235 204
667 192 669 194 ’
698 189 1070 238 CONSTANT-INI
1105 194 1368 244 MANASSIS

446 298 474 356 ἦ
497 300 540 342 δὲ
561 299 632 343 τὸν
650 301 941 359 συνοικήσαντα
959 307 1026 349 καὶ
1046 310 1234 366 κοινωνὸν
1249 316 1322 354 τοῦ
1338 314 1430 367 βίου

443 374 516 423 τῆς
533 372 664 420 δεξιᾶς
681 373 866 427 πεποίηκε
886 375 953 416 καὶ
971 377 1195 433 σωζομένης
1211 381 1370 436 μοίρας.

441 437 652 480 κάνταῦθα
671 437 794 493 μόνον
814 445 871 499 τῷ
894 442 1036 497 Δαβὶδ
1059 443 1181 500 ἤχησε
1198 449 1310 504 παρὰ
1331 449 1452 503 μέλος

305 502 413 548 4765
433 503 459 561 ἢ
479 507 544 549 καὶ
568 506 662 557 τοὺς
678 508 821 559 λίθους
839 509 1041 566 θέλγουσα
1063 515 1302 570 καλλιμελὴς
1319 515 1475 574 κινύρα.

435 572 462 628 ἡ
480 575 554 627 μὲν
571 574 649 632 γὰρ
671 575 934 634 ἀποφαίνεται
953 583 1040 637 θεῷ
1060 584 1344 638 ψαλαττομένη

426 639 552 692 “waic
573 643 847 701 μονοτρόπους
865 645 887 688 ὅ
905 647 1003 697 θεὸς
1017 648 1058 690 ἓν
1080 649 1176 706 οῗῖιῳ
1195 653 1406 704 κατοικίζει
1418 651 1463 678 ‘³'

433 710 613 754 ἐνταῦθα
631 712 675 754 δὲ
697 714 918 771 συνέδραμε
938 712 1087 771 κόπρος
1109 716 1245 760 εὐώδει
1260 718 1379 777 μύρῳ

431 781 497 823 καὶ
522 779 640 838 ῥόδον
658 781 966 838 ἔρυθρόφυλλον
984 783 1141 843 ἀχέρδῳ
1156 786 1413 846 κεντροφόρῳ

238 840 269 874 C
296 842 406 888 4770
429 849 495 889 καὶ
512 852 660 904 χρῶμα
673 847 949 906 χολοβάφινον
967 850 1154 906 βάμματι
1178 856 1408 914 πορφυρέῳ.

430 913 456 970 ἦ
473 917 546 970 μὲν
561 916 639 973 γὰρ
662 915 811 967 πάσαις
829 918 989 974 ἀρεταῖς
1006 919 1238 978 κατάφυτον
1260 918 1310 977 ἦν
1331 923 1455 974 ἄλσος

431 987 498 1027 καὶ
517 989 642 1039 κῆπος
661 984 981 1041 χαριτόβλαστος
997 991 1063 1030 καὶ
1086 990 1249 1047 δένδρον
1268 991 1494 1046 εὐκοσμίας,

429 1051 450 1094 ὃ
475 1053 518 1095 δὲ
537 1054 688 1109 χωρίον
707 1052 893 1111 ἄντικρυς
911 1054 1107 1113 τριβόλων
1130 1059 1363 1113 δυσσεβείας

427 1122 493 1162 καὶ
512 1119 638 1173 βάτος
660 1122 939 1178 ἀκανθοβελὴς
964 1126 1031 1167 καὶ
1053 1124 1205 1183 ῥάμνος
1221 1125 1558 1183 σπλαγχνοτύπος.

291 1188 401 1231 4775
428 1191 494 1230 καὶ
519 1189 596 1245 γὰρ
618 1189 944 1245 ἀπεχθανόμενος
967 1199 1055 1243 ταῖς
1081 1194 1356 1248 ἱερογραφίαις

423 1258 490 1298 καὶ
510 1264 594 1306 τοῖς
616 1257 919 1311 ἄπεικονίσμασι
944 1262 1130 1313 Χριστοῦ
1155 1261 1220 1300 καὶ
1243 1263 1323 1301 τῶν
1345 1257 1574 1316 μαρτύρων,

417 1324 512 1374 τοὺς
531 1324 804 1376 ἀπονέμοντας
822 1324 958 1374 αὐτοῖς
982 1324 1027 1367 τὸ
1050 1326 1152 1368 κατὰ
1175 1327 1309 1380 σχέσιν
1331 1327 1454 1381 σέβας

418 1389 690 1448 ἄνυποφόροις
709 1394 775 1434 καὶ
797 1394 943 1442 δειναῖς
960 1392 1250 1450 στρεβλιῦσεσιν
1267 1393 1423 1438 ἐκάκου.

418 1459 522 1501 ἀλλὰ
547 1461 613 1503 καὶ
633 1459 726 1509 τοὺς
740 1456 1015 1514 ἔκλάμποντας
1033 1466 1091 1520 τῷ
1107 1464 1185 1519 βίῳ
1200 1465 1268 1522 καὶ
1287 1467 1347 1521 τῷ.
1362 1461 1467 1522 λόγῳ

225 1534 256 1567 D
281 1526 391 1572 4780
411 1526 511 1585 ὑπὲρ
531 1528 708 1584 ἀστέρων
724 1527 942 1580 καλλονάς,
974 1527 1074 1587 ὑπὲρ
1091 1529 1204 1585 ἡλίου
1227 1533 1360 1583 σέλας,

412 1596 482 1638 τὸν
505 1596 610 1654 ἱερὸν
631 1594 843 1653 Θεόδωρον
859 1629 872 1649 ,
905 1597 975 1640 τὸν
990 1602 1103 1640 θεῖον
1124 1598 1350 1655 Θεοφάνην,

411 1665 622 1721 ἐπιφοραῖς
645 1669 888 1721 βαρυαλγῶν
907 1664 1100 1719 βασάνων
1119 1667 1314 1718 ἐκπιέσας,

409 1735 477 1774 καὶ
501 1737 628 1790 φλοῦν
650 1737 721 1775 τοῦ
747 1731 934 1787 σώματος
957 1734 1089 1776 αὐτῶν
1105 1734 1337 1792 βυυνεύροις
1357 1735 1577 1786 ἔκλεπίσας,

409 1799 533 1852 ἔστιξε
554 1802 620 1843 καὶ
640 1801 691 1843 τὰ
709 1802 874 1855 μέτωπα
892 1802 1032 1858 μέχρις
1054 1803 1188 1845 αὐτῶν
1213 1802 1392 1860 ὀφρύων,

274 1866 384 1911 4785
406 1870 473 1910 καὶ
495 1867 644 1920 τύπους
667 1867 898 1927 ἐνεχάραξεν
914 1869 1049 1921 αὐτοῖς
1075 1870 1388 1925 ἷαμβοπλόκους.

361 1998 454 2034 4764
475 1996 570 2033 κατὰ
593 1998 632 2032 Μ
767 2009 805 2034 v.
828 1998 919 2036 4766
941 2012 994 2034 om
1015 1999 1055 2034 M
1162 2011 1198 2035 v.
1224 2000 1315 2036 4777
1338 2011 1392 2034 om
1408 2000 1443 2035 R
1550 2000 1640 2037 4778
1661 2014 1724 2036 κα-

361 2040 513 2079 κώσεσιν
532 2042 726 2089 ἐστρέβλου
748 2044 780 2079 Α
915 2044 1008 2082 4782
1029 2045 1232 2091 βασανίσας
1249 2046 1288 2080 Μ
1413 2058 1450 2080 v.
1469 2046 1560 2081 4783
1583 2058 1638 2082 om
1660 2048 1699 2081 M

265 2167 339 2191 ram
357 2162 491 2201 partem
525 2170 642 2194 eorum
670 2159 826 2194 traduxit
850 2160 909 2205 qui
938 2160 1083 2195 salutem
1116 2163 1385 2204 consequuntur.
1433 2162 1471 2193 et
1497 2159 1634 2204 quidem
1665 2161 1722 2196 hic

265 2207 395 2235 tantum
415 2203 532 2237 suavis
551 2205 609 2239 illa
641 2205 775 2240 cithara
796 2205 963 2249 Davidis,
997 2206 1075 2251 ipsa
1094 2218 1231 2251 quoque
1254 2216 1337 2239 saxa
1366 2204 1559 2239 demulcens
1573 2232 1583 2249 ,
1618 2207 1719 2250 quid-

263 2248 341 2281 dam
361 2247 525 2282 absonum
543 2251 691 2294 cecinit,
718 2262 793 2285 cum
821 2251 871 2284 ait
899 2253 999 2286 deum
1024 2252 1123 2287 unius
1148 2258 1184 2285 et
1202 2251 1354 2285 eiusdem
1372 2250 1497 2284 indolis
1518 2256 1622 2295 atque
1645 2264 1719 2287 mo-

262 2304 337 2326 rum
355 2292 507 2326 homines
529 2294 566 2329 in
590 2306 691 2330 unum
713 2297 921 2331 domicilium
948 2297 1130 2331 collocare.
1176 2309 1253 2331 nam
1274 2297 1330 2330 hic
1354 2302 1488 2330 stercus
1508 2302 1544 2330 et
1563 2308 1719 2342 unguen-

261 2343 334 2372 tum
352 2339 531 2382 fragrans,
562 2352 643 2374 rosa
669 2343 797 2375 rubens
820 2348 856 2375 et
877 2343 1045 2377 acherdus
1065 2342 1226 2387 spinosa,
1251 2342 1401 2375 tinctura
1423 2341 1504 2375 bilis
1531 2350 1566 2376 et
1586 2354 1718 2388 purpu-

260 2395 323 2418 rae
360 2383 555 2420 coiverunt.
603 2386 792 2421 Theodora
825 2388 915 2421 enim
944 2388 1039 2422 lucus
1071 2394 1146 2422 erat
1176 2387 1307 2422 cunctis
1341 2386 1529 2421 virtutibus
1562 2395 1719 2433 ornatus,

260 2429 415 2464 consitus
433 2430 556 2474 gratiis
575 2431 715 2474 hortus,
747 2433 851 2465 arbor
874 2434 982 2467 omnis
1005 2433 1197 2477 elegantiae
1216 2432 1486 2477 modestiaeque.
1534 2434 1719 2479 Theophi÷

258 2475 314 2510 lus
338 2488 358 2509 e
381 2475 520 2510 diverso
540 2488 624 2521 ager
651 2482 727 2512 erat
751 2489 866 2512 merae
891 2478 1078 2523 impietatis
1105 2478 1242 2512 tribulis
1271 2479 1443 2522 refertus,
1474 2480 1581 2513 rubus
1601 2491 1716 2525 asper,

259 2522 400 2556 laedens
435 2521 572 2556 viscera
596 2523 770 2558 rhamnus.
833 2535 911 2558 nam
940 2525 1049 2558 sacris
1085 2524 1195 2558 literis
1232 2529 1268 2557 et
1301 2523 1435 2557 Christi
1460 2532 1716 2570 martyrumque

256 2567 464 2612 imaginibus
491 2567 661 2612 infestus,
694 2580 754 2603 eos
786 2580 902 2603 omnes
934 2569 1200 2604 intolerantibus
1231 2575 1268 2603 et
1298 2569 1512 2613 gravissimis
1534 2572 1714 2606 tormentis

257 2614 479 2648 excruciabat
503 2615 562 2658 qui
594 2614 719 2648 cultum
747 2614 798 2648 eis
824 2615 988 2658 religiose
1016 2617 1206 2649 deferrent.
1254 2621 1437 2660 praeterea
1464 2617 1592 2651 sanctis
1626 2616 1714 2651 viris

257 2659 446 2693 Theodoro
476 2671 516 2693 ac
548 2661 783 2705 Theophane,
815 2660 876 2705 qui
903 2666 972 2694 tam
1003 2661 1078 2695 vita
1109 2672 1209 2705 quam
1241 2660 1398 2695 doctrina
1427 2672 1533 2706 supra
1559 2662 1714 2697 siderum,

255 2705 545 2750 pulchritudinem
565 2712 601 2740 et
621 2706 702 2740 solis
721 2707 822 2740 iubar
839 2706 1019 2749 lucebant,
1051 2705 1259 2740 tristissimis
1281 2706 1491 2742 cruciatibus
1511 2707 1653 2742 afflictis
1674 2712 1711 2741 et

255 2751 376 2795 flagris
402 2751 608 2794 excoriatis,
641 2753 743 2786 etiam
765 2752 878 2786 vultus
904 2753 948 2786 ad
982 2751 1060 2796 ipsa
1084 2763 1193 2797 usque
1215 2752 1402 2796 supercilia
1422 2753 1515 2787 notis
1534 2754 1706 2789 deforma-

256 2797 328 2839 vit,
354 2801 390 2831 et
409 2808 532 2832 versus
552 2797 718 2832 iambicos
737 2798 822 2843 ipsis
841 2797 1035 2852 impl-essin
1058 2809 1142 2843 quas
1164 2797 1213 2830 illi
1231 2804 1330 2833 notas
1354 2799 1463 2832 fronti
1483 2799 1614 2835 inustas
1637 2810 1707 2833 non

257 2843 359 2879 aliter
381 2844 566 2888 gestabant
583 2849 687 2889 atque
709 2855 870 2879 coronam
887 2843 1071 2879 umonibus
1092 2849 1129 2879 et
1149 2843 1290 2888 gemmis
1314 2849 1526 2880 exornatam.
