<?xml version="1.0" encoding="UTF-8"?>
<!DOCTYPE html PUBLIC "-//W3C//DTD XHTML 1.0 Transitional//EN"
    "http://www.w3.org/TR/xhtml1/DTD/xhtml1-transitional.dtd">
<html xmlns="http://www.w3.org/1999/xhtml" xml:lang="en" lang="en">
 <head>
  <title>
</title>
<meta http-equiv="Content-Type" content="text/html;charset=utf-8" />
  <meta name='ocr-system' content='tesseract 3.04.00' />
  <meta name='ocr-capabilities' content='ocr_page ocr_carea ocr_par ocr_line ocrx_word'/>
</head>
<body>
  <div class='ocr_page' id='page_1' title='image "./corpusscriptorum06niebuoft_0632.png"; bbox 0 0 1864 3242; ppageno 0'>
   <div class='ocr_carea' id='block_1_1' title="bbox 316 162 1234 215">
    <p class='ocr_par' dir='ltr' id='par_1_1' title="bbox 316 162 1234 215">
     <span class='ocr_line' id='line_1_1' title="bbox 316 162 1234 215; baseline -0.01 0"><span class='ocrx_word' id='word_1_1' title='bbox 316 165 413 215; x_wconf 84' lang='lat'><strong>230</strong></span> <span class='ocrx_word' id='word_1_2' title='bbox 843 162 904 208; x_wconf 89' lang='lat' dir='ltr'><strong>IN</strong></span> <span class='ocrx_word' id='word_1_3' title='bbox 937 162 1234 208; x_wconf 85' lang='lat' dir='ltr'>GEORGIUM</span> 
     </span>
    </p>
   </div>
   <div class='ocr_carea' id='block_1_2' title="bbox 314 267 1779 2838">
    <p class='ocr_par' dir='ltr' id='par_1_2' title="bbox 314 267 1763 941">
     <span class='ocr_line' id='line_1_2' title="bbox 314 267 1756 337; baseline -0.005 -21"><span class='ocrx_word' id='word_1_4' title='bbox 314 271 434 330; x_wconf 75' lang='grc' dir='ltr'>τιάρα</span> <span class='ocrx_word' id='word_1_5' title='bbox 454 270 683 320; x_wconf 53' lang='lat' dir='ltr'><strong>mammaea·</strong></span> <span class='ocrx_word' id='word_1_6' title='bbox 701 267 838 327; x_wconf 77' lang='grc' dir='ltr'><strong><em>ὅρθίᾳ,</em></strong></span> <span class='ocrx_word' id='word_1_7' title='bbox 870 267 924 323; x_wconf 73' lang='grc' dir='ltr'><strong>ἢν</strong></span> <span class='ocrx_word' id='word_1_8' title='bbox 947 274 1122 337; x_wconf 28' lang='lat' dir='ltr'><strong>wemma</strong></span> <span class='ocrx_word' id='word_1_9' title='bbox 1119 274 1233 313; x_wconf 80' lang='grc' dir='ltr'><strong><em>καλεῖ</em></strong></span> <span class='ocrx_word' id='word_1_10' title='bbox 1250 269 1272 313; x_wconf 81' lang='grc' dir='ltr'><strong><em>ὃ</em></strong></span> <span class='ocrx_word' id='word_1_11' title='bbox 1291 269 1488 324; x_wconf 76' lang='grc' dir='ltr'><strong><em>δημώδης.</em></strong></span> <span class='ocrx_word' id='word_1_12' title='bbox 1545 269 1711 310; x_wconf 80' lang='lat' dir='ltr'><strong>subdit:</strong></span> <span class='ocrx_word' id='word_1_13' title='bbox 1728 284 1756 309; x_wconf 84' lang='lat' dir='ltr'><strong>a</strong></span> 
     </span>
     <span class='ocr_line' id='line_1_3' title="bbox 316 312 1752 383; baseline -0.004 -14"><span class='ocrx_word' id='word_1_14' title='bbox 316 331 435 383; x_wconf 75' lang='lat' dir='ltr'><strong>typho</strong></span> <span class='ocrx_word' id='word_1_15' title='bbox 463 330 651 368; x_wconf 78' lang='lat' dir='ltr'><strong>nimirum</strong></span> <span class='ocrx_word' id='word_1_16' title='bbox 673 335 710 365; x_wconf 85' lang='lat' dir='ltr'><strong>et</strong></span> <span class='ocrx_word' id='word_1_17' title='bbox 737 312 918 378; x_wconf 82' lang='lat' dir='ltr'><strong>superbia</strong></span> <span class='ocrx_word' id='word_1_18' title='bbox 945 342 1067 380; x_wconf 83' lang='lat' dir='ltr'><strong>quam</strong></span> <span class='ocrx_word' id='word_1_19' title='bbox 1094 329 1138 366; x_wconf 84' lang='lat' dir='ltr'><strong>in</strong></span> <span class='ocrx_word' id='word_1_20' title='bbox 1163 329 1308 366; x_wconf 77' lang='lat' dir='ltr'><strong>animis</strong></span> <span class='ocrx_word' id='word_1_21' title='bbox 1330 329 1570 380; x_wconf 69' lang='lat' dir='ltr'><em>gestantium</em></span> <span class='ocrx_word' id='word_1_22' title='bbox 1596 329 1752 366; x_wconf 76' lang='lat' dir='ltr'><strong>excitat.</strong></span> 
     </span>
     <span class='ocr_line' id='line_1_4' title="bbox 318 382 1758 440; baseline -0.003 -16"><span class='ocrx_word' id='word_1_23' title='bbox 318 400 420 440; x_wconf 85' lang='lat' dir='ltr'><strong>quae</strong></span> <span class='ocrx_word' id='word_1_24' title='bbox 442 387 648 436; x_wconf 79' lang='lat' dir='ltr'><strong>originatio</strong></span> <span class='ocrx_word' id='word_1_25' title='bbox 666 391 863 437; x_wconf 86' lang='lat' dir='ltr'><strong>utcunque</strong></span> <span class='ocrx_word' id='word_1_26' title='bbox 888 386 1120 422; x_wconf 87' lang='lat' dir='ltr'><strong>nonnemini</strong></span> <span class='ocrx_word' id='word_1_27' title='bbox 1145 385 1336 436; x_wconf 85' lang='lat' dir='ltr'><strong>placitura</strong></span> <span class='ocrx_word' id='word_1_28' title='bbox 1355 386 1405 422; x_wconf 87' lang='lat' dir='ltr'><strong>sit</strong></span> <span class='ocrx_word' id='word_1_29' title='bbox 1427 385 1626 433; x_wconf 75' lang='lat' dir='ltr'><strong>fortassis,</strong></span> <span class='ocrx_word' id='word_1_30' title='bbox 1654 382 1758 421; x_wconf 85' lang='lat' dir='ltr'><strong>mihi</strong></span> 
     </span>
     <span class='ocr_line' id='line_1_5' title="bbox 320 439 1758 492; baseline -0.003 -11"><span class='ocrx_word' id='word_1_31' title='bbox 320 450 424 481; x_wconf 86' lang='lat' dir='ltr'><strong>certe</strong></span> <span class='ocrx_word' id='word_1_32' title='bbox 445 440 636 492; x_wconf 89' lang='lat' dir='ltr'><strong>displicet.</strong></span> <span class='ocrx_word' id='word_1_33' title='bbox 695 453 832 492; x_wconf 85' lang='lat' dir='ltr'><strong>apage,</strong></span> <span class='ocrx_word' id='word_1_34' title='bbox 863 453 986 492; x_wconf 84' lang='lat' dir='ltr'><strong>apage</strong></span> <span class='ocrx_word' id='word_1_35' title='bbox 1002 453 1127 492; x_wconf 88' lang='lat' dir='ltr'><strong>nugas</strong></span> <span class='ocrx_word' id='word_1_36' title='bbox 1146 442 1441 492; x_wconf 81' lang='lat' dir='ltr'><strong>nugacissimas.</strong></span> <span class='ocrx_word' id='word_1_37' title='bbox 1495 439 1567 479; x_wconf 84' lang='lat' dir='ltr'><strong>sed</strong></span> <span class='ocrx_word' id='word_1_38' title='bbox 1585 447 1624 478; x_wconf 85' lang='lat' dir='ltr'><strong>et</strong></span> <span class='ocrx_word' id='word_1_39' title='bbox 1645 440 1758 492; x_wconf 76' lang='lat' dir='ltr'><strong>tusae</strong></span> 
     </span>
     <span class='ocr_line' id='line_1_6' title="bbox 318 471 1758 550; baseline -0.001 -14"><span class='ocrx_word' id='word_1_40' title='bbox 318 501 422 537; x_wconf 88' lang='lat' dir='ltr'><strong>inter</strong></span> <span class='ocrx_word' id='word_1_41' title='bbox 445 499 559 548; x_wconf 83' lang='lat' dir='ltr'><strong>signa</strong></span> <span class='ocrx_word' id='word_1_42' title='bbox 579 503 690 534; x_wconf 91' lang='lat' dir='ltr'><strong>muta</strong></span> <span class='ocrx_word' id='word_1_43' title='bbox 711 498 896 536; x_wconf 82' lang='lat' dir='ltr'><strong>militaria</strong></span> <span class='ocrx_word' id='word_1_44' title='bbox 908 525 918 544; x_wconf 93' lang='lat'><strong>‚</strong></span> <span class='ocrx_word' id='word_1_45' title='bbox 958 498 1090 550; x_wconf 85' lang='lat' dir='ltr'><strong>qualia</strong></span> <span class='ocrx_word' id='word_1_46' title='bbox 1118 504 1210 535; x_wconf 87' lang='lat' dir='ltr'><strong>sunt</strong></span> <span class='ocrx_word' id='word_1_47' title='bbox 1202 471 1383 549; x_wconf 52' lang='lat' dir='ltr'><strong>”aquilae</strong></span> <span class='ocrx_word' id='word_1_48' title='bbox 1403 495 1589 534; x_wconf 77' lang='lat' dir='ltr'><strong>dracones</strong></span> <span class='ocrx_word' id='word_1_49' title='bbox 1608 497 1758 534; x_wconf 79' lang='lat' dir='ltr'><strong>vexilla</strong></span> 
     </span>
     <span class='ocr_line' id='line_1_7' title="bbox 319 551 1759 605; baseline -0.002 -13"><span class='ocrx_word' id='word_1_50' title='bbox 319 554 503 593; x_wconf 81' lang='lat' dir='ltr'><strong>fiamulae</strong></span> <span class='ocrx_word' id='word_1_51' title='bbox 520 560 594 592; x_wconf 84' lang='lat' dir='ltr'><strong>etc.</strong></span> <span class='ocrx_word' id='word_1_52' title='bbox 606 582 617 601; x_wconf 94' lang='lat'>‚</span> <span class='ocrx_word' id='word_1_53' title='bbox 656 552 704 589; x_wconf 88' lang='lat' dir='ltr'><strong>de</strong></span> <span class='ocrx_word' id='word_1_54' title='bbox 732 554 874 605; x_wconf 87' lang='lat' dir='ltr'><strong>quibus</strong></span> <span class='ocrx_word' id='word_1_55' title='bbox 892 554 1077 604; x_wconf 87' lang='lat' dir='ltr'><strong>Vegetius</strong></span> <span class='ocrx_word' id='word_1_56' title='bbox 1094 553 1166 591; x_wconf 90' lang='lat' dir='ltr'><strong>lib.</strong></span> <span class='ocrx_word' id='word_1_57' title='bbox 1185 555 1210 593; x_wconf 80' lang='lat'><strong>3</strong></span> <span class='ocrx_word' id='word_1_58' title='bbox 1230 554 1273 591; x_wconf 89' lang='lat' dir='ltr'><strong>C.</strong></span> <span class='ocrx_word' id='word_1_59' title='bbox 1295 554 1330 591; x_wconf 93' lang='lat' dir='ltr'><strong>V</strong></span> <span class='ocrx_word' id='word_1_60' title='bbox 1347 554 1390 590; x_wconf 88' lang='lat' dir='ltr'><strong>in</strong></span> <span class='ocrx_word' id='word_1_61' title='bbox 1410 551 1616 590; x_wconf 83' lang='lat' dir='ltr'><strong>emendata</strong></span> <span class='ocrx_word' id='word_1_62' title='bbox 1639 553 1686 591; x_wconf 85' lang='lat' dir='ltr'><strong>V.</strong></span> <span class='ocrx_word' id='word_1_63' title='bbox 1713 553 1759 590; x_wconf 83' lang='lat' dir='ltr'><strong>C.</strong></span> 
     </span>
     <span class='ocr_line' id='line_1_8' title="bbox 319 607 1761 659; baseline -0.002 -10"><span class='ocrx_word' id='word_1_64' title='bbox 319 612 428 649; x_wconf 85' lang='lat' dir='ltr'><strong>Petri</strong></span> <span class='ocrx_word' id='word_1_65' title='bbox 445 610 631 647; x_wconf 84' lang='lat' dir='ltr'><strong>Soriverii</strong></span> <span class='ocrx_word' id='word_1_66' title='bbox 650 607 837 647; x_wconf 85' lang='lat' dir='ltr'>editione.</span> <span class='ocrx_word' id='word_1_67' title='bbox 894 611 1085 648; x_wconf 87' lang='lat' dir='ltr'><strong>Henricus</strong></span> <span class='ocrx_word' id='word_1_68' title='bbox 1104 607 1454 647; x_wconf 85' lang='lat' dir='ltr'><strong>Huntindoniensis</strong></span> <span class='ocrx_word' id='word_1_69' title='bbox 1473 609 1576 646; x_wconf 84' lang='lat' dir='ltr'><strong>Hist.</strong></span> <span class='ocrx_word' id='word_1_70' title='bbox 1594 609 1761 659; x_wconf 81' lang='lat' dir='ltr'><strong>Anglor.</strong></span> 
     </span>
     <span class='ocr_line' id='line_1_9' title="bbox 319 663 1762 718; baseline -0.003 -14"><span class='ocrx_word' id='word_1_71' title='bbox 319 666 392 704; x_wconf 90' lang='lat' dir='ltr'><strong>lib.</strong></span> <span class='ocrx_word' id='word_1_72' title='bbox 412 669 460 706; x_wconf 86' lang='lat'><strong>2:</strong></span> <span class='ocrx_word' id='word_1_73' title='bbox 491 664 634 716; x_wconf 73' lang='lat' dir='ltr'><strong>ubique</strong></span> <span class='ocrx_word' id='word_1_74' title='bbox 652 672 744 702; x_wconf 87' lang='lat' dir='ltr'><strong>ante</strong></span> <span class='ocrx_word' id='word_1_75' title='bbox 760 679 891 717; x_wconf 80' lang='lat' dir='ltr'><strong>regem</strong></span> <span class='ocrx_word' id='word_1_76' title='bbox 912 663 1174 718; x_wconf 86' lang='lat' dir='ltr'><strong>(Edwinum)</strong></span> <span class='ocrx_word' id='word_1_77' title='bbox 1205 663 1352 703; x_wconf 72' lang='lat' dir='ltr'><strong>vexilla</strong></span> <span class='ocrx_word' id='word_1_78' title='bbox 1376 663 1651 716; x_wconf 78' lang='lat' dir='ltr'><strong>gestabantur;</strong></span> <span class='ocrx_word' id='word_1_79' title='bbox 1688 675 1762 701; x_wconf 80' lang='lat' dir='ltr'><strong>nec</strong></span> 
     </span>
     <span class='ocr_line' id='line_1_10' title="bbox 321 719 1762 773; baseline -0.002 -14"><span class='ocrx_word' id='word_1_80' title='bbox 321 736 401 759; x_wconf 83' lang='lat' dir='ltr'><strong>non</strong></span> <span class='ocrx_word' id='word_1_81' title='bbox 420 735 497 771; x_wconf 80' lang='lat' dir='ltr'><strong>per</strong></span> <span class='ocrx_word' id='word_1_82' title='bbox 519 721 676 772; x_wconf 75' lang='lat' dir='ltr'><strong>plateas</strong></span> <span class='ocrx_word' id='word_1_83' title='bbox 695 721 802 760; x_wconf 78' lang='lat' dir='ltr'><strong>illud</strong></span> <span class='ocrx_word' id='word_1_84' title='bbox 822 735 950 773; x_wconf 80' lang='lat' dir='ltr'><strong>genus</strong></span> <span class='ocrx_word' id='word_1_85' title='bbox 970 722 1109 760; x_wconf 68' lang='lat' dir='ltr'><strong>vexilli</strong></span> <span class='ocrx_word' id='word_1_86' title='bbox 1129 721 1236 773; x_wconf 81' lang='lat' dir='ltr'><strong>quod</strong></span> <span class='ocrx_word' id='word_1_87' title='bbox 1252 722 1430 758; x_wconf 75' lang='lat' dir='ltr'><strong>Romam·</strong></span> <span class='ocrx_word' id='word_1_88' title='bbox 1446 719 1585 758; x_wconf 85' lang='lat' dir='ltr'><strong>tuffam</strong></span> <span class='ocrx_word' id='word_1_89' title='bbox 1602 726 1762 765; x_wconf 66' lang='lat' dir='ltr'><strong>vocant,</strong></span> 
     </span>
     <span class='ocr_line' id='line_1_11' title="bbox 320 774 1762 829; baseline -0.003 -13"><span class='ocrx_word' id='word_1_90' title='bbox 320 777 457 829; x_wconf 76' lang='lat' dir='ltr'><strong>Angli</strong></span> <span class='ocrx_word' id='word_1_91' title='bbox 476 778 541 815; x_wconf 83' lang='lat' dir='ltr'><strong>tuf</strong></span> <span class='ocrx_word' id='word_1_92' title='bbox 554 777 777 827; x_wconf 82' lang='lat' dir='ltr'><strong>appellant,</strong></span> <span class='ocrx_word' id='word_1_93' title='bbox 806 785 897 814; x_wconf 83' lang='lat' dir='ltr'><strong>ante</strong></span> <span class='ocrx_word' id='word_1_94' title='bbox 915 791 1002 815; x_wconf 79' lang='lat' dir='ltr'><strong>eum</strong></span> <span class='ocrx_word' id='word_1_95' title='bbox 1019 777 1181 815; x_wconf 72' lang='lat' dir='ltr'><strong>ubilibet</strong></span> <span class='ocrx_word' id='word_1_96' title='bbox 1185 778 1296 828; x_wconf 76' lang='lat' dir='ltr'><strong>ferri</strong></span> <span class='ocrx_word' id='word_1_97' title='bbox 1314 776 1475 815; x_wconf 78' lang='lat' dir='ltr'><strong>solebat.</strong></span> <span class='ocrx_word' id='word_1_98' title='bbox 1506 775 1615 814; x_wconf 87' lang='lat' dir='ltr'><strong>idem</strong></span> <span class='ocrx_word' id='word_1_99' title='bbox 1636 774 1762 813; x_wconf 78' lang='lat' dir='ltr'><strong>habe-</strong></span> 
     </span>
     <span class='ocr_line' id='line_1_12' title="bbox 322 830 1763 882; baseline -0.002 -10"><span class='ocrx_word' id='word_1_100' title='bbox 322 841 388 872; x_wconf 89' lang='lat' dir='ltr'><strong>tur</strong></span> <span class='ocrx_word' id='word_1_101' title='bbox 414 835 456 871; x_wconf 90' lang='lat' dir='ltr'><strong>in</strong></span> <span class='ocrx_word' id='word_1_102' title='bbox 479 834 723 871; x_wconf 84' lang='lat' dir='ltr'><strong>Venerabilis</strong></span> <span class='ocrx_word' id='word_1_103' title='bbox 741 832 873 870; x_wconf 88' lang='lat' dir='ltr'><strong>Bedae</strong></span> <span class='ocrx_word' id='word_1_104' title='bbox 899 835 1000 872; x_wconf 88' lang='lat' dir='ltr'><strong>Hist.</strong></span> <span class='ocrx_word' id='word_1_105' title='bbox 1025 834 1095 872; x_wconf 90' lang='lat' dir='ltr'><strong>lib.</strong></span> <span class='ocrx_word' id='word_1_106' title='bbox 1113 837 1141 875; x_wconf 84' lang='lat'><strong>2</strong></span> <span class='ocrx_word' id='word_1_107' title='bbox 1165 846 1198 870; x_wconf 91' lang='lat' dir='ltr'><strong>c.</strong></span> <span class='ocrx_word' id='word_1_108' title='bbox 1221 835 1270 874; x_wconf 85' lang='lat'><strong>16</strong></span> <span class='ocrx_word' id='word_1_109' title='bbox 1285 863 1295 881; x_wconf 97' lang='lat'><strong>,</strong></span> <span class='ocrx_word' id='word_1_110' title='bbox 1333 832 1439 871; x_wconf 89' lang='lat' dir='ltr'><strong>unde</strong></span> <span class='ocrx_word' id='word_1_111' title='bbox 1458 832 1667 871; x_wconf 84' lang='lat' dir='ltr'><strong>manifesto</strong></span> <span class='ocrx_word' id='word_1_112' title='bbox 1682 830 1763 882; x_wconf 44' lang='lat' dir='ltr'><strong>,de-</strong></span> 
     </span>
     <span class='ocr_line' id='line_1_13' title="bbox 322 888 1605 941; baseline -0.002 -13"><span class='ocrx_word' id='word_1_113' title='bbox 322 890 537 941; x_wconf 82' lang='lat' dir='ltr'><strong>sumpsisse</strong></span> <span class='ocrx_word' id='word_1_114' title='bbox 553 888 708 927; x_wconf 81' lang='lat' dir='ltr'><strong>videtur</strong></span> <span class='ocrx_word' id='word_1_115' title='bbox 722 888 1074 928; x_wconf 86' lang='lat' dir='ltr'><strong>Huutindonieusis</strong></span> <span class='ocrx_word' id='word_1_116' title='bbox 1093 891 1166 927; x_wconf 89' lang='lat' dir='ltr'><strong>iste</strong></span> <span class='ocrx_word' id='word_1_117' title='bbox 1183 891 1386 927; x_wconf 88' lang='lat' dir='ltr'><strong>Henricus.</strong></span> <span class='ocrx_word' id='word_1_118' title='bbox 1442 889 1605 926; x_wconf 79' lang='lat' dir='ltr'><strong>DousA.</strong></span> 
     </span>
    </p>

    <p class='ocr_par' dir='ltr' id='par_1_3' title="bbox 321 941 1779 2838">
     <span class='ocr_line' id='line_1_14' title="bbox 433 941 1764 998; baseline -0.005 -11"><span class='ocrx_word' id='word_1_119' title='bbox 433 959 474 996; x_wconf 86' lang='lat' dir='ltr'><strong>p·</strong></span> <span class='ocrx_word' id='word_1_120' title='bbox 493 948 547 987; x_wconf 81' lang='lat'><strong>22</strong></span> <span class='ocrx_word' id='word_1_121' title='bbox 566 959 603 982; x_wconf 82' lang='lat' dir='ltr'><strong>v·</strong></span> <span class='ocrx_word' id='word_1_122' title='bbox 628 945 668 986; x_wconf 84' lang='lat'><strong>5·</strong></span> <span class='ocrx_word' id='word_1_123' title='bbox 726 943 796 985; x_wconf 77' lang='grc' dir='ltr'><strong>τᾶν</strong></span> <span class='ocrx_word' id='word_1_124' title='bbox 815 943 1018 998; x_wconf 75' lang='grc' dir='ltr'><strong><em>βασιλικόν</em></strong></span> <span class='ocrx_word' id='word_1_125' title='bbox 1037 941 1220 997; x_wconf 83' lang='grc' dir='ltr'><strong>σταυρόν]</strong></span> <span class='ocrx_word' id='word_1_126' title='bbox 1250 945 1437 996; x_wconf 80' lang='lat' dir='ltr'><strong>intelligit</strong></span> <span class='ocrx_word' id='word_1_127' title='bbox 1456 943 1583 997; x_wconf 86' lang='lat' dir='ltr'><strong>(quod</strong></span> <span class='ocrx_word' id='word_1_128' title='bbox 1603 944 1720 981; x_wconf 77' lang='lat' dir='ltr'><strong>etiam</strong></span> <span class='ocrx_word' id='word_1_129' title='bbox 1741 955 1764 980; x_wconf 86' lang='lat' dir='ltr'><strong>a</strong></span> 
     </span>
     <span class='ocr_line' id='line_1_15' title="bbox 322 1000 1766 1052; baseline -0.001 -14"><span class='ocrx_word' id='word_1_130' title='bbox 322 1002 494 1038; x_wconf 73' lang='lat' dir='ltr'><strong>Meu‘rsio</strong></span> <span class='ocrx_word' id='word_1_131' title='bbox 516 1000 661 1052; x_wconf 89' lang='lat' dir='ltr'><strong>habeo)</strong></span> <span class='ocrx_word' id='word_1_132' title='bbox 682 1015 838 1039; x_wconf 85' lang='lat' dir='ltr'><strong>crucem</strong></span> <span class='ocrx_word' id='word_1_133' title='bbox 856 1000 1045 1052; x_wconf 80' lang='lat' dir='ltr'><strong>sphaerae</strong></span> <span class='ocrx_word' id='word_1_134' title='bbox 1063 1002 1235 1039; x_wconf 79' lang='lat' dir='ltr'><strong>terrestri</strong></span> <span class='ocrx_word' id='word_1_135' title='bbox 1254 1002 1491 1052; x_wconf 76' lang='lat' dir='ltr'><strong>impositam,</strong></span> <span class='ocrx_word' id='word_1_136' title='bbox 1523 1012 1642 1052; x_wconf 85' lang='lat' dir='ltr'><strong>quam</strong></span> <span class='ocrx_word' id='word_1_137' title='bbox 1666 1000 1766 1037; x_wconf 87' lang='lat' dir='ltr'><strong>sini-</strong></span> 
     </span>
     <span class='ocr_line' id='line_1_16' title="bbox 322 1056 1765 1109; baseline -0.002 -14"><span class='ocrx_word' id='word_1_138' title='bbox 322 1064 403 1095; x_wconf 86' lang='lat' dir='ltr'><strong>stra</strong></span> <span class='ocrx_word' id='word_1_139' title='bbox 422 1070 545 1094; x_wconf 86' lang='lat' dir='ltr'><strong>manu</strong></span> <span class='ocrx_word' id='word_1_140' title='bbox 563 1059 774 1108; x_wconf 86' lang='lat' dir='ltr'><strong>imperator</strong></span> <span class='ocrx_word' id='word_1_141' title='bbox 796 1058 985 1108; x_wconf 82' lang='lat' dir='ltr'><strong>gestabat.</strong></span> <span class='ocrx_word' id='word_1_142' title='bbox 1044 1070 1121 1109; x_wconf 92' lang='lat' dir='ltr'><strong>qua</strong></span> <span class='ocrx_word' id='word_1_143' title='bbox 1147 1071 1189 1094; x_wconf 92' lang='lat' dir='ltr'><strong>re</strong></span> <span class='ocrx_word' id='word_1_144' title='bbox 1214 1056 1257 1094; x_wconf 89' lang='lat' dir='ltr'><strong>id</strong></span> <span class='ocrx_word' id='word_1_145' title='bbox 1279 1058 1467 1094; x_wconf 87' lang='lat' dir='ltr'><strong>nimirum</strong></span> <span class='ocrx_word' id='word_1_146' title='bbox 1482 1056 1670 1093; x_wconf 84' lang='lat' dir='ltr'><strong>innuebat</strong></span> <span class='ocrx_word' id='word_1_147' title='bbox 1684 1057 1765 1092; x_wconf 88' lang='lat' dir='ltr'><strong>im-</strong></span> 
     </span>
     <span class='ocr_line' id='line_1_17' title="bbox 321 1111 1766 1164; baseline -0.001 -14"><span class='ocrx_word' id='word_1_148' title='bbox 321 1120 499 1164; x_wconf 85' lang='lat' dir='ltr'><strong>perator,</strong></span> <span class='ocrx_word' id='word_1_149' title='bbox 538 1111 630 1150; x_wconf 88' lang='lat' dir='ltr'><strong>fidei</strong></span> <span class='ocrx_word' id='word_1_150' title='bbox 655 1115 698 1150; x_wconf 89' lang='lat' dir='ltr'><strong>in</strong></span> <span class='ocrx_word' id='word_1_151' title='bbox 728 1112 927 1151; x_wconf 83' lang='lat' dir='ltr'><strong>Christum</strong></span> <span class='ocrx_word' id='word_1_152' title='bbox 954 1114 1185 1151; x_wconf 85' lang='lat' dir='ltr'><strong>crucifixum</strong></span> <span class='ocrx_word' id='word_1_153' title='bbox 1213 1113 1402 1150; x_wconf 88' lang='lat' dir='ltr'><strong>beneficio</strong></span> <span class='ocrx_word' id='word_1_154' title='bbox 1435 1112 1539 1149; x_wconf 85' lang='lat' dir='ltr'><strong>orbis</strong></span> <span class='ocrx_word' id='word_1_155' title='bbox 1572 1118 1766 1149; x_wconf 84' lang='lat' dir='ltr'><strong>terrarum</strong></span> 
     </span>
     <span class='ocr_line' id='line_1_18' title="bbox 322 1166 1766 1220; baseline -0.002 -14"><span class='ocrx_word' id='word_1_156' title='bbox 322 1170 535 1219; x_wconf 89' lang='lat' dir='ltr'><strong>imperium</strong></span> <span class='ocrx_word' id='word_1_157' title='bbox 564 1182 605 1206; x_wconf 87' lang='lat' dir='ltr'><strong>se</strong></span> <span class='ocrx_word' id='word_1_158' title='bbox 631 1170 801 1220; x_wconf 87' lang='lat' dir='ltr'><strong>potitum</strong></span> <span class='ocrx_word' id='word_1_159' title='bbox 824 1182 923 1206; x_wconf 88' lang='lat' dir='ltr'><strong>esse.</strong></span> <span class='ocrx_word' id='word_1_160' title='bbox 979 1170 1207 1220; x_wconf 87' lang='lat' dir='ltr'><strong>primusque</strong></span> <span class='ocrx_word' id='word_1_161' title='bbox 1225 1170 1280 1205; x_wconf 87' lang='lat' dir='ltr'><strong>ita</strong></span> <span class='ocrx_word' id='word_1_162' title='bbox 1297 1170 1339 1205; x_wconf 89' lang='lat' dir='ltr'><strong>in</strong></span> <span class='ocrx_word' id='word_1_163' title='bbox 1356 1170 1608 1218; x_wconf 81' lang='lat' dir='ltr'><strong>Augusteoue</strong></span> <span class='ocrx_word' id='word_1_164' title='bbox 1630 1166 1766 1217; x_wconf 86' lang='lat' dir='ltr'><strong>effingi</strong></span> 
     </span>
     <span class='ocr_line' id='line_1_19' title="bbox 324 1221 1766 1275; baseline -0.002 -12"><span class='ocrx_word' id='word_1_165' title='bbox 324 1238 366 1263; x_wconf 90' lang='lat' dir='ltr'><strong>se</strong></span> <span class='ocrx_word' id='word_1_166' title='bbox 387 1226 626 1262; x_wconf 76' lang='lat' dir='ltr'><strong>lastinianus</strong></span> <span class='ocrx_word' id='word_1_167' title='bbox 648 1226 796 1262; x_wconf 85' lang='lat' dir='ltr'><strong>curavit</strong></span> <span class='ocrx_word' id='word_1_168' title='bbox 813 1231 903 1275; x_wconf 86' lang='lat' dir='ltr'><strong>post</strong></span> <span class='ocrx_word' id='word_1_169' title='bbox 922 1223 1170 1261; x_wconf 75' lang='lat' dir='ltr'><strong>aedificatum</strong></span> <span class='ocrx_word' id='word_1_170' title='bbox 1190 1224 1512 1274; x_wconf 86' lang='lat' dir='ltr'><strong>augustissimum</strong></span> <span class='ocrx_word' id='word_1_171' title='bbox 1529 1223 1573 1261; x_wconf 87' lang='lat' dir='ltr'><strong>S.</strong></span> <span class='ocrx_word' id='word_1_172' title='bbox 1593 1221 1766 1273; x_wconf 78' lang='lat' dir='ltr'><strong>Sophiae</strong></span> 
     </span>
     <span class='ocr_line' id='line_1_20' title="bbox 323 1276 1768 1331; baseline -0.003 -13"><span class='ocrx_word' id='word_1_173' title='bbox 323 1281 542 1330; x_wconf 83' lang='lat' dir='ltr'><strong>templum·</strong></span> <span class='ocrx_word' id='word_1_174' title='bbox 532 1308 542 1327; x_wconf 89' lang='lat'><strong>,</strong></span> <span class='ocrx_word' id='word_1_175' title='bbox 587 1286 626 1317; x_wconf 91' lang='lat' dir='ltr'><strong>et</strong></span> <span class='ocrx_word' id='word_1_176' title='bbox 644 1281 691 1316; x_wconf 89' lang='lat' dir='ltr'><strong>ab</strong></span> <span class='ocrx_word' id='word_1_177' title='bbox 709 1281 779 1316; x_wconf 90' lang='lat' dir='ltr'><strong>illo</strong></span> <span class='ocrx_word' id='word_1_178' title='bbox 799 1293 896 1319; x_wconf 83' lang='lat' dir='ltr'><strong>mox</strong></span> <span class='ocrx_word' id='word_1_179' title='bbox 917 1281 1059 1331; x_wconf 87' lang='lat' dir='ltr'><strong>reliqui</strong></span> <span class='ocrx_word' id='word_1_180' title='bbox 1075 1281 1343 1329; x_wconf 86' lang='lat' dir='ltr'><strong>imperatores.</strong></span> <span class='ocrx_word' id='word_1_181' title='bbox 1399 1278 1518 1316; x_wconf 86' lang='lat' dir='ltr'><strong>refert</strong></span> <span class='ocrx_word' id='word_1_182' title='bbox 1535 1276 1707 1316; x_wconf 84' lang='lat' dir='ltr'><strong>Codinus</strong></span> <span class='ocrx_word' id='word_1_183' title='bbox 1723 1279 1768 1315; x_wconf 85' lang='lat' dir='ltr'><strong>in</strong></span> 
     </span>
     <span class='ocr_line' id='line_1_21' title="bbox 323 1330 1769 1386; baseline -0.001 -13"><span class='ocrx_word' id='word_1_184' title='bbox 323 1336 540 1386; x_wconf 83' lang='lat' dir='ltr'><strong>originibus</strong></span> <span class='ocrx_word' id='word_1_185' title='bbox 570 1335 786 1386; x_wconf 88' lang='lat' dir='ltr'><strong>Cpolitanis</strong></span> <span class='ocrx_word' id='word_1_186' title='bbox 818 1342 857 1373; x_wconf 90' lang='lat' dir='ltr'><strong>et</strong></span> <span class='ocrx_word' id='word_1_187' title='bbox 888 1334 1032 1373; x_wconf 88' lang='lat' dir='ltr'><strong>Suidas</strong></span> <span class='ocrx_word' id='word_1_188' title='bbox 1059 1330 1404 1381; x_wconf 70' lang='lat' dir='ltr'><strong>v.&#39;10vauvmv6g.</strong></span> <span class='ocrx_word' id='word_1_189' title='bbox 1478 1333 1577 1372; x_wconf 86' lang='lat' dir='ltr'><strong>haec</strong></span> <span class='ocrx_word' id='word_1_190' title='bbox 1605 1334 1769 1371; x_wconf 87' lang='lat' dir='ltr'><strong>Meursii</strong></span> 
     </span>
     <span class='ocr_line' id='line_1_22' title="bbox 321 1388 1770 1440; baseline -0.002 -10"><span class='ocrx_word' id='word_1_191' title='bbox 321 1392 447 1430; x_wconf 82' lang='lat' dir='ltr'><strong>nostri</strong></span> <span class='ocrx_word' id='word_1_192' title='bbox 476 1392 698 1428; x_wconf 84' lang='lat' dir='ltr'><strong>coniectura</strong></span> <span class='ocrx_word' id='word_1_193' title='bbox 728 1398 807 1440; x_wconf 88' lang='lat' dir='ltr'><strong>est,</strong></span> <span class='ocrx_word' id='word_1_194' title='bbox 851 1393 960 1429; x_wconf 90' lang='lat' dir='ltr'><strong>cuius</strong></span> <span class='ocrx_word' id='word_1_195' title='bbox 980 1392 1194 1429; x_wconf 84' lang='lat' dir='ltr'><strong>Mantisam</strong></span> <span class='ocrx_word' id='word_1_196' title='bbox 1222 1389 1313 1428; x_wconf 88' lang='lat' dir='ltr'><strong>vide</strong></span> <span class='ocrx_word' id='word_1_197' title='bbox 1334 1389 1385 1427; x_wconf 92' lang='lat' dir='ltr'><strong>ad</strong></span> <span class='ocrx_word' id='word_1_198' title='bbox 1403 1390 1550 1428; x_wconf 89' lang='lat' dir='ltr'><strong>librum</strong></span> <span class='ocrx_word' id='word_1_199' title='bbox 1576 1388 1624 1427; x_wconf 89' lang='lat' dir='ltr'><strong>de</strong></span> <span class='ocrx_word' id='word_1_200' title='bbox 1649 1391 1770 1428; x_wconf 85' lang='lat' dir='ltr'><strong>Luxu</strong></span> 
     </span>
     <span class='ocr_line' id='line_1_23' title="bbox 322 1445 1768 1498; baseline -0.002 -12"><span class='ocrx_word' id='word_1_201' title='bbox 322 1450 594 1486; x_wconf 86' lang='lat' dir='ltr'><strong>Romanorum</strong></span> <span class='ocrx_word' id='word_1_202' title='bbox 614 1459 700 1498; x_wconf 85' lang='lat' dir='ltr'><strong>cap.</strong></span> <span class='ocrx_word' id='word_1_203' title='bbox 719 1450 759 1489; x_wconf 92' lang='lat'><strong>8.</strong></span> <span class='ocrx_word' id='word_1_204' title='bbox 818 1445 867 1484; x_wconf 89' lang='lat' dir='ltr'><strong>de</strong></span> <span class='ocrx_word' id='word_1_205' title='bbox 884 1448 1000 1498; x_wconf 86' lang='lat' dir='ltr'><strong>globo</strong></span> <span class='ocrx_word' id='word_1_206' title='bbox 1020 1448 1270 1498; x_wconf 87' lang='lat' dir='ltr'><strong>imperatorio</strong></span> <span class='ocrx_word' id='word_1_207' title='bbox 1287 1445 1459 1485; x_wconf 83' lang='lat' dir='ltr'><strong>Isidorus</strong></span> <span class='ocrx_word' id='word_1_208' title='bbox 1476 1448 1680 1497; x_wconf 86' lang='lat' dir='ltr'><strong>Originum</strong></span> <span class='ocrx_word' id='word_1_209' title='bbox 1696 1446 1768 1484; x_wconf 83' lang='lat' dir='ltr'><strong>lib.</strong></span> 
     </span>
     <span class='ocr_line' id='line_1_24' title="bbox 326 1501 1768 1555; baseline -0.001 -15"><span class='ocrx_word' id='word_1_210' title='bbox 326 1505 394 1551; x_wconf 82' lang='lat'><strong>17,</strong></span> <span class='ocrx_word' id='word_1_211' title='bbox 427 1505 495 1555; x_wconf 93' lang='lat' dir='ltr'><strong>qui</strong></span> <span class='ocrx_word' id='word_1_212' title='bbox 517 1505 600 1541; x_wconf 90' lang='lat' dir='ltr'><strong>eius</strong></span> <span class='ocrx_word' id='word_1_213' title='bbox 618 1516 736 1541; x_wconf 91' lang='lat' dir='ltr'><strong>usum</strong></span> <span class='ocrx_word' id='word_1_214' title='bbox 756 1510 874 1555; x_wconf 88' lang='lat' dir='ltr'><strong>atque</strong></span> <span class='ocrx_word' id='word_1_215' title='bbox 893 1505 1085 1554; x_wconf 85' lang='lat' dir='ltr'><strong>originem</strong></span> <span class='ocrx_word' id='word_1_216' title='bbox 1105 1502 1156 1540; x_wconf 90' lang='lat' dir='ltr'><strong>ad</strong></span> <span class='ocrx_word' id='word_1_217' title='bbox 1167 1506 1390 1554; x_wconf 89' lang='lat' dir='ltr'><strong>Augustum</strong></span> <span class='ocrx_word' id='word_1_218' title='bbox 1405 1502 1522 1540; x_wconf 87' lang='lat' dir='ltr'><strong>refert</strong></span> <span class='ocrx_word' id='word_1_219' title='bbox 1536 1501 1599 1540; x_wconf 87' lang='lat' dir='ltr'><strong>his</strong></span> <span class='ocrx_word' id='word_1_220' title='bbox 1618 1503 1768 1540; x_wconf 85' lang='lat' dir='ltr'><strong>verbis:</strong></span> 
     </span>
     <span class='ocr_line' id='line_1_25' title="bbox 321 1557 1773 1610; baseline -0.001 -14"><span class='ocrx_word' id='word_1_221' title='bbox 321 1559 452 1610; x_wconf 82' lang='lat' dir='ltr'><strong>pilam</strong></span> <span class='ocrx_word' id='word_1_222' title='bbox 473 1560 516 1596; x_wconf 86' lang='lat' dir='ltr'><strong>in</strong></span> <span class='ocrx_word' id='word_1_223' title='bbox 540 1561 659 1610; x_wconf 78' lang='lat' dir='ltr'><strong>signa</strong></span> <span class='ocrx_word' id='word_1_224' title='bbox 681 1561 922 1597; x_wconf 67' lang='lat' dir='ltr'><strong>constituisse</strong></span> <span class='ocrx_word' id='word_1_225' title='bbox 937 1561 1075 1610; x_wconf 71' lang='lat' dir='ltr'><strong>fertur</strong></span> <span class='ocrx_word' id='word_1_226' title='bbox 1091 1559 1195 1610; x_wconf 76' lang='lat' dir='ltr'><strong>Aug</strong></span> <span class='ocrx_word' id='word_1_227' title='bbox 1171 1566 1306 1596; x_wconf 72' lang='lat' dir='ltr'><strong>«rastas</strong></span> <span class='ocrx_word' id='word_1_228' title='bbox 1322 1565 1486 1609; x_wconf 83' lang='lat' dir='ltr'><strong>propter</strong></span> <span class='ocrx_word' id='word_1_229' title='bbox 1502 1559 1679 1595; x_wconf 79' lang='lat' dir='ltr'><strong>nationes</strong></span> <span class='ocrx_word' id='word_1_230' title='bbox 1694 1557 1773 1594; x_wconf 72' lang='lat' dir='ltr'><strong>sibi</strong></span> 
     </span>
     <span class='ocr_line' id='line_1_26' title="bbox 323 1614 1771 1667; baseline -0.001 -14"><span class='ocrx_word' id='word_1_231' title='bbox 323 1617 367 1653; x_wconf 82' lang='lat' dir='ltr'><strong>in</strong></span> <span class='ocrx_word' id='word_1_232' title='bbox 387 1622 526 1654; x_wconf 81' lang='lat' dir='ltr'><strong>cuncto</strong></span> <span class='ocrx_word' id='word_1_233' title='bbox 545 1615 635 1654; x_wconf 84' lang='lat' dir='ltr'><strong>orbe</strong></span> <span class='ocrx_word' id='word_1_234' title='bbox 651 1615 862 1660; x_wconf 74' lang='lat' dir='ltr'><strong>subiectas,</strong></span> <span class='ocrx_word' id='word_1_235' title='bbox 891 1623 937 1653; x_wconf 78' lang='lat' dir='ltr'><strong>ut</strong></span> <span class='ocrx_word' id='word_1_236' title='bbox 955 1617 1084 1666; x_wconf 74' lang='lat' dir='ltr'><strong>magi-s·</strong></span> <span class='ocrx_word' id='word_1_237' title='bbox 1100 1614 1332 1667; x_wconf 86' lang='lat' dir='ltr'><strong>(legendum</strong></span> <span class='ocrx_word' id='word_1_238' title='bbox 1342 1621 1437 1666; x_wconf 88' lang='lat' dir='ltr'><strong>puto</strong></span> <span class='ocrx_word' id='word_1_239' title='bbox 1452 1615 1643 1665; x_wconf 79' lang='lat' dir='ltr'><strong>imagine)</strong></span> <span class='ocrx_word' id='word_1_240' title='bbox 1650 1614 1771 1665; x_wconf 72' lang='lat' dir='ltr'><strong>figm-</strong></span> 
     </span>
     <span class='ocr_line' id='line_1_27' title="bbox 325 1669 1772 1722; baseline -0.001 -15"><span class='ocrx_word' id='word_1_241' title='bbox 325 1685 416 1708; x_wconf 88' lang='lat' dir='ltr'><strong>ram</strong></span> <span class='ocrx_word' id='word_1_242' title='bbox 436 1670 539 1708; x_wconf 74' lang='lat' dir='ltr'><strong>orbis</strong></span> <span class='ocrx_word' id='word_1_243' title='bbox 561 1672 785 1708; x_wconf 77' lang='lat' dir='ltr'><strong>ostenderet.</strong></span> <span class='ocrx_word' id='word_1_244' title='bbox 834 1669 927 1708; x_wconf 88' lang='lat' dir='ltr'><strong>huic</strong></span> <span class='ocrx_word' id='word_1_245' title='bbox 947 1673 1052 1722; x_wconf 86' lang='lat' dir='ltr'><strong>pilae</strong></span> <span class='ocrx_word' id='word_1_246' title='bbox 1074 1672 1349 1709; x_wconf 85' lang='lat' dir='ltr'><strong>Constantinus</strong></span> <span class='ocrx_word' id='word_1_247' title='bbox 1367 1672 1534 1720; x_wconf 88' lang='lat' dir='ltr'><strong>Magnus</strong></span> <span class='ocrx_word' id='word_1_248' title='bbox 1558 1672 1655 1721; x_wconf 89' lang='lat' dir='ltr'><strong>imp.</strong></span> <span class='ocrx_word' id='word_1_249' title='bbox 1681 1683 1772 1706; x_wconf 87' lang='lat' dir='ltr'><strong>cru-</strong></span> 
     </span>
     <span class='ocr_line' id='line_1_28' title="bbox 328 1724 1771 1779; baseline -0.001 -15"><span class='ocrx_word' id='word_1_250' title='bbox 328 1740 415 1764; x_wconf 89' lang='lat' dir='ltr'><strong>cem</strong></span> <span class='ocrx_word' id='word_1_251' title='bbox 431 1725 601 1774; x_wconf 83' lang='lat' dir='ltr'><strong>addidit,</strong></span> <span class='ocrx_word' id='word_1_252' title='bbox 639 1734 738 1764; x_wconf 89' lang='lat' dir='ltr'><strong>teste</strong></span> <span class='ocrx_word' id='word_1_253' title='bbox 759 1726 979 1777; x_wconf 88' lang='lat' dir='ltr'><strong>Nicephoro</strong></span> <span class='ocrx_word' id='word_1_254' title='bbox 1009 1727 1080 1764; x_wconf 86' lang='lat' dir='ltr'><strong>lib.</strong></span> <span class='ocrx_word' id='word_1_255' title='bbox 1101 1729 1127 1767; x_wconf 91' lang='lat'>7</span> <span class='ocrx_word' id='word_1_256' title='bbox 1154 1739 1239 1779; x_wconf 84' lang='lat' dir='ltr'><strong>cap.</strong></span> <span class='ocrx_word' id='word_1_257' title='bbox 1266 1727 1318 1768; x_wconf 84' lang='lat'><strong>49</strong></span> <span class='ocrx_word' id='word_1_258' title='bbox 1351 1733 1389 1763; x_wconf 86' lang='lat' dir='ltr'><strong>et</strong></span> <span class='ocrx_word' id='word_1_259' title='bbox 1418 1727 1519 1763; x_wconf 86' lang='lat' dir='ltr'><strong>aliis.</strong></span> <span class='ocrx_word' id='word_1_260' title='bbox 1577 1724 1771 1763; x_wconf 86' lang='lat' dir='ltr'><strong>videndus</strong></span> 
     </span>
     <span class='ocr_line' id='line_1_29' title="bbox 327 1782 1772 1833; baseline -0.001 -14"><span class='ocrx_word' id='word_1_261' title='bbox 327 1784 598 1833; x_wconf 84' lang='lat' dir='ltr'><strong>amplissimus</strong></span> <span class='ocrx_word' id='word_1_262' title='bbox 617 1783 759 1820; x_wconf 87' lang='lat' dir='ltr'><strong>Caesar</strong></span> <span class='ocrx_word' id='word_1_263' title='bbox 777 1784 981 1830; x_wconf 89' lang='lat' dir='ltr'><strong>Baronius,</strong></span> <span class='ocrx_word' id='word_1_264' title='bbox 1012 1783 1363 1819; x_wconf 82' lang='lat' dir='ltr'><strong>ecclesiasticorum</strong></span> <span class='ocrx_word' id='word_1_265' title='bbox 1383 1782 1586 1819; x_wconf 87' lang='lat' dir='ltr'><strong>annalium</strong></span> <span class='ocrx_word' id='word_1_266' title='bbox 1607 1783 1772 1832; x_wconf 85' lang='lat' dir='ltr'><strong>scriptor</strong></span> 
     </span>
     <span class='ocr_line' id='line_1_30' title="bbox 326 1838 1772 1890; baseline -0.001 -14"><span class='ocrx_word' id='word_1_267' title='bbox 326 1839 486 1886; x_wconf 87' lang='lat' dir='ltr'><strong>nobilis,</strong></span> <span class='ocrx_word' id='word_1_268' title='bbox 517 1851 619 1875; x_wconf 87' lang='lat' dir='ltr'><strong>anno</strong></span> <span class='ocrx_word' id='word_1_269' title='bbox 641 1838 737 1879; x_wconf 81' lang='lat'><strong>325.</strong></span> <span class='ocrx_word' id='word_1_270' title='bbox 796 1851 873 1890; x_wconf 90' lang='lat' dir='ltr'><strong>quo</strong></span> <span class='ocrx_word' id='word_1_271' title='bbox 894 1841 1064 1889; x_wconf 84' lang='lat' dir='ltr'><strong>optimus</strong></span> <span class='ocrx_word' id='word_1_272' title='bbox 1083 1840 1296 1889; x_wconf 87' lang='lat' dir='ltr'><strong>imperator</strong></span> <span class='ocrx_word' id='word_1_273' title='bbox 1317 1838 1535 1889; x_wconf 87' lang='lat' dir='ltr'><strong>significare</strong></span> <span class='ocrx_word' id='word_1_274' title='bbox 1559 1838 1684 1875; x_wconf 83' lang='lat' dir='ltr'><strong>voluit</strong></span> <span class='ocrx_word' id='word_1_275' title='bbox 1705 1850 1772 1875; x_wconf 91' lang='lat' dir='ltr'><strong>or-</strong></span> 
     </span>
     <span class='ocr_line' id='line_1_31' title="bbox 326 1892 1772 1945; baseline -0.001 -13"><span class='ocrx_word' id='word_1_276' title='bbox 326 1896 421 1933; x_wconf 85' lang='lat' dir='ltr'><strong>bem</strong></span> <span class='ocrx_word' id='word_1_277' title='bbox 440 1907 462 1931; x_wconf 85' lang='lat' dir='ltr'><strong>a</strong></span> <span class='ocrx_word' id='word_1_278' title='bbox 478 1892 631 1931; x_wconf 85' lang='lat' dir='ltr'><strong>Christo</strong></span> <span class='ocrx_word' id='word_1_279' title='bbox 649 1896 772 1932; x_wconf 87' lang='lat' dir='ltr'><strong>crucis</strong></span> <span class='ocrx_word' id='word_1_280' title='bbox 794 1896 936 1931; x_wconf 81' lang='lat' dir='ltr'><strong>virtute</strong></span> <span class='ocrx_word' id='word_1_281' title='bbox 955 1893 1240 1945; x_wconf 86' lang='lat' dir='ltr'><strong>triumphatum</strong></span> <span class='ocrx_word' id='word_1_282' title='bbox 1258 1907 1356 1932; x_wconf 88' lang='lat' dir='ltr'><strong>esse.</strong></span> <span class='ocrx_word' id='word_1_283' title='bbox 1415 1895 1645 1944; x_wconf 84' lang='lat' dir='ltr'><strong>exemplum</strong></span> <span class='ocrx_word' id='word_1_284' title='bbox 1665 1894 1772 1930; x_wconf 89' lang='lat' dir='ltr'><strong>Con-</strong></span> 
     </span>
     <span class='ocr_line' id='line_1_32' title="bbox 328 1949 1773 2001; baseline -0.001 -14"><span class='ocrx_word' id='word_1_285' title='bbox 328 1951 489 1988; x_wconf 88' lang='lat' dir='ltr'><strong>stantini</strong></span> <span class='ocrx_word' id='word_1_286' title='bbox 517 1950 678 2000; x_wconf 86' lang='lat' dir='ltr'><strong>globum</strong></span> <span class='ocrx_word' id='word_1_287' title='bbox 708 1951 941 1987; x_wconf 81' lang='lat' dir='ltr'><strong>cruciferum</strong></span> <span class='ocrx_word' id='word_1_288' title='bbox 968 1964 1090 1999; x_wconf 70' lang='lat' dir='ltr'><strong>manu</strong></span> <span class='ocrx_word' id='word_1_289' title='bbox 1119 1951 1288 1988; x_wconf 82' lang='lat' dir='ltr'><strong>tenentis</strong></span> <span class='ocrx_word' id='word_1_290' title='bbox 1319 1951 1475 2001; x_wconf 87' lang='lat' dir='ltr'><strong>sequuti</strong></span> <span class='ocrx_word' id='word_1_291' title='bbox 1508 1956 1599 1987; x_wconf 87' lang='lat' dir='ltr'><strong>sunt</strong></span> <span class='ocrx_word' id='word_1_292' title='bbox 1629 1949 1773 2000; x_wconf 86' lang='lat' dir='ltr'><strong>reliqui</strong></span> 
     </span>
     <span class='ocr_line' id='line_1_33' title="bbox 329 2003 1771 2057; baseline -0.002 -13"><span class='ocrx_word' id='word_1_293' title='bbox 329 2008 598 2057; x_wconf 86' lang='lat' dir='ltr'><strong>imperatores.</strong></span> <span class='ocrx_word' id='word_1_294' title='bbox 656 2005 747 2043; x_wconf 80' lang='lat' dir='ltr'><strong>vide</strong></span> <span class='ocrx_word' id='word_1_295' title='bbox 766 2008 915 2057; x_wconf 88' lang='lat' dir='ltr'><strong>passim</strong></span> <span class='ocrx_word' id='word_1_296' title='bbox 931 2019 1129 2044; x_wconf 87' lang='lat' dir='ltr'><strong>nummos.</strong></span> <span class='ocrx_word' id='word_1_297' title='bbox 1185 2005 1255 2044; x_wconf 86' lang='lat' dir='ltr'><strong>sed</strong></span> <span class='ocrx_word' id='word_1_298' title='bbox 1275 2007 1528 2057; x_wconf 88' lang='lat' dir='ltr'><strong>imperatores</strong></span> <span class='ocrx_word' id='word_1_299' title='bbox 1547 2017 1626 2043; x_wconf 88' lang='lat' dir='ltr'><strong>nou</strong></span> <span class='ocrx_word' id='word_1_300' title='bbox 1650 2003 1771 2042; x_wconf 87' lang='lat' dir='ltr'><strong>modo</strong></span> 
     </span>
     <span class='ocr_line' id='line_1_34' title="bbox 328 2060 1773 2113; baseline -0.002 -13"><span class='ocrx_word' id='word_1_301' title='bbox 328 2064 372 2100; x_wconf 86' lang='lat' dir='ltr'><strong>in</strong></span> <span class='ocrx_word' id='word_1_302' title='bbox 392 2062 508 2112; x_wconf 87' lang='lat' dir='ltr'><strong>globo</strong></span> <span class='ocrx_word' id='word_1_303' title='bbox 530 2063 779 2113; x_wconf 82' lang='lat' dir='ltr'><strong>imperatorio</strong></span> <span class='ocrx_word' id='word_1_304' title='bbox 801 2062 979 2100; x_wconf 86' lang='lat' dir='ltr'><strong>ferebant</strong></span> <span class='ocrx_word' id='word_1_305' title='bbox 999 2075 1166 2111; x_wconf 89' lang='lat' dir='ltr'><strong>crucem,</strong></span> <span class='ocrx_word' id='word_1_306' title='bbox 1186 2061 1257 2099; x_wconf 89' lang='lat' dir='ltr'><strong>sed</strong></span> <span class='ocrx_word' id='word_1_307' title='bbox 1275 2068 1313 2099; x_wconf 92' lang='lat' dir='ltr'><strong>et</strong></span> <span class='ocrx_word' id='word_1_308' title='bbox 1330 2062 1455 2099; x_wconf 87' lang='lat' dir='ltr'><strong>solam</strong></span> <span class='ocrx_word' id='word_1_309' title='bbox 1473 2062 1619 2112; x_wconf 86' lang='lat' dir='ltr'><strong>absque</strong></span> <span class='ocrx_word' id='word_1_310' title='bbox 1639 2060 1773 2111; x_wconf 88' lang='lat' dir='ltr'><strong>globo.</strong></span> 
     </span>
     <span class='ocr_line' id='line_1_35' title="bbox 331 2117 1771 2169; baseline -0.002 -14"><span class='ocrx_word' id='word_1_311' title='bbox 331 2117 441 2169; x_wconf 89' lang='lat' dir='ltr'><strong>quod</strong></span> <span class='ocrx_word' id='word_1_312' title='bbox 461 2119 569 2155; x_wconf 87' lang='lat' dir='ltr'><strong>varia</strong></span> <span class='ocrx_word' id='word_1_313' title='bbox 587 2126 790 2155; x_wconf 88' lang='lat' dir='ltr'><strong>auctorum</strong></span> <span class='ocrx_word' id='word_1_314' title='bbox 810 2119 909 2166; x_wconf 87' lang='lat' dir='ltr'><strong>loca,</strong></span> <span class='ocrx_word' id='word_1_315' title='bbox 940 2125 1089 2156; x_wconf 86' lang='lat' dir='ltr'><strong>statuae</strong></span> <span class='ocrx_word' id='word_1_316' title='bbox 1113 2125 1150 2155; x_wconf 89' lang='lat' dir='ltr'><strong>et</strong></span> <span class='ocrx_word' id='word_1_317' title='bbox 1167 2119 1321 2155; x_wconf 89' lang='lat' dir='ltr'><strong>nummi</strong></span> <span class='ocrx_word' id='word_1_318' title='bbox 1338 2118 1518 2169; x_wconf 84' lang='lat' dir='ltr'><strong>probant.</strong></span> <span class='ocrx_word' id='word_1_319' title='bbox 1562 2122 1600 2153; x_wconf 88' lang='lat' dir='ltr'><strong>et</strong></span> <span class='ocrx_word' id='word_1_320' title='bbox 1617 2117 1771 2164; x_wconf 87' lang='lat' dir='ltr'><strong>Graeci,</strong></span> 
     </span>
     <span class='ocr_line' id='line_1_36' title="bbox 332 2172 1774 2225; baseline -0.001 -15"><span class='ocrx_word' id='word_1_321' title='bbox 332 2173 492 2225; x_wconf 85' lang='lat' dir='ltr'><strong>quando</strong></span> <span class='ocrx_word' id='word_1_322' title='bbox 514 2187 605 2211; x_wconf 89' lang='lat' dir='ltr'><strong>cum</strong></span> <span class='ocrx_word' id='word_1_323' title='bbox 622 2172 799 2211; x_wconf 88' lang='lat' dir='ltr'><strong>hostibus</strong></span> <span class='ocrx_word' id='word_1_324' title='bbox 822 2174 1111 2225; x_wconf 85' lang='lat' dir='ltr'><strong>confligendum</strong></span> <span class='ocrx_word' id='word_1_325' title='bbox 1131 2181 1213 2211; x_wconf 89' lang='lat' dir='ltr'><strong>erat</strong></span> <span class='ocrx_word' id='word_1_326' title='bbox 1225 2203 1235 2222; x_wconf 94' lang='lat'>‚</span> <span class='ocrx_word' id='word_1_327' title='bbox 1266 2175 1422 2224; x_wconf 89' lang='lat' dir='ltr'><strong>signum</strong></span> <span class='ocrx_word' id='word_1_328' title='bbox 1440 2172 1562 2210; x_wconf 81' lang='lat' dir='ltr'><strong>crucis</strong></span> <span class='ocrx_word' id='word_1_329' title='bbox 1581 2185 1716 2209; x_wconf 88' lang='lat' dir='ltr'><strong>secum</strong></span> <span class='ocrx_word' id='word_1_330' title='bbox 1729 2173 1774 2209; x_wconf 88' lang='lat' dir='ltr'><strong>in</strong></span> 
     </span>
     <span class='ocr_line' id='line_1_37' title="bbox 333 2228 1774 2280; baseline -0.001 -13"><span class='ocrx_word' id='word_1_331' title='bbox 333 2231 459 2267; x_wconf 85' lang='lat' dir='ltr'><strong>aciem</strong></span> <span class='ocrx_word' id='word_1_332' title='bbox 478 2229 613 2266; x_wconf 84' lang='lat' dir='ltr'><strong>efferre</strong></span> <span class='ocrx_word' id='word_1_333' title='bbox 634 2237 672 2266; x_wconf 90' lang='lat' dir='ltr'><strong>et</strong></span> <span class='ocrx_word' id='word_1_334' title='bbox 690 2228 868 2268; x_wconf 84' lang='lat' dir='ltr'><strong>hostibus</strong></span> <span class='ocrx_word' id='word_1_335' title='bbox 890 2232 1136 2268; x_wconf 86' lang='lat' dir='ltr'><strong>invictissimi</strong></span> <span class='ocrx_word' id='word_1_336' title='bbox 1155 2229 1440 2280; x_wconf 84' lang='lat' dir='ltr'><strong>propugnaculi</strong></span> <span class='ocrx_word' id='word_1_337' title='bbox 1458 2229 1587 2265; x_wconf 80' lang='lat' dir='ltr'><strong>vicem</strong></span> <span class='ocrx_word' id='word_1_338' title='bbox 1604 2228 1774 2265; x_wconf 89' lang='lat' dir='ltr'><strong>obiicere</strong></span> 
     </span>
     <span class='ocr_line' id='line_1_38' title="bbox 334 2282 1776 2337; baseline -0.001 -15"><span class='ocrx_word' id='word_1_339' title='bbox 334 2285 527 2322; x_wconf 85' lang='lat' dir='ltr'><strong>solebant.</strong></span> <span class='ocrx_word' id='word_1_340' title='bbox 586 2287 706 2323; x_wconf 82' lang='lat' dir='ltr'><strong>etiam</strong></span> <span class='ocrx_word' id='word_1_341' title='bbox 726 2287 989 2336; x_wconf 85' lang='lat' dir='ltr'><strong>Bulgarorum</strong></span> <span class='ocrx_word' id='word_1_342' title='bbox 1017 2288 1100 2337; x_wconf 80' lang='lat' dir='ltr'><strong>regi</strong></span> <span class='ocrx_word' id='word_1_343' title='bbox 1128 2285 1336 2336; x_wconf 84' lang='lat' dir='ltr'><strong>prodeunti</strong></span> <span class='ocrx_word' id='word_1_344' title='bbox 1366 2286 1409 2321; x_wconf 90' lang='lat' dir='ltr'><strong>in</strong></span> <span class='ocrx_word' id='word_1_345' title='bbox 1433 2282 1588 2321; x_wconf 88' lang='lat' dir='ltr'><strong>hostem</strong></span> <span class='ocrx_word' id='word_1_346' title='bbox 1619 2297 1776 2327; x_wconf 71' lang='lat' dir='ltr'><strong>crucem</strong></span> 
     </span>
     <span class='ocr_line' id='line_1_39' title="bbox 335 2338 1775 2391; baseline 0.001 -15"><span class='ocrx_word' id='word_1_347' title='bbox 335 2341 554 2391; x_wconf 83' lang='lat' dir='ltr'><strong>praelatam</strong></span> <span class='ocrx_word' id='word_1_348' title='bbox 581 2339 779 2377; x_wconf 82' lang='lat' dir='ltr'><strong>cedrenus</strong></span> <span class='ocrx_word' id='word_1_349' title='bbox 808 2349 940 2378; x_wconf 86' lang='lat' dir='ltr'><strong>auctor</strong></span> <span class='ocrx_word' id='word_1_350' title='bbox 968 2349 1039 2380; x_wconf 88' lang='lat' dir='ltr'><strong>est.</strong></span> <span class='ocrx_word' id='word_1_351' title='bbox 1098 2340 1298 2379; x_wconf 82' lang='lat' dir='ltr'><strong>Conradus</strong></span> <span class='ocrx_word' id='word_1_352' title='bbox 1329 2353 1352 2376; x_wconf 86' lang='lat' dir='ltr'><strong>a</strong></span> <span class='ocrx_word' id='word_1_353' title='bbox 1377 2338 1619 2377; x_wconf 86' lang='lat' dir='ltr'><strong>Liechtenau</strong></span> <span class='ocrx_word' id='word_1_354' title='bbox 1654 2340 1775 2377; x_wconf 86' lang='lat' dir='ltr'><strong>abbas</strong></span> 
     </span>
     <span class='ocr_line' id='line_1_40' title="bbox 335 2394 1775 2448; baseline -0.002 -13"><span class='ocrx_word' id='word_1_355' title='bbox 335 2396 592 2447; x_wconf 85' lang='lat' dir='ltr'><strong>Uspergensis</strong></span> <span class='ocrx_word' id='word_1_356' title='bbox 613 2397 654 2432; x_wconf 91' lang='lat' dir='ltr'><strong>in</strong></span> <span class='ocrx_word' id='word_1_357' title='bbox 675 2394 819 2432; x_wconf 88' lang='lat' dir='ltr'><strong>Chron.</strong></span> <span class='ocrx_word' id='word_1_358' title='bbox 840 2409 941 2433; x_wconf 89' lang='lat' dir='ltr'><strong>anno</strong></span> <span class='ocrx_word' id='word_1_359' title='bbox 966 2399 1094 2438; x_wconf 85' lang='lat'>1101:</span> <span class='ocrx_word' id='word_1_360' title='bbox 1124 2395 1315 2448; x_wconf 77' lang='lat' dir='ltr'><strong>referebat</strong></span> <span class='ocrx_word' id='word_1_361' title='bbox 1331 2395 1429 2432; x_wconf 74' lang='lat' dir='ltr'><strong>mila·</strong></span> <span class='ocrx_word' id='word_1_362' title='bbox 1447 2395 1680 2433; x_wconf 69' lang='lat' dir='ltr'><strong>venerabilis</strong></span> <span class='ocrx_word' id='word_1_363' title='bbox 1699 2394 1775 2432; x_wconf 78' lang='lat' dir='ltr'><strong>ah-</strong></span> 
     </span>
     <span class='ocr_line' id='line_1_41' title="bbox 339 2451 1775 2503; baseline -0.001 -14"><span class='ocrx_word' id='word_1_364' title='bbox 339 2451 410 2489; x_wconf 74' lang='lat' dir='ltr'><strong>bas</strong></span> <span class='ocrx_word' id='word_1_365' title='bbox 439 2452 657 2496; x_wconf 75' lang='lat' dir='ltr'><strong>Gerardus,</strong></span> <span class='ocrx_word' id='word_1_366' title='bbox 698 2452 768 2503; x_wconf 76' lang='lat' dir='ltr'><strong>qui</strong></span> <span class='ocrx_word' id='word_1_367' title='bbox 797 2459 891 2488; x_wconf 78' lang='lat' dir='ltr'><strong>tunc</strong></span> <span class='ocrx_word' id='word_1_368' title='bbox 918 2466 1071 2489; x_wconf 77' lang='lat' dir='ltr'><strong>cracem</strong></span> <span class='ocrx_word' id='word_1_369' title='bbox 1098 2453 1334 2490; x_wconf 79' lang='lat' dir='ltr'><strong>dominicam</strong></span> <span class='ocrx_word' id='word_1_370' title='bbox 1357 2465 1507 2501; x_wconf 81' lang='lat' dir='ltr'><strong>semper</strong></span> <span class='ocrx_word' id='word_1_371' title='bbox 1533 2452 1650 2489; x_wconf 73' lang='lat' dir='ltr'><strong>lateri</strong></span> <span class='ocrx_word' id='word_1_372' title='bbox 1672 2453 1775 2502; x_wconf 70' lang='lat' dir='ltr'><strong>regis</strong></span> 
     </span>
     <span class='ocr_line' id='line_1_42' title="bbox 338 2506 1774 2559; baseline 0 -15"><span class='ocrx_word' id='word_1_373' title='bbox 338 2509 545 2558; x_wconf 69' lang='lat' dir='ltr'><strong>,contiguas</strong></span> <span class='ocrx_word' id='word_1_374' title='bbox 567 2506 828 2558; x_wconf 73' lang='lat' dir='ltr'><strong>praeferebat.</strong></span> <span class='ocrx_word' id='word_1_375' title='bbox 888 2506 959 2544; x_wconf 87' lang='lat' dir='ltr'><strong>sed</strong></span> <span class='ocrx_word' id='word_1_376' title='bbox 986 2509 1159 2559; x_wconf 88' lang='lat' dir='ltr'><strong>loquitur</strong></span> <span class='ocrx_word' id='word_1_377' title='bbox 1183 2507 1247 2544; x_wconf 91' lang='lat' dir='ltr'><strong>hic</strong></span> <span class='ocrx_word' id='word_1_378' title='bbox 1271 2506 1318 2544; x_wconf 87' lang='lat' dir='ltr'><strong>de</strong></span> <span class='ocrx_word' id='word_1_379' title='bbox 1342 2506 1650 2545; x_wconf 85' lang='lat' dir='ltr'><strong>Christianorum</strong></span> <span class='ocrx_word' id='word_1_380' title='bbox 1668 2507 1774 2545; x_wconf 89' lang='lat' dir='ltr'><strong>bello</strong></span> 
     </span>
     <span class='ocr_line' id='line_1_43' title="bbox 339 2562 1777 2615; baseline -0.001 -14"><span class='ocrx_word' id='word_1_381' title='bbox 339 2562 525 2601; x_wconf 82' lang='lat' dir='ltr'><strong>adversus</strong></span> <span class='ocrx_word' id='word_1_382' title='bbox 542 2562 852 2600; x_wconf 81' lang='lat' dir='ltr'><strong>Mahometauos.</strong></span> <span class='ocrx_word' id='word_1_383' title='bbox 910 2564 1144 2601; x_wconf 84' lang='lat' dir='ltr'><strong>Guilielmus</strong></span> <span class='ocrx_word' id='word_1_384' title='bbox 1160 2565 1305 2615; x_wconf 78' lang='lat' dir='ltr'><strong>Tyrius</strong></span> <span class='ocrx_word' id='word_1_385' title='bbox 1325 2563 1394 2600; x_wconf 90' lang='lat' dir='ltr'><strong>lib.</strong></span> <span class='ocrx_word' id='word_1_386' title='bbox 1414 2565 1468 2604; x_wconf 81' lang='grc'>21</span> <span class='ocrx_word' id='word_1_387' title='bbox 1487 2576 1571 2615; x_wconf 88' lang='lat' dir='ltr'><strong>cap.</strong></span> <span class='ocrx_word' id='word_1_388' title='bbox 1590 2566 1641 2603; x_wconf 80' lang='lat'><strong>21</strong></span> <span class='ocrx_word' id='word_1_389' title='bbox 1665 2570 1703 2600; x_wconf 88' lang='lat' dir='ltr'><strong>et</strong></span> <span class='ocrx_word' id='word_1_390' title='bbox 1721 2565 1777 2604; x_wconf 77' lang='lat'><strong>22</strong></span> 
     </span>
     <span class='ocr_line' id='line_1_44' title="bbox 341 2617 1776 2671; baseline -0.001 -15"><span class='ocrx_word' id='word_1_391' title='bbox 341 2626 379 2656; x_wconf 90' lang='lat' dir='ltr'><strong>et</strong></span> <span class='ocrx_word' id='word_1_392' title='bbox 396 2619 466 2655; x_wconf 90' lang='lat' dir='ltr'><strong>lib.</strong></span> <span class='ocrx_word' id='word_1_393' title='bbox 492 2622 545 2659; x_wconf 79' lang='lat'><strong>22</strong></span> <span class='ocrx_word' id='word_1_394' title='bbox 568 2633 651 2670; x_wconf 84' lang='lat' dir='ltr'><strong>cap.</strong></span> <span class='ocrx_word' id='word_1_395' title='bbox 670 2622 721 2660; x_wconf 79' lang='lat'><strong>26</strong></span> <span class='ocrx_word' id='word_1_396' title='bbox 744 2618 898 2656; x_wconf 85' lang='lat' dir='ltr'><strong>docebit</strong></span> <span class='ocrx_word' id='word_1_397' title='bbox 918 2621 1113 2670; x_wconf 84' lang='lat' dir='ltr'><strong>principes</strong></span> <span class='ocrx_word' id='word_1_398' title='bbox 1139 2620 1342 2670; x_wconf 87' lang='lat' dir='ltr'><strong>proprium</strong></span> <span class='ocrx_word' id='word_1_399' title='bbox 1370 2618 1569 2671; x_wconf 86' lang='lat' dir='ltr'><strong>quendam</strong></span> <span class='ocrx_word' id='word_1_400' title='bbox 1592 2617 1776 2657; x_wconf 86' lang='lat' dir='ltr'><strong>habuisse</strong></span> 
     </span>
     <span class='ocr_line' id='line_1_45' title="bbox 339 2674 1774 2727; baseline -0.001 -15"><span class='ocrx_word' id='word_1_401' title='bbox 339 2674 593 2723; x_wconf 82' lang='lat' dir='ltr'><strong>sacerdotem,</strong></span> <span class='ocrx_word' id='word_1_402' title='bbox 624 2676 691 2727; x_wconf 87' lang='lat' dir='ltr'><strong>qui</strong></span> <span class='ocrx_word' id='word_1_403' title='bbox 708 2676 750 2711; x_wconf 89' lang='lat' dir='ltr'><strong>in</strong></span> <span class='ocrx_word' id='word_1_404' title='bbox 770 2674 1085 2726; x_wconf 84' lang='lat' dir='ltr'><strong>expeditionibus</strong></span> <span class='ocrx_word' id='word_1_405' title='bbox 1105 2689 1156 2713; x_wconf 84' lang='lat' dir='ltr'><strong>ex</strong></span> <span class='ocrx_word' id='word_1_406' title='bbox 1178 2675 1305 2713; x_wconf 86' lang='lat' dir='ltr'><strong>officio</strong></span> <span class='ocrx_word' id='word_1_407' title='bbox 1327 2677 1449 2713; x_wconf 80' lang='lat' dir='ltr'><strong>crucis</strong></span> <span class='ocrx_word' id='word_1_408' title='bbox 1467 2677 1624 2725; x_wconf 88' lang='lat' dir='ltr'><strong>signum</strong></span> <span class='ocrx_word' id='word_1_409' title='bbox 1642 2675 1774 2722; x_wconf 84' lang='lat' dir='ltr'><strong>ferret,</strong></span> 
     </span>
     <span class='ocr_line' id='line_1_46' title="bbox 340 2731 1777 2782; baseline -0.001 -15"><span class='ocrx_word' id='word_1_410' title='bbox 340 2744 459 2782; x_wconf 87' lang='lat' dir='ltr'><strong>quem</strong></span> <span class='ocrx_word' id='word_1_411' title='bbox 483 2731 551 2768; x_wconf 88' lang='lat' dir='ltr'><strong>ille</strong></span> <span class='ocrx_word' id='word_1_412' title='bbox 575 2731 756 2778; x_wconf 70' lang='lat' dir='ltr'><strong>vivfieae</strong></span> <span class='ocrx_word' id='word_1_413' title='bbox 775 2732 901 2768; x_wconf 73' lang='lat' dir='ltr'><strong>crucis</strong></span> <span class='ocrx_word' id='word_1_414' title='bbox 922 2731 1101 2769; x_wconf 78' lang='lat' dir='ltr'><strong>baiulum</strong></span> <span class='ocrx_word' id='word_1_415' title='bbox 1121 2731 1305 2782; x_wconf 88' lang='lat' dir='ltr'><strong>appellat.</strong></span> <span class='ocrx_word' id='word_1_416' title='bbox 1334 2733 1385 2769; x_wconf 89' lang='lat' dir='ltr'><strong>ist</strong></span> <span class='ocrx_word' id='word_1_417' title='bbox 1403 2738 1460 2769; x_wconf 88' lang='lat' dir='ltr'><strong>est</strong></span> <span class='ocrx_word' id='word_1_418' title='bbox 1470 2731 1690 2782; x_wconf 73' lang='lat' dir='ltr'><strong>primarius</strong></span> <span class='ocrx_word' id='word_1_419' title='bbox 1708 2743 1777 2767; x_wconf 78' lang='lat' dir='ltr'><strong>sa-</strong></span> 
     </span>
     <span class='ocr_line' id='line_1_47' title="bbox 341 2785 1779 2838; baseline 0 -15"><span class='ocrx_word' id='word_1_420' title='bbox 341 2787 473 2825; x_wconf 79' lang='lat' dir='ltr'><strong>cerdos</strong></span> <span class='ocrx_word' id='word_1_421' title='bbox 493 2787 648 2825; x_wconf 68' lang='lat' dir='ltr'><strong>Palatii</strong></span> <span class='ocrx_word' id='word_1_422' title='bbox 666 2786 870 2826; x_wconf 85' lang='lat' dir='ltr'><strong>Cedreuo&#39;</strong></span> <span class='ocrx_word' id='word_1_423' title='bbox 859 2801 902 2827; x_wconf 84' lang='grc'><strong>111</strong></span> <span class='ocrx_word' id='word_1_424' title='bbox 919 2789 1169 2827; x_wconf 81' lang='lat' dir='ltr'><strong>Constantino</strong></span> <span class='ocrx_word' id='word_1_425' title='bbox 1186 2789 1330 2828; x_wconf 86' lang='lat' dir='ltr'><strong>Leonis</strong></span> <span class='ocrx_word' id='word_1_426' title='bbox 1348 2789 1393 2827; x_wconf 83' lang='lat' dir='ltr'><strong>F.</strong></span> <span class='ocrx_word' id='word_1_427' title='bbox 1450 2794 1490 2826; x_wconf 85' lang='lat' dir='ltr'><strong>et</strong></span> <span class='ocrx_word' id='word_1_428' title='bbox 1515 2785 1591 2825; x_wconf 81' lang='lat' dir='ltr'><strong>hoc</strong></span> <span class='ocrx_word' id='word_1_429' title='bbox 1621 2787 1779 2838; x_wconf 86' lang='lat' dir='ltr'><strong>siguum</strong></span> 
     </span>
    </p>
   </div>
  </div>
 </body>
</html>
