1924 3242
406 175 502 224 204
923 177 982 221 IN
1017 177 1313 223 GEORGIUM

403 299 491 324 rum
521 284 699 331 domina,
738 289 822 321 tum
851 286 1040 336 temporis
1060 285 1102 323 in
1124 286 1216 325 ssore
1239 299 1310 324 suo
1329 298 1408 326 non
1426 287 1621 327 immerito
1640 288 1829 342 Martialis

402 343 576 380 versibus
600 340 826 390 compellari
847 343 974 391 potuit

613 403 804 433 terrarum
823 396 897 433 dea
911 397 1171 447 gentiumque
1183 397 1333 443 Roma,

615 453 681 488 cui
694 466 776 501 par
794 459 849 489 est
865 453 969 489 nihil
988 459 1024 489 et
1040 453 1144 490 nihil
1158 455 1383 491 secundum.

399 507 596 544 enimvero
615 506 689 545 hoc
705 506 872 546 Iudaeus
888 510 1051 560 scriptor
1065 516 1247 557 testatur,
1276 510 1481 546 Beniamin
1504 507 1716 562 (inquam)
1737 510 1825 547 Tu-

398 562 599 600 delensis
589 577 630 600 m
648 565 850 601 Itinerario
871 578 962 613 suo,
991 565 1060 602 ubi
1077 579 1119 603 se
1140 539 1292 616 Cpolim
1308 566 1460 603 venisse
1484 572 1522 604 et
1541 566 1644 603 inter
1663 565 1738 602 alia
1756 579 1825 602 ur·-

394 619 454 655 bis
476 618 704 657 admiranda
722 619 865 658 vidisse
883 619 1122 658 Blachernas
1141 621 1190 658 ad
1211 622 1317 659 littus
1335 622 1466 669 maris,
1497 634 1594 672 opus
1606 622 1708 672 imp.
1725 622 1824 658 Em-

392 664 616 723 manuelis,
636 676 781 714 scribit.
839 677 881 713 in
907 690 965 722 eo,
994 678 1142 728 inquit,
1176 677 1259 714 loeo
1287 677 1371 714 vida·
1390 691 1451 714 res
1468 683 1634 714 narratu
1654 676 1824 714 inc-reda:

390 729 500 767 biles.
542 731 771 783 deseruntur
788 733 892 769 enim
908 734 950 770 in
970 733 1078 770 illud
1091 732 1298 770 Palatium
1316 734 1525 784 quotannis
1540 719 1704 778 tributa,
1732 716 1825 784 qui—

390 785 463 823 hm
491 794 614 824 turre-5·
641 788 854 838 implentur
879 790 1056 826 coccinea
1076 803 1356 840 purpureaque
1382 796 1481 826 teste
1499 795 1536 825 et
1557 801 1672 832 auro,
1699 787 1756 824 ita
1777 795 1821 824 ut

389 842 537 879 nullibi
552 850 628 879 terr
628 858 742 881 arum
759 859 839 894 par
857 851 1019 882 structu]
1022 859 1075 881 ae
1093 852 1210 896 atque
1228 845 1457 882 diuitiarum
1476 843 1727 894 exemplum
1710 857 1821 880 mve—

388 899 470 934 m'rc'
493 901 631 948 possit.
692 914 726 936 a
747 908 916 937 armatur
941 909 1072 938 autem
1093 902 1215 951 ipsius
1237 901 1357 938 sollus
1375 901 1544 938 civitatis
1562 899 1748 950 vectigal,
1775 903 1829 936 ex'

374 954 486 1004 soris
495 962 616 1005 portu
635 970 684 992 ac·
700 970 782 992 met·
782 964 889 993 cator
890 971 957 993 um
977 964 1013 993 tr
1006 956 1119 993 ι’ὐιιίο
1137 957 1357 1001 collectum,
1385 957 1444 994 ad
1457 957 1601 1006 tio-inti
1615 956 1727 992 milia
1744 969 1820 992 (ιιι-

386 1023 540 1046 reorum
571 1012 613 1048 in
642 1012 820 1063 singulo-s·
849 1013 930 1050 dle-s*
953 1013 1146 1050 accedere.
1206 1014 1306 1049 vixit
1334 1011 1398 1049 hic
1423 1019 1555 1049 auctor
1573 1019 1661 1048 ante
1683 1010 1763 1051 400
1781 1017 1819 1048 et

387 1065 494 1117 quod
514 1070 686 1104 excurrit
704 1081 840 1105 annos.
898 1070 1051 1106 Nicetas
1070 1067 1278 1106 Choniates
1298 1081 1374 1105 non
1395 1081 1472 1104 uno
1491 1069 1531 1104 in
1551 1069 1635 1104 loco
1652 1063 1817 1104 nobilis-

382 1123 527 1159 simam
548 1121 649 1159 hanc
669 1124 805 1160 urbem
821 1125 919 1161 mire
939 1123 1155 1175 praedicat,
1186 1131 1407 1175 sortemque
1429 1125 1510 1160 eius
1529 1125 1609 1159 iam
1630 1136 1652 1159 a
1666 1118 1818 1160 Latinis

384 1185 521 1227 captae
554 1177 752 1229 deplorat:
796 1179 883 1216 vide
917 1182 1108 1230 imprimis
1136 1181 1309 1230 elogium
1335 1180 1440 1216 urbis
1469 1181 1511 1216 in
1535 1179 1680 1215 Alexio
1705 1179 1816 1215 Duca

385 1234 588 1271 Murzuflo.
647 1233 763 1271 habet
785 1236 826 1271 in
846 1238 1062 1286 κειμηλίοις
1085 1237 1165 1273 suis
1183 1237 1456 1272 Bonaventura
1476 1235 1687 1272 Vulcanius
1701 1234 1749 1271 V.
1770 1235 1815 1282 C,

384 1291 531 1338 optime
560 1289 608 1326 de
637 1291 777 1327 litteris
810 1291 966 1327 Graecis
999 1292 1184 1337 meritus,
1210 1291 1388 1340 Gregorii
1415 1291 1548 1341 Cyprii
1576 1287 1815 1340 patriarchae

383 1345 579 1393 Cpolitani
613 1344 913 1396 descriptionem
938 1354 976 1383 et
1005 1349 1226 1383 encomium
1253 1348 1360 1384 illius
1385 1346 1516 1394 urbis,
1545 1345 1815 1383 Emmanuelis

380 1408 582 1450 praeterea
614 1400 718 1453 Chry
720 1403 870 1439 solorae
904 1403 1110 1452 epistolas,
1144 1403 1284 1454 quibus
1315 1409 1487 1438 veterem
1510 1408 1547 1438 et
1567 1403 1717 1438 Novam
1733 1403 1815 1438 Ro-

378 1469 487 1492 mam
517 1457 619 1494 inter
649 1470 690 1494 se
725 1459 1012 1495 accuratissime
1044 1465 1254 1509 comparat.
1321 1464 1531 1509 extantque
1559 1457 1678 1508 vulgo
1707 1458 1814 1494 Petri

378 1512 489 1549 Gillii
509 1511 557 1549 de
578 1511 835 1564 topographia
854 1515 1019 1565 Cpoleos
1040 1521 1077 1551 et
1097 1513 1145 1551 de
1165 1515 1270 1552 illius
1289 1514 1582 1565 antiquitatibus
1599 1487 1812 1550 doctissimi

376 1571 667 1618 commentarii,
697 1571 755 1606 uti
780 1577 818 1607 et
840 1569 887 1606 de
911 1572 1083 1621 Bosporo
1105 1569 1288 1608 Thracio.
1345 1571 1559 1620 imaginem
1581 1581 1672 1606 vero
1692 1567 1811 1606 huius

375 1625 642 1674 amplissimae
674 1627 839 1663 civitatis
865 1625 998 1663 videre
1021 1627 1089 1678 qui
1110 1627 1236 1674 volet,
1266 1625 1380 1662 adeat
1400 1598 1450 1662 isi³
1457 1624 1678 1662 academiae
1699 1625 1811 1674 Lug-

375 1678 694 1718 duno—Batavae
723 1681 1024 1730 bibliothecam,
1063 1683 1131 1718 ubi
1163 1684 1327 1719 Turcica
1359 1682 1490 1731 Cpolis
1521 1683 1563 1718 in
1589 1681 1722 1717 tabula
1759 1676 1812 1721 11*

373 1736 527 1772 circiter
543 1736 664 1787 pedes
685 1738 853 1787 oblonga
877 1751 998 1774 manu
1023 1735 1438 1775 Melchioris‘Lorichii
1456 1737 1682 1784 felicissime
1706 1734 1810 1772 deli-

371 1798 487 1828 neata
508 1794 658 1830 visitur.
719 1792 766 1829 de
790 1793 929 1830 eadem
949 1807 1027 1830 11011
1046 1807 1169 1844 pauca
1190 1796 1307 1831 etiam
1328 1795 1366 1829 in
1391 1794 1565 1843 epistolis
1587 1799 1625 1829 et
1645 1792 1807 1828 itinera-

370 1848 438 1884 riis
471 1849 551 1885 suis
576 1850 788 1886 memoriae
811 1848 981 1900 produnt
999 1851 1262 1900 amplissimus
1284 1851 1478 1899 Augerius
1499 1848 1746 1900 Busbequius
1768 1853 1807 1884 et

370 1905 639 1941 ornatissimus
660 1905 780 1942 frater
796 1919 909 1943 meus
928 1907 1116 1956 Georgius
1134 1907 1264 1943 Dousa
1278 1935 1287 1953 ,
1319 1907 1387 1956 qui
1403 1906 1514 1942 annis
1529 1903 1804 1956 superioribus,

370 1957 465 1995 dum
486 1961 564 1997 vita
585 1959 759 2012 deusque
779 1962 979 2010 sinebant,
1010 1962 1122 2012 Cpoli
1142 1975 1231 1998 cum
1253 1968 1376 2010 esset,
1407 1974 1460 1998 ex
1480 1961 1638 2011 Georgii
1661 1960 1804 1997 Canta—

368 2017 525 2063 cuzeni,
556 2018 630 2054 viri
656 2018 792 2068 magni
821 2023 859 2054 et
883 2019 1133 2068 imperatorio
1162 2024 1365 2055 stemmate
1386 2016 1561 2063 oriundi,
1590 2013 1804 2052 bibliothe—

366 2083 434 2107 cae
465 2084 544 2109 mss
573 2072 770 2110 codicibus
798 2074 854 2110 sic
884 2076 977 2111 satis
998 2075 1207 2111 instructae
1231 2075 1413 2111 servitute
1435 2073 1646 2122 Georgium
1667 2073 1800 2121 110ἓο-

366 2125 518 2163 thetam
547 2135 725 2166 nostrum
755 2128 941 2176 redemit3
985 2131 1094 2166 cuius
1116 2132 1265 2180 primae
1289 2128 1471 2176 editioni,
1499 2128 1640 2175 lector,
1669 2129 1704 2164 si
1732 2140 1801 2163 ae-

366 2194 490 2231 quum
510 2190 548 2220 te
573 2197 618 2221 ac
640 2185 839 2222 faventem
863 2198 1040 2233 sensero,
1072 2185 1365 2222 communicabo
1392 2185 1465 2222 tibi
1486 2190 1573 2234 post
1592 2195 1672 2220 11011
1696 2184 1801 2220 visas

364 2235 555 2275 hactenus
574 2247 612 2276 et
632 2252 653 2276 a
671 2242 805 2278 multis
825 2243 1018 2291 expetitas
1036 2243 1192 2279 Ioannis
1210 2243 1384 2278 Zonarae
1401 2240 1584 2290 epistolas
1601 2237 1800 2289 theologi-

366 2306 431 2330 cas
445 2322 455 2341 ,
485 2307 618 2331 rarum
638 2294 817 2346 mihique
841 2310 974 2333 earum
995 2311 1106 2347 opus.
1166 2297 1306 2348 quibus
1332 2303 1369 2332 et
1391 2294 1468 2332 alia
1484 2295 1647 2331 fortasse
1663 2308 1800 2332 succe-

366 2348 481 2397 dent,
511 2350 662 2402 reliqua
694 2350 795 2387 mihi
816 2351 943 2389 adhuc
963 2366 1015 2389 ex
1032 2354 1142 2390 libris
1159 2366 1261 2400 mss,
1290 2364 1388 2403 quos
1410 2364 1544 2388 secum
1568 2352 1613 2387 P.
1634 2352 1689 2387 M.
1713 2351 1797 2387 fra·-

363 2412 424 2442 ter
442 2418 554 2443 meus
574 2407 686 2457 Cpoli
704 2405 877 2444 advexit.
937 2415 1133 2449 caeterum
1161 2410 1234 2445 viri
1261 2408 1422 2446 illustris
1442 2405 1630 2457 Hesychii
1652 2407 1798 2455 Milesii

364 2462 678 2512 elegantissimus
707 2463 864 2500 libellus
897 2461 945 2499 de
974 2464 1088 2501 rebus
1121 2466 1257 2514 patriis
1289 2463 1472 2513 Cpoleos,
1515 2475 1632 2513 quem
1661 2475 1798 2501 recens

364 2520 513 2554 amicus
539 2525 671 2556 noster
700 2520 864 2555 Ioannes
893 2520 1086 2556 meursius
1110 2521 1255 2556 Graece
1275 2525 1313 2555 et
1332 2520 1470 2555 Latine
1486 2520 1634 2568 primus
1653 2518 1799 2568 vulga÷

361 2575 418 2610 vit
438 2575 616 2626 notisque
638 2573 909 2612 eruditissimis
928 2575 1157 2622 illustravit,
1185 2588 1264 2612 uon
1285 2582 1342 2612 est
1364 2587 1456 2611 sane
1475 2572 1794 2624 praetereundus,
1818 2566 1826 2573 “

362 2630 538 2680 quinimo
577 2630 765 2668 ambabus
797 2631 980 2668 manibus
1007 2630 1313 2680 amplectendus.
1370 2629 1548 2667 videatur
1581 2631 1698 2666 etiam
1728 2627 1801 2677 hic·

360 2684 501 2723 eodem
536 2686 650 2724 titulo
692 2688 953 2737 conscriptum
989 2687 1223 2737 opusculum
1261 2687 1417 2736 elegans
1453 2686 1610 2735 Georgii
1640 2682 1794 2732 Codini,
1822 2736 1824 2738 v

361 2743 531 2792 orIgines
567 2742 791 2792 Cpolitanas
827 2743 1107 2793 complectens,
1161 2741 1268 2794 quod
1306 2743 1425 2780 frater
1457 2754 1569 2778 meus
1603 2741 1796 2791 Georgius

362 2797 645 2850 Heidelbergae
673 2799 768 2838 olim
791 2799 834 2836 in
857 2799 1034 2849 linguam
1059 2799 1241 2836 Latinam
1269 2812 1321 2835 ex
1343 2800 1490 2836 Graeco
1510 2796 1731 2845 transtulit,
1755 2802 1795 2834 et
