1924 3242
752 168 1011 213 ANNALEs.÷
1528 168 1595 218 49

164 274 427 337 κρώζει-οὕ
453 276 570 336 ἔργον
596 276 829 334 ἐπεβάλετο,
863 285 929 325 καὶ
951 287 1082 334 κακῶς
1099 280 1269 341 ἔφασκεν
1286 282 1380 334 τοὺς
1395 281 1591 340 λέγοντας,

161 346 242 402 εἴγε
258 347 328 390 καὶ
349 346 475 398 οὕτως
494 346 775 403 ὑπελάμβανον
792 351 858 391 καὶ
881 351 953 393 οὐκ
971 351 1157 407 ἠρέθιζον
1179 351 1298 394 αὐτὸν
1325 351 1392 394 διὰ
1410 352 1455 395 τὸ
1478 355 1591 411 σφίσι

160 415 389 471 συμφέρον,
419 413 475 466 ὡς
491 415 713 470 καταλάβοι
732 416 780 459 ἂν
806 420 861 467 εἷς
876 417 1036 475 χώρους
1053 414 1109 462 ὧν
1133 420 1205 462 οὐκ
1227 421 1431 463 ἐπίσταται
1453 420 1587 478 ἄρχειν
1609 428 1640 463 C

160 478 276 524 δέκ’»
289 481 427 533 αὗτοῒς
441 483 685 538 βασιλεύων·
719 489 852 536 καλῶς
867 486 943 542 γὰρ
963 486 1118 542 ἐγνώκει
1137 490 1202 530 καὶ
1224 487 1351 544 ἔλεγεν
1369 487 1423 539 ὥς
1442 491 1477 532 εἰ
1497 491 1591 533 δέκα

126 554 341 595 δ’τοσοῦτοι
358 555 485 609 χῶροι
504 557 562 609 τῷ
573 557 736 607 βασιλεῖ
747 552 908 610 Ἰωάννῃ
927 554 1027 610 πρὸς
1049 557 1276 598 δεσποτείαν
1295 554 1486 613 ὑπῆρχον,
1515 575 1589 600 κα-

159 622 239 668 λῶς
267 618 460 673 ἠπίστατο
488 619 639 663 τούτων
663 620 873 678 κατάρχειν
897 623 962 664 καὶ
990 622 1214 676 βασιλεύειν
1230 626 1296 666 καὶ
1320 624 1523 677 διασώζειν
1545 627 1588 668 ἐκ

157 690 239 728 τῶν
265 687 436 744 ἐχθρῶν.
502 689 576 731 εἴτε
598 694 694 744 γοῦν
714 690 782 732 διὰ
803 694 953 742 ταῦτα,
983 690 1058 733 εἴτε
1079 693 1144 732 καὶ
1166 695 1368 747 τρυφῆσαι
1390 694 1445 742 εἷς
1466 693 1588 750 ἄκρον

159 754 200 797 ἔν
228 761 312 804 τοῖς
343 760 415 810 τῆς
441 757 745 800 Κωνσταντίνου
771 759 1064 813 βεβουλημένος
1091 763 1248 809 καλοῖς,
1286 757 1357 800 δύο
1389 761 1589 811 ἐνιαυτοὺς

157 821 266 872 ἐντὸς
283 821 407 878 αὐτῆς
426 823 596 878 διήνυσε.
663 824 779 881 μόγις
798 831 893 880 γοῦν
910 825 1081 883 τριήρεις
1097 825 1360 881 οἰκονομήσας
1380 829 1446 868 καὶ
1464 828 1588 885 στρά-

102 897 284 944 toreuma
309 893 601 948 συναθροίσας,
636 891 729 936 ὅσον
756 891 831 947 εἶχε
859 894 959 951 πρὸς
981 893 1172 948 δύναμιν,
1206 894 1309 937 κατὰ
1327 899 1399 949 τῆς
1417 896 1467 937 ἕω
1488 895 1587 950 ἐχώ-

156 974 274 1014 ρησε,
309 961 374 1000 καὶ
397 961 484 1016 περὶ
505 960 551 1002 τὸ
574 964 646 1015 τῆς
663 960 908 1015 Λαμψάκου
933 963 1154 1016 ε’λλιμενίζει
1176 961 1358 1019 νεώριον,
1388 970 1592 1020 προσεχῶς

153 1029 212 1082 τῷ
238 1023 326 1068 τότε
354 1031 427 1069 τοῦ
455 1029 651 1082 βασιλέως
675 1028 860 1072 Ἰωάννου
888 1031 930 1071 ἐκ
956 1035 1028 1085 τῆς
1051 1031 1154 1073 κατὰ
1177 1035 1249 1074 τοῦ
1271 1033 1481 1088 Καίσαρος
1499 1035 1539 1073 Γ
1536 1051 1584 1075 α-
1606 1043 1638 1077 D

151 1097 264 1147 ,Βαλᾶ
281 1092 415 1150 μάχης
434 1094 761 1153 ὑποστρέψαντος
770 1120 786 1149 ,-
818 1097 862 1139 ὃν
884 1098 952 1140 διὰ
971 1099 1232 1156 νεωτερισμὸν
1247 1101 1482 1153 ἐμαχέσατο.

288 1162 365 1208 28.
427 1161 476 1206 Ὅ
504 1165 577 1218 μὲν
603 1159 674 1207 οὖν
699 1166 887 1219 βασιλεὺς
916 1169 1004 1225 περὶ
1034 1167 1085 1209 τὰ
1110 1173 1181 1222 τῆς
1202 1170 1380 1217 Σταδίας
1397 1169 1498 1225 μέρη
1518 1169 1591 1219 τὰς

100 1236 144 1272 15
156 1228 370 1283 σκηνώσεις
393 1231 626 1285 ποιούμενος
657 1238 714 1290 τῷ
739 1233 1007 1291 Παλαιολόγῳ
1020 1235 1277 1292 Ἀνδρονίκῳ,
1314 1236 1358 1278 ὃν
1375 1237 1499 1292 μέγαν
1520 1239 1590 1278 δο-

152 1297 337 1350 μέστικον
363 1296 461 1351 εἶχε,
495 1301 583 1356 περὶ
603 1294 650 1341 οὗ
671 1302 735 1342 καὶ
757 1302 900 1356 μικρὸν
919 1301 1097 1355 πρόσθεν
1113 1303 1300 1358 εῗρήκειν,
1329 1304 1380 1345 τὰ
1398 1303 1590 1359 στρατεύ-

151 1382 264 1418 ματα
290 1368 356 1407 καὶ
386 1366 479 1416 τοὺς
505 1370 750 1423 στρατηγοὺς
786 1368 1013 1425 παραδούς,
1048 1372 1113 1411 καὶ
1139 1372 1200 1412 ἐπὶ
1226 1370 1297 1425 τὴν
1317 1375 1438 1426 νῆσον
1452 1370 1589 1414 Ῥόδον

151 1432 351 1490 τριήρεσιν
371 1434 524 1485 ἱκαναῖς
542 1437 608 1477 καὶ
628 1439 784 1486 λοιπαῖς
807 1438 1086 1487 ἓξαποστεᾶας
1105 1440 1267 1490 ναυσίν,
1300 1439 1342 1480 εἴ
1360 1456 1445 1488 πως
1467 1444 1593 1496 βριαε

152 1499 326 1558 ρώτερον
349 1503 545 1557 ἓπιτεθείη
565 1507 622 1560 τῷ
645 1503 850 1561 ἀποστάτῃ
878 1507 944 1547 καὶ
967 1505 1260 1561 καταβλάψειεν
1283 1504 1343 1556 οἷς
1361 1505 1440 1549 οἶδε
1459 1506 1590 1563 λόγοις

96 1573 224 1623 Ξοτῆς
263 1571 523 1626 στρατηγίας,
567 1571 700 1625 ἐπειδὴ
728 1577 856 1614 ταῦτα
884 1572 988 1615 οὕτω
1019 1577 1197 1630 συμβαίη
1223 1576 1290 1616 καὶ
1315 1574 1418 1616 κατὰ
1441 1575 1588 1617 σκοπὸν

145 1634 307 1693 Ἰωάννῃ
326 1642 383 1694 τῷ
398 1642 562 1692 βασιλεῖ
576 1638 626 1680 τὰ
644 1641 731 1695 περὶ
754 1640 822 1681 τὸν
839 1642 1030 1698 Καίσαρα
1059 1642 1229 1696 γένοιτο,
1266 1641 1441 1692 ἀκούσας
1460 1644 1504 1685 δὲ
1522 1645 1589 1685 καὶ

151 1701 208 1755 ὥς
232 1702 253 1746 ὅ
277 1704 350 1762 ρὴξ
379 1703 480 1763 ἐξῄει
498 1710 569 1761 τῆς
587 1708 890 1751 Κωνσταντίνου
912 1712 977 1750 καὶ
994 1705 1147 1764 βὸυλὴν
1164 1710 1245 1764 ἔχοι
1262 1714 1514 1767 προσοκεῖλαι
1539 1716 1589 1768 τῇ

241 1813 265 1847 9
289 1810 393 1857 μόγις
419 1814 533 1859 γοῦν]
567 1814 630 1849 καὶ
657 1815 689 1849 D
872 1817 916 1850 10
946 1814 1193 1859 συναθροίσας
1221 1835 1268 1842 -
1294 1814 1451 1860 δύναμιν
1475 1829 1527 1852 om
1554 1817 1587 1852 D

241 1854 310 1902 τήν
330 1859 360 1892 Ι)
496 1861 536 1894 11
559 1860 626 1895 τοῦ
650 1860 680 1895 Ι)
818 1862 861 1897 16
882 1860 1027 1905 περὶ-
1045 1859 1198 1905 εἰρήκειν
1216 1873 1268 1895 om
1288 1862 1318 1896 D
1457 1863 1500 1898 17
1524 1862 1587 1897 καὶ

240 1901 332 1943 τοὺς
361 1902 585 1959 στρατηγορς
616 1916 668 1939 om
697 1905 729 1940 D
911 1909 952 1942 18
982 1905 1142 1951 τριήρεσι
1165 1906 1226 1941 καὶ
1249 1907 1356 1941 ναυσὶ
1383 1906 1524 1948 στείλας
1555 1908 1586 1942 D

239 1947 297 1994 βρ.
315 1947 384 1984 τὸν
404 1946 616 1994 ἄποστατην
633 1963 711 1985 κατ.
730 1951 762 1984 D
880 1953 923 1987 19
947 1949 1003 1991 οἷς
1019 1974 1063 1980 -
1078 1964 1112 1998 p.
1124 1952 1214 1995 50,4
1227 1949 1402 1998 ἐφέρετο]
1424 1952 1487 1988 καὶ
1506 1951 1585 1988 ἐπεὶ

240 1993 359 2029 ταῦτα
372 1993 466 2030 κατὰ
488 1994 627 2031 σκοπὸν
646 1996 779 2042 συνέβη
797 1997 849 2044 τῷ
870 1998 1010 2044 βασιλεῖ
1023 1998 1067 2033 D.
1140 2017 1143 2019 >

150 2087 187 2120 et
201 2085 286 2131 quod
303 2096 417 2120 manus
433 2087 528 2132 operi
542 2087 728 2131 iniecisset3
752 2093 788 2123 et
805 2089 888 2123 male
903 2101 962 2124 eos
975 2100 1126 2124 asserere
1141 2088 1367 2123 contendebat
1379 2114 1389 2132 ‚
1408 2088 1438 2124 si
1452 2089 1518 2135 ipsi
1533 2091 1588 2124 ta-

152 2141 228 2166 men
241 2130 291 2165 ita
305 2131 465 2166 sentirent
478 2144 587 2177 neque
602 2134 707 2178 ipsum
723 2140 861 2179 propter
876 2135 1013 2180 propria
1029 2135 1200 2169 commoda
1216 2134 1429 2179 pronitatem,
1453 2147 1526 2170 eum
1543 2136 1587 2170 ad

148 2175 223 2210 loca
243 2187 451 2212 accessurum
473 2178 591 2220 fuisse,
615 2190 702 2224 quae
723 2180 870 2214 dominus
888 2181 1016 2215 illorum
1032 2193 1072 2214 ac
1087 2180 1270 2225 imperator
1284 2179 1512 2215 administrare
1527 2192 1588 2215 ne-

149 2221 268 2257 sciret:
291 2233 432 2268 namque
455 2224 606 2269 apprime
621 2225 765 2259 callebat
778 2252 786 2268 ‚
811 2226 965 2270 dictoque
980 2227 1153 2267 firmabat,
1176 2225 1303 2259 etiamsi
1318 2225 1428 2259 decies
1443 2230 1498 2260 tot
1512 2226 1588 2260 loca

148 2265 193 2301 td
206 2267 384 2311 regendum
401 2269 516 2302 Ioanni
533 2269 725 2323 imperatori
741 2276 977 2316 suppeterent,
999 2272 1124 2318 optime
1139 2283 1213 2304 eum
1229 2270 1284 2304 illa
1298 2281 1402 2314 agere
1420 2270 1588 2304 moderari

148 2311 303 2356 tuerique
317 2313 360 2347 ab
376 2314 526 2348 hostibus
542 2327 639 2349 scire.
685 2316 758 2350 sive
776 2316 896 2350 etenim
915 2318 1030 2351 horum
1045 2327 1165 2357 causa,
1188 2317 1260 2349 sive
1275 2315 1374 2349 etiam
1388 2316 1478 2360 quod
1491 2317 1587 2361 cpo-

148 2355 262 2390 litanis
285 2358 444 2393 luxuriari
467 2360 593 2394 deliciis
615 2372 656 2394 ac
678 2362 772 2395 bonis
798 2362 938 2396 animum
962 2362 1098 2407 implere
1119 2361 1244 2402 vellet,
1268 2360 1352 2398 duos
1368 2361 1401 2394 in
1422 2373 1462 2395 ea
1481 2372 1586 2395 annos

150 2401 274 2445 exegit.
317 2404 451 2439 tandem
475 2405 663 2440 triremibus
686 2407 857 2451 apparatis
881 2412 915 2441 et
941 2407 1110 2449 collectis,
1144 2406 1195 2441 uti
1218 2410 1375 2451 poterat,
1401 2406 1523 2453 copiis,
1551 2407 1586 2440 in

149 2445 311 2481 orientem
331 2450 542 2494 progreditur
567 2457 602 2485 et
627 2453 714 2496 apud
729 2453 946 2497 Lampsacum
962 2458 1093 2498 portum
1109 2452 1221 2497 capit,
1247 2452 1371 2485 Ioanne
1384 2450 1427 2485 im
1454 2457 1588 2486 eratore

147 2503 169 2526 a
191 2491 280 2526 bello
305 2503 377 2528 cum
400 2496 546 2530 Caesare
562 2497 710 2540 Gabala,
732 2509 827 2543 quem
843 2503 980 2543 propter
996 2503 1118 2533 motam
1133 2497 1330 2532 seditionem
1345 2497 1430 2532 debe
1455 2503 1584 2539 averat,

148 2542 247 2582 gesto
263 2538 469 2573 continenter
481 2552 644 2586 regresso.

238 2583 293 2618 28.
337 2584 521 2629 Imperator
547 2587 582 2621 in
604 2587 746 2622 Stadiae
767 2587 919 2633 partibus
944 2587 1167 2622 tabernaculis
1190 2587 1329 2632 positis,
1366 2586 1586 2622 Andronicum

148 2627 385 2673 Palaeologum
408 2639 557 2675 magnum
575 2632 787 2671 domesticum
798 2661 808 2676 ‚
831 2633 875 2667 de
890 2644 955 2678 quo
970 2645 1072 2679 supra
1086 2634 1228 2667 diximus
1242 2659 1252 2676 ,
1276 2632 1381 2678 copiis
1395 2645 1436 2667 ac
1450 2633 1588 2666 ducibus

148 2673 283 2708 traditis
296 2674 330 2707 in
343 2674 479 2709 insulam
494 2676 647 2713 Rhodum
663 2689 734 2712 cum
750 2679 940 2713 triremibus
951 2705 959 2719 ‚
982 2690 1068 2723 quae
1084 2678 1166 2712 satis
1183 2682 1297 2712 essent
1307 2705 1317 2722 ‚
1341 2683 1376 2712 et
1400 2678 1471 2711 aliis
1492 2678 1586 2711 navi-

147 2718 211 2753 bus
236 2719 390 2762 dimittit,
416 2725 453 2753 ut
473 2721 611 2757 validius
635 2724 792 2758 rebellem
807 2724 984 2758 invaderet
1001 2730 1036 2758 et
1050 2723 1186 2757 militiae
1201 2734 1284 2768 quas
1301 2728 1444 2757 noverat
1460 2722 1587 2756 artibus

147 2763 365 2810 opprimeret.
411 2765 495 2799 haec
521 2777 595 2801 cum
618 2768 668 2802 ita
694 2770 846 2813 perfecta
869 2774 1005 2811 essent,
1029 2778 1150 2812 resque
1174 2774 1292 2803 eontra
1316 2767 1495 2802 Caesarem
1524 2778 1586 2811 pro

144 2809 312 2844 sententia
325 2810 536 2856 imperatoris
550 2812 683 2848 loannis
697 2814 934 2858 successisset,
956 2825 1019 2850 nec
1039 2824 1104 2849 non
1118 2813 1259 2850 relatum
1274 2814 1324 2848 illi
1338 2813 1459 2849 suisset
1472 2822 1586 2857 regem

203 2861 333 2908 Georg.
362 2858 514 2909 Acro‘pol.
544 2865 666 2900 Annal.
1284 2860 1311 2903 4
