1924 3242
318 221 379 266 38
940 221 1120 266 IOELIS

446 334 570 378 Μετὰ
595 333 639 375 δὲ
661 330 942 376 Κωνστάντιον
971 335 1221 388 ἐβασίλευσεν
1237 334 1451 386 Ἰουλιανὸς
1471 334 1538 390 ἴτη
1553 333 1609 389 β’,
1644 338 1751 378 Καΐ-

264 410 294 447 Β
317 402 395 458 σαρ
419 402 462 443 δὲ
483 401 629 456 ἐγένετο
653 399 719 454 ἴτη
740 398 776 442 δ’
801 402 869 442 καὶ
890 405 1019 456 μῆνας
1041 400 1074 451 ζ
1085 415 1096 427 ·
1132 401 1176 452 ὃς
1207 403 1338 444 πολλὰ
1371 403 1474 445 κακὰ
1507 403 1610 446 κατὰ
1642 406 1751 461 Χρι-

316 472 488 511 στιανῶν
517 467 785 522 ἐνδειξάμενος
814 469 854 510 ἓν
873 471 1044 526 Περσίδι
1061 468 1138 511 ὑπὸ
1158 474 1230 523 τῆς
1248 472 1366 520 θείας
1385 472 1496 525 δίκης
1519 471 1751 528 ἀναιρεῖται,

318 537 415 578 {aar
437 534 492 578 ὢν
514 534 564 577 λ’.
618 539 621 543 ’

450 603 575 646 Μετὰ
594 603 638 645 δὲ
651 602 863 646 ’Ῑουλιανὸν
880 604 1131 659 ἐβασίλευσεν
1145 603 1374 657 Ἰοβινιανός
1389 609 1520 659 μῆνας
1534 603 1587 659 η’,
1616 603 1661 655 ὃς
1674 603 1752 648 ὕπὸ
1763 612 1786 647 5

317 673 390 712 τοῦ
423 674 598 727 στρατοῦ
628 673 888 724 κατασχεθεὶς
917 675 973 722 εἲς
999 673 1045 714 τὸ
1077 673 1129 714 τὰ
1158 676 1230 726 τῆς
1253 674 1459 725 βασιλείας
1480 672 1756 723 ὑποδέξασθαι

316 736 504 791 σύμβολα
516 770 530 790 ,
564 738 716 793 λέγεται
740 740 841 795 πρὸς
866 739 911 781 τὸ
941 738 1209 796 στρατόπεδον
1239 740 1432 795 εἰρηκέναι
1465 740 1523 794 μὴ
1554 739 1757 782 δύνασθαι

313 803 537 858 βασιλεύειν
569 805 700 848 αὐτῶν
726 804 781 855 ὡς
801 805 878 849 ὕπὸ
896 807 1114 850 Ἰουλιανοῧ
1134 808 1427 865 μολυνθέντων.
1493 806 1581 850 τότε
1604 806 1757 857 πάντας

315 877 391 931 μιᾷ
418 878 533 929 φωνῇ
564 873 834 930 ἀποκριθῆναι
864 875 1014 930 λέγεται
1040 874 1100 917 ὅτι
1127 874 1239 930 ἡμεῖς
1259 876 1502 931 Χριστιανοί
1525 876 1655 930 ἐσμεν,
1689 876 1758 917 καὶ

317 938 422 982 οὕτω
439 940 511 995 τὴν
531 943 738 995 βασιλειάν
759 942 932 991 ἐδέξατο.
1001 943 1092 984 ἀλλ’
1127 937 1243 992 οὗτος
1272 941 1293 984 ὃ
1317 943 1482 997 εὐσεβὴς
1499 945 1565 985 καὶ
1587 941 1756 996 θαυμά-
1770 952 1813 988 10

314 1024 402 1057 σιος
427 1009 529 1061 μετὰ
556 1007 594 1063 η’
624 1013 755 1062 μῆνας
783 1014 855 1063 τῆς
886 1011 1011 1052 αὐτοῦ
1029 1011 1236 1063 βασιλείας
1255 1011 1295 1051 ἓν
1317 1014 1375 1066 τῷ
1394 1009 1656 1067 ὑποστρέφειν
1679 1010 1758 1052 ἇπό

313 1079 386 1128 τῆς
405 1077 608 1132 Περσίδος
628 1075 873 1132 ἐτελεύτησε,
907 1078 1009 1133 μέγα
1037 1079 1185 1128 πένθος
1218 1079 1465 1133 καταλείψας
1494 1082 1544 1135 τῇ
1571 1079 1759 1138 ἐκκλησίᾳ

314 1144 382 1184 καὶ
403 1145 516 1192 λαοῖς
538 1142 700 1186 ἅπασιν.

262 1213 293 1247 C
448 1211 574 1253 Μετὰ
595 1212 638 1253 δὲ
656 1212 889 1265 Ἰοβινιανὸν
910 1212 1162 1267 ἐβασίλευσεν
1186 1212 1512 1263 Οὖαλεντινιανὸς
1527 1212 1593 1268 ἴτη
1613 1210 1682 1267 ιβ’,
1715 1210 1760 1262 ὃς

312 1276 415 1330 μετὰ
432 1276 467 1318 λ’
486 1276 639 1333 ἡμέρας
655 1282 728 1331 τῆς
749 1280 873 1320 αὐτοῦ
891 1278 1187 1336 ἀναγορεύσεως
1203 1280 1273 1322 τὸν
1293 1278 1437 1322 ἑαυτοῦ
1457 1280 1631 1337 ἀδελφὸν
1646 1278 1758 1322 Οὗᾶ-
1771 1290 1814 1326 15

315 1348 430 1385 λεντα
449 1345 492 1386 ἔκ
502 1346 702 1394 Παιονίας
715 1346 1080 1401 μεταπεμψάμενος
1099 1347 1287 1389 κοινωνὸν
1301 1351 1373 1401 τῆς
1387 1349 1593 1401 βασιλείας
1614 1363 1760 1404 προσε-

314 1410 474 1464 λάβετο,
509 1411 554 1461 ὃς
573 1412 667 1462 τοὺς
687 1413 907 1469 αἳρετικοὺς
926 1419 1155 1471 συγκροτῶν
1178 1415 1224 1456 οὔ
1249 1416 1417 1457 διέλιπεν
1437 1414 1675 1465 ἐπισκόπους
1694 1417 1761 1457 καὶ

314 1479 607 1535 πρεσβυτέρους
628 1482 695 1522 καὶ
715 1479 923 1532 διακόνους
943 1485 1010 1524 καὶ
1034 1483 1157 1532 λαοὺς
1179 1483 1362 1539 ἐξορίζων
1381 1485 1448 1524 καὶ
1472 1487 1636 1525 πλεῖστα
1659 1483 1761 1525 ἀθέ-

314 1563 414 1599 μιτα
446 1548 514 1588 καὶ
544 1546 734 1601 ὥμότατα
769 1549 873 1591 κατὰ
902 1554 974 1604 τῆς
1006 1555 1080 1592 τοῦ
1110 1554 1212 1592 θεοῦ
1235 1552 1444 1605 ἐκκλησίας
1462 1548 1760 1605 μηχανώμενος.

315 1613 482 1670 ὕστερον
512 1615 555 1656 δὲ
578 1622 662 1665 τοῖς
678 1617 719 1656 Γ
715 1613 853 1667 ότθοις
879 1615 1051 1671 πόλεμον
1073 1617 1292 1671 συμβαλών
1313 1620 1379 1659 καὶ
1403 1618 1506 1660 κατὰ
1525 1616 1671 1674 κράτος
1686 1616 1816 1672 {rc-20

316 1683 455 1734 τηθεὶς
478 1680 612 1737 φεύγει
632 1683 706 1725 σὺν
724 1684 872 1738 ὀλίγοις
891 1687 946 1734 εἰς
967 1685 1114 1739 οἴκημα
1125 1716 1139 1736 ,
1174 1686 1216 1726 ἐν
1236 1679 1269 1742 ᾦ
1287 1689 1428 1727 τοῦτον
1448 1686 1698 1727 κατέκαυσαν
1725 1686 1763 1727 οἱ

317 1748 497 1802 πολέμιοι
526 1749 599 1792 σὺν
630 1757 714 1799 τοῖς
745 1755 932 1794 συνοῦσιν
961 1753 1071 1810 αὐτῷ
1100 1754 1167 1794 καὶ
1189 1753 1300 1809 αὐτῷ
1323 1750 1530 1805 οἰκήματι,
1571 1751 1763 1805 βασιλεύ-

261 1828 294 1863 1)
317 1832 445 1857 σαντα
465 1816 633 1866 ἀνοσίως
649 1817 715 1871 ἔτη
737 1816 803 1860 ιδ’.
874 1819 1201 1869 Οὖαλεντινιανὸς
1223 1820 1266 1861 δὲ
1288 1818 1309 1860 ὃ
1329 1820 1454 1874 μέγας
1473 1821 1516 1861 ἔκ
1531 1823 1611 1861 τῶν
1629 1824 1762 1876 μερῶν

317 1886 389 1935 τῆς
406 1885 583 1934 Γαλλίας
605 1884 737 1928 ἐλθών
758 1885 984 1942 ἐτελειώθη,
1018 1885 1289 1945 κληρονόμους
1306 1891 1376 1942 τῆς
1394 1885 1539 1930 ἑαυτοῦ
1555 1886 1762 1942 βασιλείας

410 1991 493 2026 Post
503 1991 736 2028 Constantium
750 1994 899 2029 Iulianus
914 1994 1084 2041 imperium
1099 1995 1204 2030 tenuit
1218 2005 1321 2029 annos
1337 1994 1431 2029 duos.
1479 1994 1636 2029 Caesaris
1650 1994 1760 2040 digni-

320 2038 394 2069 tate
410 2037 544 2071 functus
560 2042 611 2072 est
626 2050 729 2073 annos
744 2044 888 2084 quatuor
905 2052 1032 2075 menses
1048 2052 1118 2075 sex.
1165 2041 1193 2074 is
1209 2052 1287 2074 cum*
1297 2040 1458 2074 adversus
1474 2040 1684 2074 Christianos
1697 2052 1760 2085 pe-

318 2085 405 2114 stem
419 2093 460 2115 ac
475 2083 653 2127 perniciem
667 2086 914 2120 machinaretur
925 2113 935 2130 ,
973 2086 1006 2120 in
1021 2085 1162 2120 Perside
1181 2096 1309 2130 poenas
1327 2085 1461 2119 divinae
1475 2084 1623 2119 iustitiae
1637 2095 1761 2130 graves

318 2125 491 2171 iustasque
506 2130 670 2173 persolvit
683 2131 804 2164 aetatis
819 2143 979 2165 annorum
993 2132 1141 2175 triginta.

408 2172 569 2207 Extincto
584 2175 710 2209 Iuliano
725 2176 919 2211 Iovinianus
942 2177 1113 2222 imperium
1136 2175 1265 2210 obtinet
1279 2184 1408 2209 menses
1423 2176 1511 2208 octo.
1558 2173 1611 2207 bic
1627 2184 1701 2208 cum
1716 2174 1760 2207 ab

319 2217 469 2250 exercitu
486 2219 527 2252 ad
542 2219 670 2263 imperii
684 2221 828 2264 insignia
842 2222 1069 2267 accipiendum
1085 2224 1281 2266 cogeretur,
1315 2231 1353 2253 se
1369 2230 1482 2253 eorum
1493 2244 1504 2260 ,
1527 2220 1687 2264 tanquam
1703 2219 1759 2267 qui

317 2271 340 2292 a
353 2260 480 2295 Iuliano
497 2269 609 2297 essent
626 2266 860 2308 contaminati,
891 2267 1031 2311 imperio
1056 2278 1121 2300 non
1144 2277 1241 2310 posse
1255 2275 1412 2310 praeesse
1427 2264 1609 2309 respondit.
1656 2274 1760 2309 quare

320 2316 434 2339 omnes
450 2318 514 2340 una
532 2320 626 2352 voce,
648 2314 687 2342 ut
702 2311 821 2354 fertur,
845 2312 1071 2345 acclamarunt
1087 2308 1106 2322 ‘³
1118 2322 1179 2344 nos
1195 2309 1378 2344 Christiani
1392 2306 1545 2343 sumus.”
1591 2309 1639 2343 sic
1653 2309 1759 2355 impe-

320 2350 403 2384 rium
419 2353 559 2396 accepit.
597 2365 712 2387 verum
729 2355 780 2388 hic
796 2355 870 2400 pius
885 2360 985 2401 atque
1001 2356 1209 2390 admirandus
1223 2359 1303 2400 post
1316 2354 1445 2398 imperii
1459 2355 1509 2388 sui
1525 2365 1653 2388 menses
1667 2358 1760 2399 octo,

320 2406 392 2428 cum
409 2407 430 2429 a
445 2396 580 2431 Perside
596 2399 733 2441 rediret,
759 2402 860 2433 rebus
875 2402 1017 2436 terrenis
1033 2401 1186 2443 excessit,
1207 2399 1380 2434 ecclesiam
1396 2404 1431 2434 et
1445 2400 1634 2434 universam
1649 2400 1761 2435 multi-

317 2440 465 2475 tudinem
477 2443 607 2486 ingenti
621 2444 711 2477 luctu
725 2444 887 2479 afficiens.

409 2487 493 2521 Post
507 2488 713 2522 lovinianum
728 2490 979 2523 Valentinianus
993 2489 1164 2535 imperium
1178 2489 1270 2523 rexit
1284 2500 1388 2524 annos
1403 2490 1594 2526 duodecim.
1640 2490 1670 2524 is
1685 2490 1758 2524 Va-

318 2530 441 2565 lentem
457 2533 606 2575 fratrem,
621 2539 794 2579 postquam
810 2535 1020 2568 renuntiatus
1038 2539 1128 2568 esset
1141 2535 1183 2568 im
1210 2539 1332 2577 erator,
1349 2535 1487 2579 triginta
1503 2535 1621 2569 diebus
1636 2535 1759 2581 elapsis

318 2586 363 2608 ex
380 2575 524 2611 Paeonia
545 2579 689 2613 accitum
713 2580 872 2623 collegam
895 2580 1027 2625 imperii
1043 2580 1134 2614 fecit.
1215 2580 1305 2613 alens
1321 2580 1499 2614 haereticis
1516 2581 1670 2615 addictus
1686 2592 1705 2614 e
1729 2580 1759 2614 i·-

321 2631 444 2665 scopos
457 2623 653 2657 sacerdotes
669 2629 704 2657 et
719 2625 891 2668 diaconos,
907 2636 1035 2659 omnem
1047 2625 1191 2669 denique
1205 2625 1336 2670 plebem
1352 2626 1474 2659 acerbe
1488 2631 1645 2660 vexatam
1659 2626 1712 2660 exi
1726 2625 1757 2658 'o

320 2665 483 2702 multabat
493 2694 504 2711 ‚
537 2670 677 2715 plurima
691 2669 790 2715 impia
804 2670 862 2704 illa
877 2671 1007 2715 quidem
1024 2670 1293 2714 atrocissimaque
1308 2675 1426 2704 contra
1440 2670 1495 2704 dei
1510 2671 1681 2705 ecclesiam
1695 2681 1758 2714 ag-

319 2721 467 2753 gressus.
502 2715 634 2748 tandem
651 2726 723 2749 cum
740 2716 863 2749 Gothis
877 2715 978 2749 armis
995 2715 1153 2749 dimicans
1168 2715 1317 2749 afflictus
1334 2728 1374 2750 ac
1388 2720 1514 2750 stratus
1531 2727 1603 2750 cum
1617 2715 1758 2749 nonnul—

321 2755 363 2788 lis
377 2756 506 2801 fugiens
522 2759 556 2792 in
573 2760 740 2803 tugurium
754 2771 792 2794 se
806 2760 945 2806 recipit:
970 2760 1018 2795 ibi
1041 2772 1108 2795 una
1134 2771 1206 2794 cum
1234 2761 1302 2794 suis
1328 2766 1364 2794 et
1388 2761 1523 2806 tugurio
1549 2759 1688 2794 flammis
1711 2761 1755 2793 ab

322 2801 473 2837 hostibus
487 2805 678 2849 absumptus
693 2810 763 2849 est,
796 2817 870 2840 cum
891 2806 991 2851 impie
1012 2817 1081 2839 rem
1097 2805 1261 2851 publicam
1277 2806 1540 2840 administrasset
1554 2816 1656 2839 annos
1671 2816 1757 2850 qua-

321 2851 515 2886 tuordecim.
542 2850 793 2886 Valentinianus
807 2851 950 2896 Magnus
965 2851 1108 2887 eGallia
1122 2851 1256 2886 rediens
1271 2851 1359 2887 diem
1374 2851 1460 2887 obiit
1473 2856 1677 2893 extremum3
1696 2850 1759 2885 im-
