1924 3242
327 166 409 239 ‘so
729 190 961 245 GEORGII
983 189 1363 244 AGROPOLITAE

343 322 489 356 στικον,
507 304 572 346 καὶ
589 306 684 359 γοῦν
703 307 774 358 τῆς
795 303 894 361 πρὸς
913 304 985 354 τὰς
997 303 1149 361 Σέρρας
1169 301 1385 361 φερούσης,
1405 302 1460 355 ὥς
1478 298 1590 359 ε’ἶχεν,
1607 294 1757 360 ἥψατο.

342 373 482 427 σχεδὸν
501 370 540 413 δ’
562 371 681 414 ἐκεῖσε
701 370 904 427 γενόμενος
922 371 1089 427 ἐπήξατό
1110 389 1151 415 τε
1172 372 1244 422 τὰς
1260 371 1407 427 σκηνὰς
1425 374 1490 414 καὶ
1511 372 1603 415 κατ’
1627 373 1757 416 αὐτῶν

285 451 317 485 D
339 437 741 495 ἐστρατοπεδεύσατο,
773 438 915 482 οὔκουν
941 441 1014 494 μὲν
1041 440 1098 482 δι’
1132 437 1349 493 ἀξιομάχου
1379 445 1554 497 στρατοῦ
1585 440 1652 495 (οὖ
1678 441 1758 498 γὰρ

333 507 512 562 ηὐμοίρει
530 505 721 550 τοσούτου
738 506 839 560 τότε,
871 507 1010 557 καθὼς
1029 506 1270 565 εῗρήκαμεν),
1301 509 1516 567 στρατηγίᾳ
1537 508 1581 550 δὲ
1599 509 1667 550 καὶ
1682 525 1755 562 με-

331 572 579 627 θοδεύμασιν
601 576 779 631 ἐπειρᾶτο
797 579 868 618 τοῦ
889 575 1049 625 ἄστεως.
1116 576 1197 616 ἐπεὶ
1225 575 1265 616 δ’
1297 575 1339 616 αἶ
1361 575 1508 632 Σέρραι
1537 573 1660 617 πάλαι
1685 576 1790 629 μὲνὸ

332 639 483 698 «ὑπῆρχε
500 640 614 692 πόλις
634 644 808 698 μεγίστη,
843 641 864 684 ὃ
887 644 930 685 δὲ
950 640 1185 699 Βούλγαρος
1197 639 1380 697 Ἰωάννης
1395 642 1496 696 μετὰ
1512 645 1591 684 τῶν
1612 645 1759 693 λοιπῶν
1799 689 1802 692 ⁴

334 711 624 752 Μακεδονικῶν
646 702 810 753 Λπόλεων
840 713 906 752 καὶ
939 709 1086 765 ταύτην
1120 708 1386 766 πολιορκήσας
1414 708 1672 766 κατήρειψεν,
1706 707 1763 760 ὥς

334 775 448 831 κώμη
465 775 553 819 τότε
571 776 768 833 ἐτύγχανε,
802 782 873 832 τῆς
893 777 1142 834 ἀκροπόλεως
1159 776 1283 832 μόνης
1302 776 1676 834 περιτετειχισμένης
1693 777 1761 819 καὶ

334 844 640 901 ηὖτρεπισμένης
670 846 863 895 δέξασθαι
891 845 1082 899 πόλεμον,
1119 839 1168 900 ἧς
1189 845 1320 903 φύλαξ
1339 841 1387 900 ἦν
1410 845 1508 902 ἀνὴρ
1527 842 1762 902 Βούλγαρος

337 911 562 968 Δραγωτᾶς
591 913 662 967 τὴν
693 917 853 967 κλῆσιν,
897 915 938 963 ἐς
965 914 1187 956 Μελενίκου
1218 913 1290 963 τὰς
1319 911 1488 968 οἰκήσεις
1514 909 1760 966 ποιούμενος.
1773 919 1818 954 10

338 980 420 1021 ἐπεὶ
448 984 543 1034 γοῦν
572 978 599 1033 ’ἧ
628 979 734 1022 κάτω
766 979 879 1030 πόλις
905 983 1065 1037 Σερρῶν
1094 981 1310 1034 ἀτείχιστος
1335 976 1384 1035 ἦν
1414 982 1571 1035 (λίθοις
1594 981 1661 1035 καὶ
1684 979 1762 1036 γὰρ

336 1045 476 1100 μόνοις
485 1079 498 1099 ,
534 1048 729 1101 ἀσβέστου
759 1050 872 1102 δίχα,
907 1050 973 1090 καὶ
993 1049 1050 1103 μὴ
1073 1049 1303 1103 ἀνηγμένοις
1322 1051 1377 1098 εἷς
1393 1047 1502 1102 ὕψος
1517 1047 1568 1090 τὰ
1585 1051 1762 1103 τεθραυ-

337 1115 462 1166 σμένα
488 1113 592 1168 τάχα
618 1115 954 1172 περιεφράγνυτο)
967 1148 981 1167 ,
1024 1116 1117 1165 τοὺς
1143 1118 1204 1158 ἐπὶ
1227 1120 1367 1173 μισθῷ
1393 1122 1476 1165 τοΐς
1504 1112 1764 1171 στρατιώταις

338 1180 614 1233 δουλεύοντας,
650 1182 719 1232 οὓς
737 1185 801 1224 καὶ
826 1182 1134 1234 Τζουλούκωνας
1155 1181 1181 1236 ἡ
1199 1184 1348 1236 χυδαία
1366 1186 1521 1237 γλῶττα
1539 1179 1764 1235 κατονομά-

219 1256 249 1289 P
270 1255 315 1293 41
339 1250 414 1300 ζει,
459 1251 731 1306 συναθροίσας
761 1247 781 1290 ὅ
810 1250 998 1302 βασιλεὺς
1028 1254 1224 1305 κρατῆσαι
1252 1248 1399 1303 ταύτης
1429 1249 1613 1305 ἠρέθισεν
1621 1279 1635 1300 ,
1681 1249 1763 1291 ἐπεὶ
1777 1254 1818 1292 15

334 1321 415 1359 τῶν
442 1316 665 1371 ἀναγκαίων
694 1315 919 1367 ἐσπάνιζον,
964 1316 1009 1357 οἳ
1029 1318 1094 1358 καὶ
1117 1316 1276 1358 οἴκοθεν
1297 1319 1491 1359 ἐκινοῦντο
1514 1315 1614 1372 πρὸς
1632 1315 1678 1358 τὸ
1699 1315 1767 1358 εὗ·-

332 1388 504 1440 πορῆσαι
523 1388 601 1425 τῶν
617 1385 833 1440 χρειωδῶν.
902 1382 1068 1439 δρῶντες
1101 1384 1144 1425 δὲ
1173 1386 1238 1426 καὶ
1271 1384 1343 1438 τὴν
1364 1382 1502 1440 χώραν
1522 1384 1765 1437 εὐεπίβατον,

329 1452 381 1493 τὰ
398 1450 494 1500 τόξα
514 1449 720 1504 λαβόντες,
756 1450 811 1492 ἔτι
836 1451 878 1492 δὲ
898 1453 963 1492 καὶ
985 1450 1174 1503 σπάθας,
1207 1452 1277 1494 καί
1290 1469 1400 1502 τινας
1419 1453 1583 1502 σανίδας
1603 1452 1766 1502 ἐξαυτο-

333 1517 610 1573 σχεδιάσαντες
631 1517 685 1568 ὥς
706 1519 896 1570 ἀσπίδας,
932 1521 997 1561 καὶ
1015 1517 1162 1569 ταύτας
1185 1521 1511 1575 προβεβλημένοι,
1543 1519 1589 1561 τὸ
1611 1517 1765 1574 ἀρεΐκὸν

337 1585 606 1636 ἀλαλάξαντες
623 1591 800 1642 χωροῦσι
821 1586 923 1628 κατὰ
942 1591 1014 1641 τῆς
1028 1585 1167 1643 χώρας
1195 1588 1398 1640 αὖτοβοεί,
1432 1588 1497 1628 καὶ
1524 1587 1565 1628 ἐν
1592 1585 1639 1627 οὗ
1665 1589 1820 1641 πολ-20

334 1658 422 1703 λαῖς
453 1653 576 1710 ὥραις
605 1654 713 1703 ἐντὸς
735 1655 921 1708 ἐγένοντο.
990 1653 1222 1696 σκυλεύουσι
1253 1658 1348 1708 γοῦν
1378 1654 1428 1695 τὰ
1457 1653 1766 1710 παρευρεθέντα.

336 1721 374 1762 οἳ
399 1721 444 1762 δέ
464 1738 506 1775 γε
526 1720 653 1771 ἐντός,
689 1720 775 1763 ὅσοι
793 1721 850 1775 μὴ
873 1719 1165 1777 ἐπεφθάκεισαν
1185 1724 1240 1771 εἷς
1260 1721 1332 1776 τὴν
1354 1720 1568 1778 ἀκρόπολιν
1588 1721 1766 1777 ἀναδρα-

335 1794 446 1841 μεῖν,
482 1788 604 1830 ἱκέται
634 1788 733 1844 πρὸς
760 1787 829 1830 τὸν
856 1789 1024 1841 βασιλέα
1053 1786 1227 1844 ἐξῄεσαν.
1294 1790 1376 1830 ἐπεὶ
1403 1789 1441 1841 δ’
1476 1787 1497 1830 ὅ
1518 1791 1675 1846 κρατῶν
1693 1792 1767 1831 τοῦ

424 1879 509 1925 τός,
535 1880 651 1916 ἱκέται
670 1879 763 1924 πρὸς
780 1880 847 1916 τὸν
867 1880 1016 1928 βασιλέα
1031 1876 1133 1926 ἧκον.
1179 1882 1242 1916 καὶ
1259 1880 1279 1917 ὁ
1299 1883 1497 1926 Δραγωτᾶς
1514 1879 1766 1927 διαπρεσβεύε-

424 1939 487 1967 ται
503 1926 598 1970 πρὸς
613 1925 679 1961 τὸν
696 1926 861 1971 βασιλέα,
885 1927 947 1961 καὶ
962 1926 1128 1972 χρήματα
1145 1927 1206 1961 καὶ
1224 1926 1382 1972 ἐσθῆτας
1402 1925 1595 1972 δεξάμενος
1611 1925 1653 1961 τὸ
1675 1924 1766 1961 ἄστυ

426 1970 595 2007 δέδωκεν.
621 1970 796 2015 ὑπέσχετο
815 1970 853 2006 δὲ
874 1973 1006 2007 δοῦναι
1023 1972 1085 2007 καὶ
1102 1972 1301 2008 Μελέυικον
1317 1974 1349 2007 D
1438 1974 1483 2008 23
1501 1970 1639 2007 οἰκέται
1651 1972 1766 2016 vulgo.

335 2049 442 2084 visum
458 2053 528 2093 est,
553 2054 588 2083 et
602 2050 643 2083 ad
662 2051 782 2084 Serras
797 2050 883 2091 iter,
906 2054 982 2084 utut
996 2051 1125 2095 potuit,
1148 2051 1352 2094 ingreditur,
1375 2049 1590 2094 proximeque
1603 2049 1766 2083 accedens

336 2095 490 2128 tentoriis
506 2095 641 2128 structis
658 2100 767 2129 castra
783 2100 935 2138 metatur,
962 2107 1026 2129 non
1043 2096 1209 2130 exercitus
1225 2095 1351 2129 viribus
1365 2095 1483 2135 fidens,
1500 2105 1598 2139 quem
1613 2093 1765 2137 exiguum

336 2151 376 2173 ac
392 2140 542 2184 pusillum
559 2141 659 2174 fuisse
676 2140 828 2176 diximus,
875 2142 950 2174 hinc
964 2141 1156 2174 militaribus
1172 2141 1300 2174 artibus
1316 2152 1356 2173 ac
1369 2139 1496 2173 insidiis
1511 2140 1626 2172 urbem
1644 2149 1766 2183 aggre-

335 2185 435 2220 ditur.
483 2185 605 2218 Serrae
629 2186 763 2228 antiquo
788 2197 871 2219 aevo
889 2186 1007 2220 civitas
1025 2186 1185 2228 maxima,
1219 2185 1428 2230 postmodum
1443 2195 1463 2217 a
1480 2184 1764 2227 Ioanne'Bulgaro

335 2239 402 2262 una
424 2240 495 2262 cum
520 2230 592 2262 aliis
608 2230 831 2263 Macedonicis
855 2230 990 2264 urbibus
1014 2231 1184 2264 obsidione
1209 2235 1304 2275 septa
1327 2230 1464 2273 soloque
1479 2233 1642 2272 aequata,
1674 2229 1764 2263 cuius

335 2273 440 2306 veluti
458 2278 593 2316 apertus
608 2276 800 2318 prestabat,
837 2287 913 2309 arce
927 2280 1054 2309 tantum
1069 2275 1168 2308 muris
1184 2275 1420 2319 circumsepta,
1453 2274 1566 2317 sicque
1581 2284 1765 2307 accommo-

335 2318 416 2352 data
430 2322 467 2350 ut
482 2318 601 2351 bellum
618 2324 729 2363 posset
743 2319 908 2363 excipere.
962 2321 1047 2353 illius
1074 2320 1243 2354 custodiae
1267 2319 1319 2352 vir
1331 2319 1495 2363 Bulgarus
1510 2318 1680 2362 Dragotas
1701 2330 1767 2352 no-

334 2362 435 2406 mine,
458 2362 614 2396 Melenici
630 2364 740 2396 sedem
757 2364 898 2405 habens,
915 2365 1119 2408 invigilabat.
1167 2376 1238 2398 cum
1253 2375 1332 2408 ergo
1347 2364 1519 2397 Serrarum
1533 2364 1614 2396 urbs
1627 2363 1764 2397 inferior

335 2408 462 2452 absque
477 2408 647 2441 moenibus
666 2411 776 2450 esset,
807 2409 930 2453 quippe
946 2421 1031 2452 quae
1046 2410 1134 2443 saxis
1150 2414 1275 2442 tantum
1290 2409 1415 2453 absque
1432 2409 1544 2450 calce,
1580 2419 1642 2442 nec
1665 2408 1706 2442 iis
1727 2409 1763 2442 in

334 2452 537 2486 altitudinem
552 2453 705 2495 sublatis,
728 2453 762 2485 iu
778 2452 858 2486 locis
873 2464 1036 2488 murorum
1053 2454 1216 2497 quassatis
1231 2453 1442 2498 disiectisque
1458 2453 1662 2496 cingebatur,
1678 2464 1764 2487 mer-

334 2497 419 2531 cede
433 2497 612 2531 conductos
627 2498 760 2531 militum
776 2498 916 2531 famulos
927 2525 937 2540 ‚
970 2510 1052 2542 quos
1068 2499 1276 2532 Tzucalonas
1291 2499 1409 2542 vulgus
1423 2499 1534 2542 lingua
1547 2498 1685 2544 propria
1700 2509 1763 2531 no-

334 2543 455 2585 minat,
483 2542 516 2576 in
532 2554 630 2576 unum
647 2554 850 2586 exaggerans
866 2543 1045 2587 imperator
1061 2544 1102 2577 ad
1119 2555 1190 2577 eam
1206 2544 1444 2587 occupandam,
1480 2554 1550 2577 cum
1567 2543 1763 2577 necessariis

332 2587 593 2621 destituerentur
605 2613 616 2629 ,
652 2589 773 2632 quique
788 2588 882 2621 domo
899 2589 1024 2632 egressi
1041 2589 1172 2630 fuerant
1187 2593 1224 2621 ut
1242 2589 1303 2621 sibi
1318 2590 1431 2622 futura
1447 2588 1518 2622 usui
1536 2587 1763 2622 subministra—

332 2637 425 2675 rent,
449 2632 613 2666 incitavit.
658 2633 692 2666 hi
719 2644 791 2666 cum
815 2633 919 2667 locum
945 2633 1036 2666 aditu
1059 2633 1187 2666 facilem
1212 2633 1391 2678 vidissent,
1415 2633 1562 2678 acceptis
1581 2633 1711 2677 sagittis
1725 2637 1761 2666 et

333 2678 485 2720 ensibus,
516 2682 551 2711 et
574 2677 738 2711 nonnullis
763 2678 886 2712 tabulis
908 2678 942 2711 in
968 2678 1094 2711 modum
1117 2678 1204 2711 scuti
1230 2690 1273 2712 ex
1293 2684 1460 2723 tempore,
1499 2678 1616 2723 quibus
1639 2688 1760 2721 corpus

333 2723 569 2767 defenderent,
615 2723 799 2756 detornatis
809 2748 820 2764 ,
867 2723 1037 2757 classicum
1061 2724 1268 2757 concinentes
1299 2724 1334 2757 in
1363 2724 1476 2758 urbem
1515 2724 1588 2768 ipso
1618 2723 1760 2756 clamore

333 2767 516 2814 irrumpunt
527 2793 538 2810 ,
562 2771 596 2802 et
609 2779 674 2802 non
688 2773 763 2813 post
777 2769 894 2802 multas
910 2769 1008 2802 horas
1023 2769 1194 2802 introeunt
1203 2794 1213 2809 ‚
1239 2769 1339 2802 obvia
1353 2780 1506 2813 quaeque
1519 2767 1663 2812 rapiunt.
1715 2777 1758 2800 ex

334 2812 481 2859 civibus,
504 2813 700 2859 quicumque
723 2813 758 2848 in
783 2823 892 2849 arcem
915 2825 982 2849 nou
1003 2813 1238 2857 convolarunt,
1273 2814 1440 2861 supplices
1465 2813 1507 2848 ad
1526 2812 1759 2859 imperatorem
