1858 3236
326 205 394 253 96
712 208 1086 255 οοΝεΤΑΝΤιΝι
1122 200 1386 259 M'ANASSIS
1427 264 1439 270 x

459 322 526 364 καὶ
545 320 745 377 συνεχέσιν
761 320 905 380 ἤρδευε
922 328 1013 375 ταῖς
1024 326 1352 384 μεγαλοδωρίαις.

457 388 599 432 τοῦτόν
618 406 743 447 φασιν
761 391 799 433 οἷ
815 392 991 435 παλαιὰν
1010 391 1239 450 γράψαντες
1261 394 1452 453 ἱστορίαν,

455 457 740 514 ἐπιτρεχόντων
759 464 964 515 πολλαχοῦ
984 462 1139 518 μυρίων
1155 463 1353 515 πολεμίων

455 526 522 566 καὶ
544 530 678 568 πᾶσαν
699 526 773 582 τὴν
782 525 1013 583 Ῥωμαϊκὴν
1028 528 1293 586 πορθούντων
1315 531 1381 572 καὶ
1402 527 1624 589 κειρᾶντων,

320 594 430 634 2205
446 592 668 650 χρημάτων
693 594 967 653 ἀπορούμενον
974 627 988 648 ,
1023 595 1288 654 σφιγγόμενον
1303 599 1432 658 ἐνδείᾳ

455 663 521 702 καὶ
543 662 787 717 μηδαμόθεν
806 663 946 719 &oum
965 664 1139 722 στρατὸν
1163 664 1462 722 ἅντεφοπλίσαι,

268 729 300 764 D
457 728 527 771 τὸν
548 728 699 785 κόσμον
716 731 786 775 τὸν
802 735 1006 786 βασίλειον
1026 733 1067 774 ἐν
1086 732 1212 792 ἀγορᾷ
1229 737 1454 790 προθεῖναι,

455 795 618 840 ξ’πιπλον
635 804 714 841 πᾶν
721 801 953 858 χρυσοϋφὲς
962 832 974 852 ,
1009 799 1335 858 περιπορφύρους
1352 800 1500 854 κάνδυς

454 867 523 906 καὶ
541 866 666 924 στέφη
685 867 978 925 καταμάργαρα
998 870 1063 910 καὶ
1082 870 1218 920 κλίνας
1236 868 1535 926 λιθοστρώτους

319 933 432 974 2210
449 931 573 988 αὐτήν
596 952 640 977 τε
661 939 795 978 πᾶσαν
816 936 890 991 τὴν
913 936 1104 994 λαμπρὰν
1121 936 1266 992 στολὴν
1285 942 1357 992 τῆς
1374 939 1594 992 βασιλείας,

457 1003 523 1043 καὶ
546 1001 677 1046 πάντα
699 1004 768 1046 τὸν
784 1003 1030 1058 βουλόμενον
1044 1008 1212 1063 κηρῦξαι
1234 1007 1409 1066 δημοσίᾳ

456 1068 646 1112 ὠνεῖσθαι
666 1071 717 1113 τὰ
737 1074 971 1129 προκείμενα
989 1074 1115 1128 μηδέν
1136 1090 1175 1116 τι
1193 1074 1411 1116 δειλιῶντα.

453 1136 625 1181 ὠνοῦντο
641 1140 715 1193 μὲν
732 1140 770 1181 οἱ
785 1141 992 1193 θέλοντες,
1027 1143 1093 1183 καὶ
1109 1140 1303 1198 χρήματα
1325 1146 1516 1197 συνῆκτο·

456 1203 477 1246 ὅ
503 1207 695 1259 βασιλεὺς
714 1208 758 1250 δέ
775 1213 832 1266 τῷ
851 1213 1010 1267 στρατῷ
1029 1211 1248 1266 σκορπίσας
1262 1209 1307 1252 τὸ
1327 1211 1496 1267 χρυσίον

316 1273 428 1314 2215
451 1272 715 1330 ἅντεπεξῆλθε
735 1283 817 1326 τοῖς
835 1277 1018 1334 ἐχθροῖς,
1053 1278 1118 1318 καὶ
1141 1276 1274 1331 μάχην
1294 1275 1566 1334 συγκροτήσας

410 1393 412 1397 Δ
451 1342 555 1384 κατὰ
576 1343 728 1397 πολλὴν
749 1343 949 1400 εὐχέρειαν
967 1348 1047 1386 τῶν
1066 1346 1270 1398 δυσμενῶν
1284 1343 1453 1402 ἐκράτει,

453 1411 519 1450 καὶ
544 1412 700 1466 τρέψας
718 1410 871 1461 πάντας
890 1414 945 1462 εἷς
969 1412 1099 1469 φυγὴν
1118 1414 1184 1454 καὶ
1204 1414 1356 1462 κτείνας
1374 1415 1440 1454 καὶ
1458 1411 1678 1464 σκυλεύσας

197 1465 227 1499 P
249 1465 296 1502 45
454 1476 572 1527 ὅλους
591 1480 744 1520 ἐκεῖθεν
760 1479 999 1536 θησαυροὺς
1018 1477 1211 1534 ἐκτήσατο
1226 1479 1461 1538 χρημάτων,

450 1547 516 1586 καὶ
534 1544 652 1588 πάλιν
666 1545 860 1603 χρήματα
882 1549 1052 1605 προθεὶς
1067 1553 1140 1602 τῆς
1161 1548 1311 1606 ἀγορᾶς
1331 1549 1498 1608 ἐνμέσῳ

315 1612 426 1654 2220
444 1612 639 1670 ἐκήρυσσε
657 1615 727 1657 τὸν
747 1615 920 1658 θέλοντα
941 1614 1161 1670 λαμβάνειν
1182 1616 1226 1658 τὸ
1239 1617 1409 1673 χρυσίον

449 1683 515 1722 καὶ
535 1683 578 1723 τὸ
603 1683 773 1736 κτηθὲν,
810 1685 844 1725 εἲ
859 1682 1069 1737 βούλοιτο,
1097 1682 1217 1725 πάλιν
1232 1682 1483 1727 ἀποδιδόναι.

449 1743 565 1799 οὗτος
588 1752 654 1791 καὶ
673 1749 854 1793 Λεύκιον
870 1751 1054 1808 γαμβρὸν
1075 1751 1144 1794 τὸν
1164 1752 1238 1794 σὺν
1260 1752 1370 1810 αὐτῷ
1390 1753 1615 1809 κρατοῦντα

451 1817 639 1872 ἐκπέμπει
660 1818 937 1874 πολεμήσοντα
953 1817 1148 1877 Πάρθοις
1167 1826 1251 1871 τοῖς
1273 1818 1526 1879 φιλομάχοις,

407 1956 501 1992 2202
529 1957 683 1994 παλαιοὶ
712 1959 747 1994 R
899 1959 1037 2004 22047
1015 1960 1087 2016 γῆν
1114 1960 1154 1995 Μ
1289 1959 1400 2016 κειμ]
1434 1956 1669 2003 κρατούντων
1695 1957 1767 1993 ΑΜ

405 2004 498 2038 2208
519 2002 680 2047 κόσμους
700 2005 740 2040 Μ
881 2006 973 2041 2209
1005 2004 1139 2050 στέφος
1158 2004 1442 2053 καταμᾶργαρον
1461 2007 1496 2042 R
1583 2006 1676 2042 2210
1696 2008 1764 2054 βα-

406 2049 543 2092 σιλίδος
563 2050 602 2085 Μ
735 2051 829 2087 2220
852 2049 1031 2096 μέλλοντα
1051 2051 1092 2087 Μ

314 2171 469 2209 ficiebat.
515 2175 744 2219 prodiderunt
763 2176 807 2210 de
828 2175 895 2210 hoc
912 2176 1096 2212 memoriae
1118 2176 1305 2222 scriptores
1324 2174 1544 2211 historiarum
1557 2175 1678 2221 prisci,
1699 2187 1763 2211 va-

314 2219 377 2253 riis
395 2220 496 2255 bellis
521 2222 672 2266 undique
700 2222 941 2266 ingruentibus
970 2234 1170 2276 omnemque
1189 2223 1359 2257 dicionem
1383 2221 1571 2256 Romanam
1593 2222 1763 2257 vastanti-

314 2267 378 2300 bus
403 2277 478 2300 eum
496 2267 665 2310 pecuniae
683 2267 925 2302 laborantem
915 2269 1056 2321 inopia,
1079 2280 1155 2303 cum
1173 2268 1263 2302 nullo
1290 2273 1391 2312 pacto
1410 2279 1543 2301 armare
1563 2272 1684 2312 posset
1701 2280 1763 2302 ex—

312 2312 478 2355 ercitum,
503 2318 659 2346 ornatum
678 2312 936 2357 imperatorium
958 2313 993 2347 in
1015 2315 1091 2348 foro
1111 2325 1256 2348 vaenum
1283 2312 1496 2357 exposuisse,
1524 2313 1681 2347 nimirum
1703 2325 1762 2347 su-

311 2357 516 2403 pellectilem
541 2369 584 2391 ex
617 2369 700 2391 auro
722 2358 832 2392 solido
859 2363 1007 2402 textam,
1035 2359 1179 2393 amictus
1204 2358 1388 2403 purpureis
1409 2358 1554 2392 fimbriis
1571 2358 1765 2412 redimitos,

312 2415 472 2438 coronam
497 2402 681 2437 unionibus
701 2409 875 2447 ornatam,
893 2403 1036 2438 lectulos
1060 2405 1200 2449 gemmis
1219 2404 1299 2438 hinc
1322 2405 1403 2438 inde
1422 2403 1623 2449 distinctos,
1652 2404 1765 2449 ipsam

309 2449 460 2494 denique
485 2449 605 2483 stolam
623 2448 879 2501 imperatoriam
896 2449 1223 2502 splendidissimam·
1248 2448 1347 2484 simul
1378 2461 1443 2494 per
1465 2431 1638 2494 publicum
1659 2461 1763 2495 prae-

310 2507 430 2530 conem
450 2494 667 2538 significasse
690 2494 795 2529 licere
817 2494 927 2528 cuivis
940 2495 1030 2529 haec
1045 2507 1190 2529 vaenum
1209 2496 1368 2540 exposita
1383 2496 1470 2529 citra
1487 2501 1613 2530 metum
1631 2507 1765 2530 omnem

262 2561 265 2564 ⁴
308 2540 456 2587 periculi
479 2541 648 2574 coiimere.
697 2540 762 2574 hoc
778 2541 878 2574 modo
898 2541 1026 2574 factum
1042 2547 1080 2574 ut
1098 2547 1252 2575 emerent
1273 2553 1314 2574 ea
1326 2541 1385 2585 qui
1403 2541 1542 2584 vellent,
1563 2541 1762 2587 pecuniam*

308 2599 377 2632 que
402 2586 583 2620 conflatam
602 2585 724 2620 fuisse.
771 2597 873 2630 quam
893 2586 952 2620 ubi
983 2586 1218 2620 distribuisset
1239 2585 1276 2619 in
1298 2586 1442 2630 milites,
1477 2598 1557 2621 mox
1574 2588 1763 2641 imperato-

307 2644 381 2668 rem
403 2632 520 2676 copias
544 2631 581 2666 in
603 2632 738 2665 hostem
761 2631 935 2674 movisse,
957 2637 993 2665 et
1016 2643 1117 2666 manu
1138 2636 1298 2666 conserta
1317 2632 1405 2666 citra
1422 2633 1598 2677 negotium
1615 2632 1764 2667 victoria

336 2678 458 2712 otitum
482 2689 579 2721 esse,
608 2678 764 2722 adeoque
795 2676 960 2711 coniectis
989 2677 1025 2710 in
1059 2679 1172 2721 fugam
1204 2678 1381 2720 omnibus,
1417 2679 1548 2713 necatis
1560 2678 1762 2724 ,spoliatis,

309 2729 465 2769 mtegros
502 2723 722 2768 pecuniarum
749 2724 930 2757 thesauros
966 2728 1197 2757 consecutum.
1252 2723 1314 2757 has
1347 2723 1408 2757 ubi
1440 2735 1559 2759 rursus
1588 2725 1626 2758 in
1649 2725 1762 2758 forum

310 2769 520 2812 rettulisset,
547 2769 695 2803 indicari
724 2780 788 2813 per
810 2780 1015 2822 praeconem
1039 2769 1183 2803 iussisse
1206 2773 1245 2803 ut
1275 2768 1335 2813 qui
1356 2768 1478 2813 vellet,
1503 2781 1587 2805 auro
1604 2774 1761 2815 recepto,

311 2814 479 2861 quidquid
500 2814 596 2860 prius
618 2814 843 2870 imperatoria
867 2815 911 2848 de
937 2813 1150 2859 supellectile
1177 2814 1380 2859 οοὲιιιίεεοίῑ,
1400 2815 1431 2849 si
1436 2815 1593 2869 quidem
1614 2816 1665 2850 ita
1685 2814 1761 2861 pla-

313 2867 428 2906 ceret,
448 2861 674 2897 restitueret.
708 2860 800 2896 idem
822 2860 966 2896 Lucium
983 2871 1148 2907 generum
1165 2871 1286 2907 suum,
1310 2860 1449 2907 imperii
1470 2866 1677 2908 consortem,
1697 2861 1760 2898 ad-
