1924 3242
334 173 400 219 90
728 172 962 218 GEORGII
991 173 1371 218 ACROPOLITAE

336 286 604 339 Θεσσαλονίκη
630 282 756 334 οὕτως
769 282 847 326 ὕπὸ
864 284 933 326 τὸν
948 285 1116 338 βασιλέα
1135 287 1287 343 ’γέγονεν
1301 285 1486 343 Ἰωάννην
1494 319 1508 340 ,
1540 292 1693 342 μᾶλλον
1714 289 1774 332 δὲι

331 351 408 393 ὑπὸ
424 351 662 407 Ῥωμαίους·
686 352 725 394 οἱ
742 352 819 409 γὰρ
842 351 966 407 αὐτὴν
986 358 1220 411 κρατοῦντες
1241 353 1535 413 ἔναντιόφρονες
1550 354 1761 410 Ῥωμαίοις

332 421 500 462 ἐτέλουν.

462 485 542 531 46.
604 485 763 542 ΗΟλιγας
779 486 823 529 δὲ
840 484 943 529 πάνυ
961 486 1111 545 ἡμέρας
1133 490 1174 532 ἓν
1195 494 1247 546 τῇ
1269 490 1538 546 Θεσσαλονίκῃ
1551 506 1756 547 προσκαρ-

212 556 240 589 Ρ
264 555 308 591 46
330 551 498 610 τερήσας
515 552 536 595 ὅ
552 553 741 607 βασιλεύς
767 553 999 611 (κατήπειγε
1019 557 1095 613 γὰρ
1116 557 1235 599 αὐτὸν
1256 556 1277 599 ὃ
1297 561 1370 599 τοῦ
1382 562 1579 624 χειμῶνος
1597 556 1754 614 καιρός·
1764 564 1801 601 5

328 622 543 678 Δεκέβριος
562 622 639 679 γὰρ
660 621 842 678 ἐτύγχανε
862 614 994 678 μην),
1029 625 1143 681 ἀφεὶς
1163 626 1204 666 ἓν
1223 625 1324 681 αὐτῇ
1343 625 1412 667 τὸν
1430 626 1554 681 μέγαν
1572 625 1756 678 δομέστι-

327 707 396 732 κον
426 690 495 732 τὸν
527 690 739 745 Κομνηνόν
766 690 1012 747 Ἀνδρόνικον
1046 692 1115 734 τὸν
1148 691 1450 748 Παλαιολόγον,
1485 709 1531 734 ου
1567 690 1774 742 πολλάκις

326 755 580 811 ἐμνήσθημεν
592 789 606 809 ,
639 758 691 800 τὰ
710 763 849 815 πρῶτα
866 759 1038 815 φέροντα
1059 764 1140 803 τῶν
1162 761 1202 801 ἓν
1227 762 1482 817 στρατηγίαις
1500 760 1771 843 τεταγμένων,

324 825 453 881 ἄνδρα
473 823 740 868 συνετώτατον
761 827 826 867 καὶ
850 825 1075 883 πραότατον
1095 829 1161 870 καὶ
1182 846 1223 870 ευ
1247 827 1379 870 εἷδότα
1403 829 1470 870 καὶ
1489 825 1623 882 μάχην
1643 825 1756 869 ὁπλί-

325 910 393 935 σαι
414 895 479 935 καὶ
504 895 709 935 ὃιευθῦναι
730 893 826 935 λαὸν
849 896 915 936 καὶ
935 896 975 936 ἓν
996 899 1220 950 πολεμικοῖς
1245 898 1311 938 καὶ
1332 894 1537 953 εἰρηνικοῖς
1556 901 1640 944 τοῖς
1663 911 1753 937 και-
1766 903 1815 938 10

323 968 428 1017 ροῖς,
461 961 622 1015 νικητὴς
654 962 898 1013 ε’πανέζευξεν
929 964 984 1012 εἷς
1015 963 1088 1018 τὴν
1119 964 1194 1015 ἕω,
1227 962 1534 1017 θαυμαζόμενος
1553 960 1631 1004 ὕπὸ
1652 960 1756 1004 πάν-

321 1045 401 1071 των
435 1031 502 1070 καὶ
536 1027 779 1083 κλεϊζόμενος
811 1034 884 1084 τῆς
909 1035 1071 1084 ταχινῆς
1094 1030 1197 1086 οὕτω
1221 1033 1286 1073 καὶ
1307 1033 1494 1087 μεγίστης
1514 1031 1646 1085 νίκης,
1681 1029 1754 1083 οὐχ

320 1094 397 1138 ὑπὸ
419 1101 498 1139 τῶν
519 1098 671 1139 οἲκείων
687 1095 810 1151 μόνον
832 1097 935 1139 ἀλλὰ
953 1100 1018 1140 καὶ
1037 1097 1117 1140 ὑπὸ
1136 1104 1214 1141 τῶν
1236 1099 1454 1155 ἀλλοτρίων
1467 1112 1479 1122 ·
1512 1096 1610 1154 ὑπὲρ
1632 1112 1753 1154 φυσι-

320 1163 393 1218 κὴν
422 1164 498 1220 γὰρ
530 1162 641 1214 τάξιν
668 1165 775 1214 ἔδοξε
803 1165 848 1206 τὸ
879 1163 1128 1221 κατόρθωμα
1151 1168 1217 1207 καὶ
1238 1171 1317 1207 τῶν
1341 1166 1542 1222 τροπαίων
1573 1164 1619 1206 τὸ
1655 1164 1754 1206 ἄλλ-

269 1235 300 1269 Β
320 1230 563 1286 επάλληλον,
604 1233 671 1273 καὶ
704 1236 806 1273 θεοῦ
831 1236 986 1285 μᾶλλον
1011 1235 1177 1291 προνοίᾳ
1205 1233 1232 1286 ἢ
1262 1238 1542 1289 στρατηγικαῖς
1562 1229 1754 1284 μεθόδοις
1765 1239 1808 1274 15

317 1301 431 1340 ταυτὶ
466 1298 783 1354 διαπράξασθαι.
849 1300 1104 1342 καταλέλοιπε
1130 1301 1173 1341 δὲ
1194 1302 1261 1341 καὶ
1285 1300 1339 1349 εἴς
1360 1317 1401 1341 τε
1423 1303 1496 1341 τοῦ
1529 1299 1766 1342 Μελενίκου,

315 1368 383 1407 καὶ
413 1366 485 1420 τὴν
512 1370 592 1407 τῶν
622 1369 783 1422 Σερριῦν
812 1367 878 1407 καὶ
898 1370 978 1408 τῶν
1000 1369 1089 1423 περὶ
1112 1367 1237 1417 αὐτὰς
1259 1367 1442 1424 φυλακὴν
1464 1366 1534 1409 τὸν
1553 1370 1625 1408 τοῦ
1645 1368 1753 1422 εῖρη-

312 1431 637 1489 με’νουμεγάλου
672 1435 904 1487 ὁόμεστίκου
936 1439 1094 1490 πρῶτον
1120 1435 1207 1476 υἱὸν
1234 1435 1303 1477 τὸν
1332 1434 1543 1489 Κομνηνόν
1564 1431 1751 1487 Μιχαήλ,

313 1500 360 1543 ὃν
385 1501 486 1554 μετὰ
504 1499 676 1557 χρόνους
697 1501 809 1551 τινὰς
827 1499 853 1556 ἦ
874 1506 954 1543 τῶν
967 1500 1173 1556 Ῥωμαίων
1198 1504 1383 1556 βασιλεία
1409 1500 1674 1555 πεπλούτηκεν
1695 1502 1751 1549 εἷς

313 1569 496 1622 εὐτυχίαν
527 1567 674 1622 ταύτης
705 1571 772 1611 καὶ
805 1569 1006 1621 εὐδοξίαν,
1042 1570 1163 1612 ἄλλον
1192 1587 1234 1613 τε
1269 1571 1448 1623 ἀλλαχοῦ
1472 1570 1673 1625 ἐπαφῆκεν
1695 1570 1806 1617 εῗς20

313 1636 537 1694 ἀσφάλειαν
565 1640 645 1679 τῶν
668 1640 814 1693 χωρῶν
835 1654 876 1679 τε
897 1639 964 1680 καὶ
985 1636 1157 1689 πόλεων,
1193 1636 1324 1680 ἐπάνω
1344 1638 1387 1679 δὲ
1409 1635 1568 1678 πάντων
1587 1635 1657 1678 τὸν
1675 1636 1749 1690 με’-

404 1755 423 1788 1
446 1753 585 1796 μᾶλλον
608 1772 655 1778 -
679 1751 826 1788 ἐτέλουν
851 1766 904 1788 οιιι
926 1754 958 1788 D
1139 1754 1162 1788 4
1183 1750 1262 1787 'OM
1262 1766 1395 1798 γας-
1418 1755 1462 1789 10
1481 1754 1561 1793 τοῖς
1584 1753 1748 1796 καιροῖς]

401 1795 422 1833 ὁ
454 1798 493 1832 δὲ
520 1796 689 1852 βασιλεὺς
720 1796 829 1842 ἀφεὶς
856 1798 924 1833 τὸν
950 1796 1063 1853 μέγαν
1096 1766 1308 1853 δομέστικον
1336 1798 1403 1834 τὸν
1432 1797 1686 1853 Παλαιολόγου
1715 1798 1748 1831 Ι)

402 1845 446 1878 11
477 1843 757 1899 θαυμαζόμενος
781 1866 828 1871 -
856 1845 902 1878 20
928 1841 1121 1899 εὐδοξίαν]
1156 1841 1265 1886 ἀφεὶς
1292 1843 1354 1878 καὶ
1381 1844 1432 1883 εἰς
1460 1842 1662 1878 Μελένικον
1686 1841 1749 1876 καὶ

401 1886 546 1930 Σέρρας
565 1889 626 1923 καὶ
644 1887 691 1923 τά
711 1888 795 1934 περὶ
812 1886 909 1924 avt&
927 1887 995 1924 τὸν
1011 1890 1078 1923 τοῦ
1093 1888 1250 1943 μεγάλου
1266 1890 1479 1933 ὃομεστίκου
1497 1886 1582 1923 υὶὰν
1599 1885 1748 1931 Μιχαὴλ

400 1946 468 1968 τον
472 1932 747 2015 Ιζῖαλαιολογον
873 1936 928 1970 ,16
949 1935 1042 1980 τοῦ]
1064 1933 1133 1979 τὴν
1153 1934 1249 1969 wo?
1381 1935 1425 1970 21
1448 1932 1573 1970 ἐπάνω
1586 1954 1631 1961 —
1646 1933 1747 1976 διῆγε

399 1991 452 2013 οιιι

310 2081 371 2114 des
386 2091 459 2114 cum
475 2091 515 2114 ea
530 2080 634 2114 stetit.
679 2079 919 2114 Thessalonica
933 2080 997 2115 hac
1011 2081 1142 2115 ratione
1157 2080 1218 2115 sub
1236 2078 1443 2134 imperatoris
1462 2077 1595 2113 Ioannis
1617 2077 1746 2112 dicione

309 2127 399 2159 facta
421 2130 492 2166 est,
515 2125 581 2159 imo
606 2125 719 2170 potius
733 2127 794 2159 sub
809 2126 916 2160 tutela
930 2126 1154 2161 Romanorum
1173 2125 1360 2171 acquievit.
1382 2124 1470 2159 illius
1485 2123 1607 2158 etenim
1622 2123 1744 2157 domini

308 2171 467 2204 Romanis
483 2171 650 2204 contraria
664 2172 865 2205 sentiebant.

399 2217 453 2249 46.
498 2216 575 2249 Nec
595 2216 731 2249 multum
754 2216 1012 2250 'lhessalonicae
1033 2219 1254 2250 commoratus
1275 2215 1455 2259 imperator
1477 2213 1639 2257 (hiberna
1653 2224 1744 2259 nam-

308 2271 375 2303 que
399 2265 599 2304 tempestate
621 2261 810 2295 Decembre
833 2273 945 2295 mense
963 2262 1219 2295 exhorrescente
1234 2260 1473 2313 pellebatur),
1485 2259 1520 2291 in
1536 2270 1575 2292 ea
1590 2269 1744 2311 magnum

308 2305 521 2338 domesticum
540 2305 742 2339 Comnenum
759 2307 981 2340 Andronicum
997 2307 1252 2350 palaeologum,
1274 2305 1367 2338 cuius
1383 2304 1513 2349 saepius
1528 2303 1743 2345 meminimus,

308 2350 397 2384 inter
413 2349 504 2383 viros
518 2350 632 2383 militia
645 2350 794 2385 celebres
813 2352 932 2395 primas
948 2352 1119 2392 ferentem,
1139 2333 1426 2402 prudentissimum
1443 2354 1475 2382 et
1489 2359 1586 2392 quam
1601 2348 1743 2382 maxime

309 2399 536 2437 mansuetum,
560 2395 643 2428 aciei
662 2395 875 2429 instruendae
899 2400 934 2429 et
956 2397 1128 2440 digerendi
1141 2396 1276 2430 militem
1294 2395 1416 2448 optime
1429 2405 1586 2438 gnarum,
1610 2399 1646 2427 et
1664 2394 1744 2428 belli

308 2441 467 2487 pacisque
488 2440 615 2474 artibus
639 2440 782 2479 clarum,
806 2440 1013 2484 relinquens,
1038 2442 1146 2475 victor
1170 2439 1397 2486 triumphans
1387 2451 1421 2473 ιιι
1436 2439 1610 2473 Orientem
1625 2450 1743 2473 rever-

310 2497 367 2520 sus
384 2491 452 2530 est,
477 2486 519 2519 ab
534 2486 683 2519 omnibus
698 2465 851 2519 laudibus
864 2487 1085 2538 encomiisque
1102 2487 1144 2520 ob
1161 2486 1301 2520 celerem
1315 2496 1355 2518 ac
1367 2484 1540 2518 maximam
1555 2484 1742 2527 victoriam,

307 2543 374 2565 non
390 2543 410 2564 a
424 2532 492 2564 suis
507 2530 602 2564 modo
618 2530 677 2564 sed
697 2531 843 2565 externis
860 2531 977 2574 etiam
1002 2531 1254 2565 condecoratus.
1301 2542 1403 2574 supra
1429 2529 1516 2563 enim
1529 2534 1669 2563 naturae
1684 2541 1742 2564 cn-

306 2582 398 2622 ptum
412 2576 543 2610 facinus
559 2580 594 2610 et
607 2580 822 2620 tropaeorum
838 2576 1002 2609 crebritas
1026 2576 1138 2609 divina
1154 2577 1264 2621 potius
1278 2575 1491 2621 providentia
1505 2586 1603 2619 quam
1618 2574 1740 2608 milita-

306 2622 398 2655 ribus
427 2622 553 2655 artibus
568 2625 700 2666 patrata
715 2622 819 2655 fuisse
834 2621 908 2655 visa
922 2626 1008 2655 suut.
1055 2626 1233 2666 praeterea.
1254 2621 1452 2655 Melenicum
1478 2621 1598 2654 serras
1612 2631 1654 2653 ac
1668 2619 1741 2653 loca

305 2667 524 2700 adiacentia
514 2679 547 2700 ιιι
573 2667 672 2700 fidem
695 2678 735 2700 ac
759 2666 940 2700 clientelam
953 2666 1128 2701 Michaelis
1144 2666 1321 2710 Comneni,
1345 2666 1427 2699 dicti
1440 2665 1552 2710 magni
1566 2664 1741 2699 domestici

271 2745 274 2748 Α
306 2712 402 2757 primi
427 2711 507 2755 filii,
531 2723 628 2756 quem
652 2715 731 2755 post
754 2722 859 2746 annos
878 2723 945 2746 non
970 2712 1090 2746 multos
1115 2712 1365 2747 Romanorum‘
1355 2711 1525 2756 imperium
1539 2722 1606 2744 non
1619 2710 1691 2744 sine
1704 2713 1741 2743 et

304 2759 510 2791 fortunarum
525 2761 561 2792 et
573 2756 699 2810 gloriae
712 2757 914 2791 incremento
929 2757 979 2791 sui
993 2757 1292 2792 administratorem
1307 2757 1460 2800 agnovit,
1482 2756 1631 2790 contulit.
1677 2766 1741 2788 nec

306 2815 371 2838 non
386 2803 518 2839 arcibus
531 2801 663 2838 tuendis
677 2814 718 2836 ac
733 2802 946 2838 defendendis
972 2803 1107 2839 urbibus
1123 2804 1222 2839 alium
1237 2808 1339 2849 atque
1354 2802 1452 2837 alium
1467 2801 1642 2848 imposuit,
1665 2799 1739 2846 qui-
