1832 3250
247 246 292 282 vu
718 232 939 276 IOANNIS
973 231 1197 290 MEURsn

250 362 402 403 rentur,
443 354 520 391 nisi
542 351 644 390 hanc
663 353 830 390 assecuti
851 358 992 390 essent.
1050 352 1210 388 nomina
1238 348 1410 401 prudens
1438 361 1518 386 non
1544 361 1680 386 recen-

250 436 330 471 seo,
354 423 447 466 satis
466 434 518 458 ex
534 418 695 457 historia
712 425 818 456 nota.
875 431 1042 471 quorum
1061 419 1238 456 omnium
1255 430 1345 454 cum
1363 417 1525 454 virtutes
1542 414 1679 454 sedulo

251 489 498 527 coniunxeris
523 486 574 523 ad
593 487 826 523 miraculum
852 486 938 523 aevi
963 483 1103 532 huius,
1145 497 1218 522 rex
1239 490 1427 534 auguste,
1455 481 1558 520 hanc
1578 494 1679 534 quo-

250 569 327 610 que
354 553 514 591 laudem
541 552 676 591 deesse
696 554 891 590 maiestati
913 554 1025 590 Tuae
1047 552 1222 589 noluisti.
1278 563 1420 601 nempe
1437 557 1494 588 tot
1513 549 1680 588 illustria

251 622 455 672 exempla,
494 632 593 671 quae
622 627 809 671 perpetuo
838 621 967 656 animo
994 619 1209 656 maiestatis
1230 619 1342 655 Tuae
1363 631 1453 655 vere
1479 617 1585 667 regio
1607 616 1681 654 ob-

251 694 472 735 versantur,
513 687 625 723 aliter
650 687 777 723 facere
799 685 907 723 haud
924 685 1183 736 patiebantur.
1242 691 1280 721 et
1302 690 1346 721 ut
1373 685 1442 721 illa
1470 685 1588 721 etiam
1609 681 1681 720 de·-

253 761 403 803 essent,
443 752 551 790 domi
573 753 787 790 maiestatis
807 754 919 790 Tuae
942 765 1064 789 unum
1090 757 1191 799 erat,
1229 751 1406 788 omnium
1426 751 1570 798 instar,
1600 746 1682 787 divi

254 822 405 870 Caroli,
452 821 624 872 parentis
649 821 752 869 Tui,
798 832 918 872 quem
946 819 1211 863 benivolentia
1245 816 1309 854 dei
1340 815 1558 863 asserendis
1591 816 1684 854 forti

253 902 374 926 manu
401 889 596 926 maiestati
615 889 727 925 Tuae
757 888 886 938 regnis
913 886 1111 923 excitavit.
1169 882 1219 921 ad
1250 884 1419 936 reliquas
1447 870 1578 921 autem
1601 883 1684 921 vir-

253 962 355 993 tutes
381 943 489 1007 quod
520 957 678 1003 attinet,
717 956 804 1006 quis
834 967 914 991 non
943 954 1131 1004 pietatem
1156 952 1342 999 miratur,
1383 964 1511 988 raram
1533 952 1575 987 in
1602 956 1684 987 tam

255 1023 410 1059 excelso
436 1021 621 1072 fastigio?
675 1023 762 1073 quis
788 1034 866 1058 non
895 1021 1017 1056 animi
1042 1017 1355 1069 magnitudinem
1381 1014 1696 1055 inconcussam?⁴

255 1090 341 1141 quis
369 1087 655 1132 constantiam?
696 1090 783 1140 quis
808 1085 1102 1131 fortitudinem?
1143 1087 1210 1137 qui
1235 1088 1275 1122 in
1300 1087 1437 1136 primis
1454 1071 1539 1122 istis
1559 1085 1684 1132 annis,

256 1169 345 1194 cum
375 1154 529 1192 hostem
559 1156 769 1192 barbarum
797 1161 835 1192 et
863 1161 967 1191 aetas
1000 1154 1214 1190 maiestatis
1243 1154 1355 1190 Tuae
1386 1160 1424 1190 et
1451 1165 1521 1190 sua
1552 1152 1687 1189 feritas

255 1236 435 1261 securum
452 1223 625 1259 facerent
637 1252 646 1270 ,
676 1224 813 1259 timere
832 1229 966 1263 tamen
987 1221 1170 1270 coegisti,
1203 1226 1241 1256 et
1260 1221 1370 1269 regni
1389 1219 1485 1256 fines
1502 1225 1546 1257 ut
1564 1220 1687 1258 intre-

253 1279 370 1341 pidus
397 1292 451 1326 ita
483 1291 650 1326 invictus
677 1288 896 1327 vindicasti.
967 1288 1039 1324 ibit
1071 1286 1168 1323 haec
1196 1299 1256 1323 res
1284 1288 1326 1322 in
1353 1285 1579 1334 historiam,
1618 1297 1689 1322 rex

255 1364 437 1408 anguste,
483 1364 521 1398 et
543 1357 749 1412 posteritas
776 1357 847 1392 vix
865 1357 948 1393 sine
967 1361 1123 1404 stupore
1141 1355 1259 1403 leget.
1317 1365 1363 1389 ac
1385 1351 1501 1398 huius
1529 1351 1691 1404 quidem

252 1425 448 1461 felicitatis
466 1425 769 1460 instrumentum
788 1434 882 1459 sane
906 1433 1114 1471 magnum,
1153 1421 1214 1457 vir
1240 1419 1403 1456 illustris
1425 1426 1464 1457 et
1486 1420 1691 1470 incompa-

254 1491 387 1527 rabilis
405 1490 572 1526 Axelius
596 1490 643 1526 ab
663 1490 941 1537 Oxenstierna,
969 1489 1100 1538 regiae
1122 1487 1336 1523 maiestatis
1354 1487 1467 1523 Tuae
1486 1486 1691 1524 Cancella-

254 1558 334 1595 rius
347 1586 356 1604 ‚
386 1557 606 1593 immortale
640 1557 750 1606 regui
778 1555 919 1603 decus;
953 1567 1073 1606 quem
1101 1561 1144 1591 ut
1172 1553 1362 1603 singulari
1385 1553 1455 1593 illa
1481 1551 1690 1603 prudentia

254 1622 375 1661 habes
397 1624 552 1660 Nestori
579 1623 707 1672 prisco
735 1620 1064 1673 comparandum,
1103 1621 1158 1656 ita
1184 1626 1227 1656 ut
1255 1620 1374 1656 etiam
1397 1625 1522 1656 aetate
1544 1608 1690 1656 habere

255 1691 352 1728 olim
380 1691 507 1740 possis
535 1701 658 1726 voveo
692 1695 730 1725 et
754 1695 858 1738 opto.
915 1701 995 1725 non
1018 1689 1079 1724 Te
1107 1698 1219 1735 rege,
1261 1692 1300 1722 et
1331 1685 1401 1723 illo
1428 1692 1511 1723 tam
1535 1684 1614 1723 fido
1647 1699 1692 1724 ac

255 1756 440 1808 prudenti
467 1756 706 1803 consultore,
753 1754 913 1792 ‘adversi
943 1755 1153 1806 quicquam
1179 1753 1394 1790 maiestatis
1420 1753 1533 1790 Tuae
1559 1754 1691 1803 regnis

257 1822 432 1860 accidere
450 1823 586 1873 possit.
642 1834 715 1858 nec
744 1822 880 1859 tacebo
910 1823 1097 1857 Ioannem
1129 1818 1289 1870 Skytte,
1327 1820 1456 1857 virum
1489 1820 1692 1858 nobilissi-

257 1902 368 1927 mum
397 1896 434 1926 et
455 1888 764 1938 amplissimum,
800 1889 843 1924 in
864 1888 1029 1924 Gronsio
1060 1893 1097 1923 et
1123 1886 1239 1923 Elffio
1253 1915 1263 1934 ‚
1302 1887 1414 1923 Tuae
1447 1888 1642 1925 maiestati
1669 1901 1693 1926 a

259 1956 430 1994 consilfis
450 1963 488 1992 et
508 1955 742 2002 rationibus3
788 1967 906 2006 quem
924 1954 1184 2004 legationibus
1205 1953 1382 2003 pluribus
1404 1951 1520 1990 valde
1545 1954 1693 1995 clarum

258 2024 327 2060 alii
345 2023 540 2073 principes
560 2035 640 2059 non
657 2024 861 2072 ignorant,
892 2027 930 2058 et
955 2019 1059 2071 apud
1089 2033 1160 2057 nos
1189 2022 1410 2072 quicunque
1439 2021 1612 2072 aliquam
1637 2023 1694 2059 rei

258 2090 437 2140 publicae
468 2095 621 2139 partem
647 2095 795 2126 tenent.
853 2086 950 2125 haec
976 2095 1020 2125 ut
1048 2089 1179 2125 omnia
1203 2088 1398 2124 maiestati
1422 2088 1535 2124 Tuae
1560 2095 1694 2138 gratu—

259 2158 380 2204 larer,
437 2157 498 2192 vis
528 2155 707 2193 fortunae
738 2157 850 2192 Tuae
886 2156 1078 2206 expressit
1107 2161 1145 2191 et
1171 2167 1316 2204 pronus
1351 2166 1507 2204 quoque
1541 2156 1584 2191 in
1611 2169 1695 2192 rem

259 2224 457 2274 publicam
484 2229 658 2260 nostram
686 2225 861 2270 animus3
903 2223 965 2258 cui
993 2228 1074 2258 tam
1108 2222 1284 2270 impense
1315 2220 1444 2267 faves,
1485 2227 1529 2261 ut
1563 2234 1653 2258 cum
1672 2234 1695 2258 a

261 2291 392 2340 regnis
412 2290 626 2327 maiestatis
646 2291 759 2327 Tuae
777 2290 881 2336 abis,
923 2301 1002 2325 non
1021 2283 1198 2324 invenias
1220 2287 1283 2323 cui
1304 2286 1434 2323 favere
1456 2288 1582 2337 magis
1600 2300 1695 2338 pos-

262 2358 329 2395 sis.
386 2355 479 2393 hinc
502 2356 640 2394 foedus
663 2355 764 2394 illud
786 2368 877 2393 cum
905 2355 1179 2392 illustrissimis
1207 2366 1252 2390 ac
1270 2354 1550 2404 potentissimis
1566 2354 1694 2404 Belgii

260 2422 451 2477 foederati
474 2421 674 2461 ordinibus
701 2436 826 2474 nuper
851 2423 986 2460 ictum.
1044 2420 1135 2458 hinc
1171 2426 1209 2457 et
1245 2419 1350 2471 quod
1387 2432 1438 2456 ex
1471 2420 1541 2456 illa
1580 2427 1696 2470 gente

261 2492 389 2528 virum
413 2490 666 2540 magnificum
699 2495 737 2526 et
767 2491 1055 2541 amplissimum
1081 2488 1267 2525 Iacobum
1300 2484 1498 2537 Dyckium
1528 2487 1695 2537 elegisti,

263 2559 371 2595 ouius
399 2558 569 2594 consiliis
595 2555 908 2607 prudentissimis
939 2558 980 2594 in
1003 2555 1189 2592 maximis
1214 2559 1272 2590 tot
1293 2565 1502 2603 regnorum
1529 2555 1697 2603 negotiis

262 2625 448 2671 utererist,
487 2625 673 2675 cuiusque
703 2622 779 2660 fide
810 2636 855 2660 ac
880 2623 1088 2661 virtutibus
1113 2621 1454 2672 praestantissimis
1486 2621 1698 2671 exploratis

263 2692 305 2727 iu
334 2690 529 2740 legatione
554 2703 635 2727 non
663 2703 742 2727 una
774 2689 824 2727 ad
853 2690 1004 2727 Galliae
1032 2702 1076 2726 ac
1106 2688 1329 2724 Britanniae
1365 2699 1496 2737 reges,
1536 2686 1696 2724 tandem

263 2756 329 2794 hic
346 2758 422 2794 loci
442 2756 547 2807 apud
566 2770 631 2794 eos
661 2770 759 2808 quos
786 2756 872 2793 dixi
898 2755 1053 2795 ordines
1072 2756 1194 2804 legati
1214 2753 1400 2793 ordinarii
1415 2767 1559 2791 munus
1578 2755 1697 2792 susti-

265 2838 356 2861 nere
374 2825 543 2862 voluisti.
600 2835 729 2875 neque
749 2822 824 2860 hoc
843 2825 950 2862 satis.
1007 2825 1147 2861 Ianum
1166 2823 1416 2872 Rutgersium
1444 2824 1546 2860 inter
1571 2822 1696 2873 prima
