1924 3242
351 173 458 222 ⁴126
752 168 984 214 GEORGII
1009 168 1386 213 ACROPOLITAE

360 289 491 345 μερῶν
522 283 621 342 πρὸς
647 286 719 326 τοῦ
736 285 983 340 προσφιλοῦς
1003 281 1126 326 αὐτοῦ
1142 282 1395 340 πεμφθείσας
1409 277 1582 339 μεγάλου
1605 281 1786 337 doymi*-

359 370 430 398 κου
446 359 518 398 τοῦ
535 350 829 404 Μουζάλωνος,
873 349 928 401 ὥς
954 352 1004 394 τὰ
1029 355 1107 394 τῶν
1128 349 1462 404 Μουσουλμάνων
1482 350 1582 407 πρὸς
1601 355 1679 394 τῶν
1697 355 1787 393 Τοι-

355 425 508 479 χαρίων
527 421 777 474 κυμαίνεται,
813 419 975 462 ἕπε’τεινε
994 419 1066 474 τὴν
1084 417 1176 461 ὁδὸν
1196 421 1259 461 καὶ
1279 419 1527 475 μακροτέρας
1544 418 1616 468 τὰς
1635 417 1786 475 ἡμερη-

362 492 472 539 σίους
501 488 664 530 ἐποιεῖτο
686 488 859 542 πορείας.
926 488 1006 530 ἐπεὶ
1036 488 1079 529 δὲ
1104 487 1172 529 τὸν
1187 486 1333 544 Ἕβρον
1365 484 1600 543 ἕπεφθάκει,
1647 485 1692 531 ὃν
1720 488 1788 528 καὶ

299 585 305 591 -
364 557 576 612 Μαρίτζαν
595 553 615 597 ὅ
631 557 799 609 χυδαῖος
823 554 1077 609 κατονομάζει
1101 553 1217 606 λαός,
1252 556 1317 596 καὶ
1339 554 1396 609 μὴ
1419 553 1543 604 οὕτως
1564 553 1729 607 ἴχειντὰ
1746 555 1819 598 ἓνῦ

313 641 346 676 1)
368 629 416 681 τῇ
433 625 485 666 ἕω
498 623 747 678 μεμαθηκώς
767 621 980 679 πράγματα
990 655 1003 674 ,
1047 626 1117 676 τῆς
1138 627 1355 676 ταχυτῆτος
1375 622 1493 671 ἀνιεὶς
1514 619 1789 677 σχολαιότερον

359 689 564 748 ἐπορεύετο
585 693 651 733 καὶ
669 691 761 741 τοὺς
780 690 966 745 συνήθεις
980 690 1211 744 βασιλικοὺς
1228 691 1389 732 ἐποιεῖτο
1403 687 1624 742 σταθμούς.
1657 705 1789 744 παρα-
1813 695 1815 699 ’

361 761 496 809 κλίνας
522 760 569 801 δὲ
595 763 665 813 τῆς
693 758 793 814 πρὸς
819 759 870 800 ἕω
888 758 976 800 κατ’
1002 759 1160 800 εὐθεῖαν
1179 760 1219 808 ἐς
1240 759 1284 800 τὸ
1304 756 1596 810 Διδυμότοιχον
1611 755 1789 813 ἀφίκετο,
1821 805 1824 809 ’

361 827 544 870 κάκεῖθεν
571 827 611 876 ἔς
638 827 709 880 τὴν
729 827 950 882 Ἀδριανοῦ.
1017 828 1083 868 καὶ
1113 827 1194 868 ἐπεὶ
1225 826 1348 881 μηδὲν
1383 826 1677 867 ἕναπολέλειπτο
1712 827 1791 867 τῶν

359 894 473 950 παρὰ
512 898 591 936 τῶν
631 893 876 950 Βουλγάρων
914 895 1237 948 κατασχεθέντων
1278 895 1479 950 φρουρίων
1522 894 1587 934 καὶ
1627 891 1788 943 ἄστεων,
1803 902 1846 936 10

362 961 492 1004 πάντα
523 960 751 1015 ὃβασιλεὺς
776 959 1036 1018 ἐχειρώσατο,
1078 961 1179 1015 πλὴν
1209 964 1337 1012 δυοῖν,
1379 960 1465 1010 ἑνὸς
1495 961 1568 1013 μὲν
1597 961 1791 1017 φρουρίου

363 1028 466 1071 πάνυ
496 1028 759 1086 σμικροτάτου
791 1031 831 1070 ἓν
860 1036 942 1079 τοῖς
968 1034 1127 1083 βουνοῖς
1144 1030 1320 1082 κειμένου
1343 1033 1413 1082 τῆς
1432 1029 1615 1084 Ἀχριὸοῢ
1629 1029 1695 1070 καὶ
1717 1044 1792 1069 κα-

363 1098 554 1151 λουμένου
572 1096 745 1150 Πάτμου
757 1128 770 1148 ,
809 1096 832 1138 ὃ
860 1100 925 1138 καὶ
957 1097 1125 1152 εὐχερῶς
1154 1095 1256 1137 πάνυ
1280 1095 1301 1138 ὁ
1325 1095 1667 1150 Φιλανθρωπηνὸς
1681 1095 1793 1136 Ἀλέ-

361 1167 445 1215 ξιος
467 1162 566 1206 εἷλεν
587 1163 608 1205 ὁ
629 1163 793 1212 Δούκας
804 1195 817 1214 ,
851 1165 1132 1218 καταλειφθεὶς
1154 1163 1254 1218 πρὸς
1273 1166 1345 1204 τοῦ
1363 1162 1560 1215 βασιλέως
1581 1164 1636 1212 εἷς
1659 1165 1794 1218 φυλα-

362 1231 435 1285 κὴν
455 1236 534 1273 τῶν
554 1232 595 1273 ἐν
611 1231 803 1287 Ἀχριὸᾢ,
850 1232 916 1271 καὶ
940 1229 1088 1279 ἄστεως
1112 1229 1233 1271 ἄλλου
1259 1231 1477 1283 Τζεπαίνης
1495 1229 1790 1282 ὠνομασμένον,
1804 1237 1848 1273 15

362 1300 452 1340 λίαν
479 1297 738 1353 τυγχάνοντος
769 1299 912 1352 ἐχυροῦ
941 1299 1007 1338 καὶ
1039 1299 1127 1352 περὶ
1156 1297 1227 1351 τὴν
1258 1296 1460 1350 ξυμβολὴν
1485 1300 1688 1347 τελοῦντος
1715 1300 1795 1339 τῶν

362 1364 434 1406 δύο
465 1367 657 1420 μεγίστων
684 1365 809 1420 ὀρῶν,
855 1368 928 1406 τοῦ
948 1381 988 1406 τε
1013 1366 1153 1417 Αἳζιιου
1176 1366 1241 1406 καὶ
1268 1369 1338 1418 τῆς
1354 1362 1568 1418 Ῥοδόπης,
1611 1355 1714 1406 καθ’
1740 1358 1795 1407 ὧν

361 1433 484 1487 μέσον
502 1431 680 1488 ὁἛβρος
700 1431 762 1488 ῥεῖ
776 1431 975 1486 ποταμός,
1018 1433 1059 1473 ἓν
1080 1434 1194 1488 δεινῷ
1214 1433 1285 1486 μὲν
1306 1433 1469 1474 ἐποιεῖτο
1493 1429 1514 1473 ὅ
1538 1429 1794 1489 αὐτοκράτωρ

309 1529 311 1531 μ
361 1499 422 1542 ὅτι
444 1501 500 1555 μὴ
522 1502 587 1542 καὶ
611 1499 740 1542 αὐτῶν
765 1498 819 1550 ὡς
840 1504 919 1542 τῶν
941 1498 1082 1557 ἑτέρων
1102 1498 1327 1556 ἐκράτησεν,
1375 1499 1469 1541 ἀλλ’
1494 1498 1550 1542 ἔτι
1571 1504 1641 1554 τῆς
1662 1499 1796 1556 χειρὸς

244 1579 275 1614 P
297 1578 340 1614 65
364 1569 487 1610 αὐτοῦ
520 1570 682 1625 κρείττω
714 1568 887 1624 φανέντα
922 1566 996 1618 ἔξω
1024 1566 1303 1623 τυγχάνουσιν,
1343 1566 1518 1621 μάλιστα
1540 1568 1583 1609 δὲ
1603 1565 1700 1623 ὑπὲρ
1723 1572 1850 1622 τῆςὲο

365 1637 585 1690 Τζεπαίνης
605 1634 817 1692 ἐδυσφόρει
839 1635 889 1677 τὰ
907 1636 1085 1691 μέγιστα.
1119 1634 1280 1677 ἔσπευσε
1303 1635 1374 1688 μὲν
1397 1629 1467 1675 οὖν
1489 1636 1554 1676 καὶ
1575 1635 1678 1676 κατὰ
1697 1634 1796 1677 ταύ-

364 1720 435 1757 της
465 1707 700 1759 στρατεῦσαι
731 1705 797 1744 καὶ
830 1701 883 1753 ὡς
912 1702 1009 1757 εἶχεν
1041 1701 1177 1756 ἰσχύος
1208 1703 1516 1758 ἀποπειρᾶσθαι.
1583 1700 1704 1756 ἦμέν
1726 1697 1797 1744 οὖν

365 1770 452 1827 ὥρα
475 1774 546 1812 τοῦ
561 1771 708 1826 θέρους
730 1770 806 1824 ἤδη
823 1769 978 1826 παρῄει,
1001 1772 1065 1811 καὶ
1083 1770 1127 1811 τὸ
1145 1768 1375 1826 μετόπωρον
1393 1770 1505 1824 ἔγγὺς
1524 1763 1573 1824 ἦν
1593 1771 1659 1811 καὶ
1673 1774 1795 1812 τοῦτο

365 1840 654 1896 παραδραμεῖν.
705 1835 726 1880 ὃ
750 1839 792 1880 δὲ
809 1838 933 1892 μηδέν
954 1855 991 1881 τι
1011 1842 1083 1880 τοῦ
1106 1842 1247 1894 καιροῦ
1266 1838 1504 1894 φροντίσας,
1537 1838 1640 1893 μηδὲ
1659 1837 1704 1880 τὸ
1724 1842 1797 1881 τοῦ

458 1967 500 2002 11
525 1964 570 2012 ὁ]
594 1964 664 2012 γὰρ
687 1964 736 2001 6?

366 2090 409 2113 ex
425 2077 564 2112 Oriente
578 2077 721 2123 acceptis
737 2078 780 2112 ab
797 2077 899 2112 amico
916 2088 1034 2121 magno
1053 2077 1235 2114 domestico
1250 2077 1427 2114 Muzalone
1442 2075 1547 2120 datis,
1581 2076 1702 2131 quibus
1721 2088 1796 2111 cer-

365 2124 432 2157 tior
445 2124 626 2167 imperator
641 2124 790 2157 redditur
807 2135 827 2157 a
841 2123 1014 2157 Tachariis
1029 2123 1252 2161 Musulmanos
1269 2124 1468 2168 perturbari,
1484 2121 1570 2156 omni
1583 2122 1798 2156 testinatione

365 2180 550 2213 properans
564 2169 681 2202 diurna
695 2169 812 2202 itinera
827 2169 978 2213 longiora
993 2168 1127 2202 habere.
1156 2174 1209 2202 ast
1224 2169 1278 2202 ubi
1294 2169 1338 2202 ad
1352 2169 1512 2210 Hebrum,
1524 2177 1631 2221 ‘quem
1647 2168 1797 2221 plebeius

364 2224 473 2247 sermo
490 2214 662 2247 Maritzam
683 2218 869 2267 nuncupet,
899 2219 1034 2247 ventum
1050 2218 1120 2257 est,
1153 2224 1208 2248 res
1222 2213 1256 2247 in
1273 2214 1413 2247 Oriente
1435 2223 1499 2246 non
1522 2212 1571 2246 ita
1587 2213 1660 2256 geri
1685 2213 1798 2257 perci-

366 2257 473 2310 piens,
495 2255 699 2291 celeritatem
713 2259 838 2292 itineris
853 2264 998 2292 moratus
1013 2259 1140 2292 tardius
1156 2270 1196 2292 ac
1211 2269 1272 2303 per
1285 2258 1384 2291 otium
1399 2257 1583 2299 intendere,
1603 2263 1635 2291 et
1651 2257 1798 2302 impera-

367 2302 498 2335 toribus
511 2302 622 2336 solitas
638 2303 822 2336 mansiones
838 2304 1013 2338 conficere.
1058 2310 1152 2338 recta
1166 2315 1248 2337 vero
1266 2315 1284 2336 e
1298 2303 1353 2337 via
1369 2302 1410 2336 ad
1423 2302 1596 2336 Orientem
1613 2302 1798 2336 deflectens

367 2347 665 2390 Didymotoechum
680 2348 820 2391 indeque
834 2349 1080 2402 Adrianopolim
1094 2350 1302 2382 transfertur.
1342 2358 1458 2381 verum
1473 2348 1610 2381 castella
1625 2351 1659 2382 et
1673 2348 1799 2393 oppida

369 2393 411 2425 ab
429 2391 577 2424 hostibus
591 2397 762 2436 occupata,
787 2392 915 2426 duobus
930 2394 1098 2446 exceptis,
1139 2393 1244 2435 omnia
1258 2394 1439 2446 imperator
1454 2397 1687 2437 recuperarat,
1711 2404 1799 2437 quo-

369 2447 443 2471 rum
466 2436 605 2470 alterum
631 2437 730 2470 vaide
751 2437 909 2490 exiguum
933 2438 964 2470 in
991 2439 1131 2472 collibus
1155 2432 1319 2472 Achridae
1341 2437 1457 2480 situm,
1495 2439 1633 2471 Patmon
1656 2438 1798 2482 nomine,

370 2482 459 2516 nullo
476 2481 631 2525 deinceps
648 2481 782 2535 negotio
798 2493 819 2515 a
834 2482 1093 2527 Philantropeno
1110 2483 1223 2517 Alexio
1237 2483 1350 2523 Duca,
1382 2483 1415 2516 in
1438 2483 1621 2516 custodiam
1635 2463 1800 2516 Achrida3

367 2538 430 2561 nae
444 2526 590 2570 regionis
606 2528 648 2560 ab
663 2527 865 2572 imperatore
884 2528 1012 2569 relicto,
1037 2533 1259 2572 expugnatum
1275 2533 1348 2561 est·
1338 2552 1348 2569 ‚
1388 2528 1525 2561 alterum
1540 2528 1723 2572 Tzepaena
1737 2527 1799 2561 fir-

367 2571 510 2606 missime
536 2577 664 2616 septum
689 2573 911 2626 munitumque
926 2572 959 2606 in
974 2572 1047 2616 ipso
1063 2573 1276 2606 maximorum
1293 2572 1447 2606 montium
1464 2573 1583 2606 Haemi
1601 2572 1800 2617 Rhodopes-

369 2628 447 2661 que,
470 2617 558 2650 inter
574 2628 656 2661 quos
671 2618 805 2651 Hebrus
820 2617 940 2652 fluvius
955 2617 1175 2671 praeterfluit,
1199 2629 1370 2652 concursu.
1417 2618 1605 2662 imperator,
1628 2618 1735 2670 quod
1733 2628 1799 2650 ιιοιι

368 2662 495 2704 horum,
518 2662 614 2695 sicuti
630 2668 848 2704 caeterorum,
872 2663 994 2708 potitus
1009 2662 1133 2705 suisset,
1160 2673 1265 2707 quae,
1289 2664 1336 2697 uti
1350 2663 1501 2708 potiora,
1525 2663 1621 2696 subdi
1639 2662 1800 2716 nequive-

366 2712 455 2749 rant,
470 2717 571 2760 aegre
583 2708 674 2751 angi,
690 2708 750 2742 sed
754 2709 940 2762 Tzepaena
954 2708 1154 2753 potissimum
1171 2708 1338 2752 exagitari
1352 2713 1452 2753 atque
1467 2708 1574 2742 animo
1591 2706 1797 2742 discruciari.

366 2763 470 2796 quare
483 2751 517 2786 in
533 2764 603 2790 eam
619 2753 860 2797 expeditionem
875 2754 1070 2795 maturavit,
1094 2754 1247 2797 viresque
1262 2753 1368 2787 voluit
1383 2753 1528 2807 experiri
1545 2764 1639 2792 suas.
1671 2751 1700 2786 si
1716 2750 1797 2796 quid

366 2797 580 2842 proficerent.
625 2799 765 2845 elapsa·
754 2810 820 2835 iam
834 2803 964 2835 aestate
973 2823 985 2842 ,
1007 2799 1146 2834 extremi
1159 2801 1221 2834 sub
1237 2810 1348 2834 casum
1363 2798 1528 2843 autumni,
1550 2808 1658 2844 neque
1670 2803 1799 2843 tempe-
