<?xml version="1.0" encoding="UTF-8"?>
<!DOCTYPE html PUBLIC "-//W3C//DTD XHTML 1.0 Transitional//EN"
    "http://www.w3.org/TR/xhtml1/DTD/xhtml1-transitional.dtd">
<html xmlns="http://www.w3.org/1999/xhtml" xml:lang="en" lang="en">
 <head>
  <title>
</title>
<meta http-equiv="Content-Type" content="text/html;charset=utf-8" />
  <meta name='ocr-system' content='tesseract 3.04.00' />
  <meta name='ocr-capabilities' content='ocr_page ocr_carea ocr_par ocr_line ocrx_word'/>
</head>
<body>
  <div class='ocr_page' id='page_1' title='image "./corpusscriptorum06niebuoft_0182.png"; bbox 0 0 1872 3236; ppageno 0'>
   <div class='ocr_carea' id='block_1_1' title="bbox 211 429 243 464">
    <p class='ocr_par' dir='ltr' id='par_1_1' title="bbox 211 429 243 464">
     <span class='ocr_line' id='line_1_1' title="bbox 211 429 243 464; baseline 0 0"><span class='ocrx_word' id='word_1_1' title='bbox 211 429 243 464; x_wconf 89' lang='lat' dir='ltr'><strong>B</strong></span> 
     </span>
    </p>
   </div>
   <div class='ocr_carea' id='block_1_2' title="bbox 265 180 1325 235">
    <p class='ocr_par' dir='ltr' id='par_1_2' title="bbox 265 180 1325 235">
     <span class='ocr_line' id='line_1_2' title="bbox 265 180 1325 235; baseline -0.002 -8"><span class='ocrx_word' id='word_1_2' title='bbox 265 181 361 228; x_wconf 88' lang='lat'><strong>166</strong></span> <span class='ocrx_word' id='word_1_3' title='bbox 647 180 1022 235; x_wconf 81' lang='lat' dir='ltr'><strong>CONSTANTINI</strong></span> <span class='ocrx_word' id='word_1_4' title='bbox 1061 181 1325 226; x_wconf 80' lang='lat' dir='ltr'>MANASSIS</span> 
     </span>
    </p>
   </div>
   <div class='ocr_carea' id='block_1_3' title="bbox 265 288 1695 1923">
    <p class='ocr_par' dir='ltr' id='par_1_3' title="bbox 265 288 1695 1923">
     <span class='ocr_line' id='line_1_3' title="bbox 400 288 1423 353; baseline 0.001 -15"><span class='ocrx_word' id='word_1_5' title='bbox 400 295 495 345; x_wconf 81' lang='grc' dir='ltr'><em>τοὺς</em></span> <span class='ocrx_word' id='word_1_6' title='bbox 509 295 709 349; x_wconf 78' lang='grc' dir='ltr'><em>βασιλέως</em></span> <span class='ocrx_word' id='word_1_7' title='bbox 729 295 794 336; x_wconf 79' lang='grc' dir='ltr'><strong>καὶ</strong></span> <span class='ocrx_word' id='word_1_8' title='bbox 811 293 963 351; x_wconf 84' lang='grc' dir='ltr'><em>πατρὸς</em></span> <span class='ocrx_word' id='word_1_9' title='bbox 979 295 1141 346; x_wconf 73' lang='grc' dir='ltr'><em>ἐνδίκως</em></span> <span class='ocrx_word' id='word_1_10' title='bbox 1159 288 1423 353; x_wconf 70' lang='grc' dir='ltr'><em>ἀποσφάττει,</em></span> 
     </span>
     <span class='ocr_line' id='line_1_4' title="bbox 265 362 1364 421; baseline -0.001 -14"><span class='ocrx_word' id='word_1_11' title='bbox 265 363 376 410; x_wconf 84' lang='grc'><strong><em>3855</em></strong></span> <span class='ocrx_word' id='word_1_12' title='bbox 396 365 463 406; x_wconf 83' lang='grc' dir='ltr'><strong>καὶ</strong></span> <span class='ocrx_word' id='word_1_13' title='bbox 483 363 557 405; x_wconf 73' lang='grc' dir='ltr'><strong>σὺν</strong></span> <span class='ocrx_word' id='word_1_14' title='bbox 580 363 716 413; x_wconf 78' lang='grc' dir='ltr'><em>αὐτοῖς</em></span> <span class='ocrx_word' id='word_1_15' title='bbox 735 365 922 415; x_wconf 71' lang='grc' dir='ltr'><em>ΙΠιζίζιον</em></span> <span class='ocrx_word' id='word_1_16' title='bbox 943 363 1012 406; x_wconf 84' lang='grc' dir='ltr'><strong>τὸν</strong></span> <span class='ocrx_word' id='word_1_17' title='bbox 1035 362 1364 421; x_wconf 73' lang='grc' dir='ltr'><em>τετυραννηκότα.</em></span> 
     </span>
     <span class='ocr_line' id='line_1_5' title="bbox 397 430 1380 489; baseline 0 -15"><span class='ocrx_word' id='word_1_18' title='bbox 397 437 540 474; x_wconf 84' lang='grc' dir='ltr'><em>τοῦτον</em></span> <span class='ocrx_word' id='word_1_19' title='bbox 558 431 628 473; x_wconf 86' lang='grc' dir='ltr'><strong>τὸν</strong></span> <span class='ocrx_word' id='word_1_20' title='bbox 651 430 930 488; x_wconf 80' lang='grc' dir='ltr'><em>αὐτοκράτορα</em></span> <span class='ocrx_word' id='word_1_21' title='bbox 956 431 1054 484; x_wconf 80' lang='grc' dir='ltr'><em>λαὸς</em></span> <span class='ocrx_word' id='word_1_22' title='bbox 1076 430 1096 474; x_wconf 83' lang='grc' dir='ltr'><strong>ὅ</strong></span> <span class='ocrx_word' id='word_1_23' title='bbox 1118 431 1380 489; x_wconf 74' lang='grc' dir='ltr'><em>συρφετώδης</em></span> 
     </span>
     <span class='ocr_line' id='line_1_6' title="bbox 402 498 1489 556; baseline 0 -15"><span class='ocrx_word' id='word_1_24' title='bbox 402 501 469 541; x_wconf 86' lang='grc' dir='ltr'><strong>καὶ</strong></span> <span class='ocrx_word' id='word_1_25' title='bbox 492 498 537 541; x_wconf 83' lang='grc' dir='ltr'><em>τὸ</em></span> <span class='ocrx_word' id='word_1_26' title='bbox 562 504 633 545; x_wconf 81' lang='grc' dir='ltr'><strong>τοῦ</strong></span> <span class='ocrx_word' id='word_1_27' title='bbox 658 499 788 555; x_wconf 83' lang='grc' dir='ltr'><em>δήμου</em></span> <span class='ocrx_word' id='word_1_28' title='bbox 815 501 1009 556; x_wconf 78' lang='grc' dir='ltr'><strong><em>συμμιγὲς</em></strong></span> <span class='ocrx_word' id='word_1_29' title='bbox 1030 499 1198 543; x_wconf 76' lang='grc' dir='ltr'><strong><em>ἐκάλουν</em></strong></span> <span class='ocrx_word' id='word_1_30' title='bbox 1217 503 1489 555; x_wconf 79' lang='grc' dir='ltr'><em>Πωγωνᾶτον,</em></span> 
     </span>
     <span class='ocr_line' id='line_1_7' title="bbox 403 567 1406 625; baseline 0.003 -17"><span class='ocrx_word' id='word_1_31' title='bbox 403 567 466 610; x_wconf 78' lang='grc' dir='ltr'><strong>ὅτι</strong></span> <span class='ocrx_word' id='word_1_32' title='bbox 477 598 490 618; x_wconf 94' lang='grc'><em>,</em></span> <span class='ocrx_word' id='word_1_33' title='bbox 526 569 672 625; x_wconf 81' lang='grc' dir='ltr'><em>φασίν,</em></span> <span class='ocrx_word' id='word_1_34' title='bbox 703 571 976 611; x_wconf 77' lang='grc' dir='ltr'><em>ἒκναυστολιῢν</em></span> <span class='ocrx_word' id='word_1_35' title='bbox 997 569 1101 611; x_wconf 83' lang='grc' dir='ltr'><em>κατὰ</em></span> <span class='ocrx_word' id='word_1_36' title='bbox 1123 573 1194 611; x_wconf 84' lang='grc' dir='ltr'><strong>τοῦ</strong></span> <span class='ocrx_word' id='word_1_37' title='bbox 1217 570 1406 620; x_wconf 81' lang='grc' dir='ltr'><em>Μιζιζιόυ</em></span> 
     </span>
     <span class='ocr_line' id='line_1_8' title="bbox 405 636 1365 694; baseline 0.004 -18"><span class='ocrx_word' id='word_1_38' title='bbox 405 638 549 691; x_wconf 77' lang='grc' dir='ltr'><em>μεῖραξ</em></span> <span class='ocrx_word' id='word_1_39' title='bbox 570 636 963 694; x_wconf 76' lang='grc' dir='ltr'><em>τρυφεροπρόσωπος</em></span> <span class='ocrx_word' id='word_1_40' title='bbox 984 637 1167 687; x_wconf 80' lang='grc' dir='ltr'><em>ἀνιόυλος</em></span> <span class='ocrx_word' id='word_1_41' title='bbox 1194 636 1365 692; x_wconf 80' lang='grc' dir='ltr'><em>ἄπώγων</em></span> 
     </span>
     <span class='ocr_line' id='line_1_9' title="bbox 269 703 1339 762; baseline 0 -15"><span class='ocrx_word' id='word_1_42' title='bbox 269 706 381 747; x_wconf 80' lang='grc'>5860</span> <span class='ocrx_word' id='word_1_43' title='bbox 407 705 560 746; x_wconf 71' lang='grc' dir='ltr'><em>ἐκεῖθεν</em></span> <span class='ocrx_word' id='word_1_44' title='bbox 582 705 913 762; x_wconf 72' lang='grc' dir='ltr'><em>ἀνθυπέστρεψεν</em></span> <span class='ocrx_word' id='word_1_45' title='bbox 935 705 1036 760; x_wconf 79' lang='grc' dir='ltr'><em>ἀνὴρ</em></span> <span class='ocrx_word' id='word_1_46' title='bbox 1056 703 1339 760; x_wconf 78' lang='grc' dir='ltr'><em>τελειοπώγων.</em></span> 
     </span>
     <span class='ocr_line' id='line_1_10' title="bbox 403 767 1424 831; baseline 0.003 -17"><span class='ocrx_word' id='word_1_47' title='bbox 403 767 520 825; x_wconf 73' lang='grc' dir='ltr'><em>οὗτος</em></span> <span class='ocrx_word' id='word_1_48' title='bbox 541 772 741 830; x_wconf 74' lang='grc' dir='ltr'><em>ἀθροίσας</em></span> <span class='ocrx_word' id='word_1_49' title='bbox 766 773 960 829; x_wconf 77' lang='grc' dir='ltr'><em>σύλλογον</em></span> <span class='ocrx_word' id='word_1_50' title='bbox 979 773 1137 830; x_wconf 83' lang='grc' dir='ltr'><em>ἀνδρῶν</em></span> <span class='ocrx_word' id='word_1_51' title='bbox 1158 772 1424 831; x_wconf 71' lang='grc' dir='ltr'><em>θεοφορήτων</em></span> 
     </span>
     <span class='ocr_line' id='line_1_11' title="bbox 405 840 1310 899; baseline 0 -15"><span class='ocrx_word' id='word_1_52' title='bbox 405 840 480 895; x_wconf 80' lang='grc' dir='ltr'><strong>τὴν</strong></span> <span class='ocrx_word' id='word_1_53' title='bbox 496 841 692 897; x_wconf 86' lang='grc' dir='ltr'><em>πατρικὴν</em></span> <span class='ocrx_word' id='word_1_54' title='bbox 711 842 896 895; x_wconf 76' lang='grc' dir='ltr'><em>ἀσέβειαν</em></span> <span class='ocrx_word' id='word_1_55' title='bbox 918 842 1115 885; x_wconf 76' lang='grc' dir='ltr'><em>ἀνέσπασε</em></span> <span class='ocrx_word' id='word_1_56' title='bbox 1138 841 1310 899; x_wconf 72' lang='grc' dir='ltr'><em>ῥιζόθεν,</em></span> 
     </span>
     <span class='ocr_line' id='line_1_12' title="bbox 405 909 1596 966; baseline 0.001 -16"><span class='ocrx_word' id='word_1_57' title='bbox 405 915 489 959; x_wconf 78' lang='grc' dir='ltr'><em>τοῖς</em></span> <span class='ocrx_word' id='word_1_58' title='bbox 512 917 753 966; x_wconf 77' lang='grc' dir='ltr'><em>φυτουργοῖς</em></span> <span class='ocrx_word' id='word_1_59' title='bbox 771 914 851 952; x_wconf 82' lang='grc' dir='ltr'><strong>τῶν</strong></span> <span class='ocrx_word' id='word_1_60' title='bbox 873 910 1049 964; x_wconf 76' lang='grc' dir='ltr'>εὐσεβῶν</span> <span class='ocrx_word' id='word_1_61' title='bbox 1065 913 1349 966; x_wconf 65' lang='grc' dir='ltr'><em>καταρτισθεὶς</em></span> <span class='ocrx_word' id='word_1_62' title='bbox 1370 909 1596 966; x_wconf 75' lang='grc' dir='ltr'><em>δογμάτων.</em></span> 
     </span>
     <span class='ocr_line' id='line_1_13' title="bbox 407 970 1299 1035; baseline 0.002 -17"><span class='ocrx_word' id='word_1_63' title='bbox 407 975 545 1019; x_wconf 73' lang='grc' dir='ltr'><em>ἴθυνεν</em></span> <span class='ocrx_word' id='word_1_64' title='bbox 567 971 636 1020; x_wconf 74' lang='grc' dir='ltr'><strong>οὖν</strong></span> <span class='ocrx_word' id='word_1_65' title='bbox 657 979 698 1021; x_wconf 73' lang='grc' dir='ltr'><strong>ἓν</strong></span> <span class='ocrx_word' id='word_1_66' title='bbox 725 970 826 1022; x_wconf 66' lang='grc' dir='ltr'><em>ἔτεσι</em></span> <span class='ocrx_word' id='word_1_67' title='bbox 851 979 1048 1022; x_wconf 79' lang='grc' dir='ltr'><em>δεκαεπτὰ</em></span> <span class='ocrx_word' id='word_1_68' title='bbox 1070 979 1115 1021; x_wconf 83' lang='grc' dir='ltr'><em>τὸ</em></span> <span class='ocrx_word' id='word_1_69' title='bbox 1139 977 1299 1035; x_wconf 81' lang='grc' dir='ltr'><em>κράτος.</em></span> 
     </span>
     <span class='ocr_line' id='line_1_14' title="bbox 275 1042 1515 1101; baseline 0.002 -15"><span class='ocrx_word' id='word_1_70' title='bbox 275 1042 386 1090; x_wconf 80' lang='grc'><strong>3865</strong></span> <span class='ocrx_word' id='word_1_71' title='bbox 410 1043 465 1095; x_wconf 79' lang='grc' dir='ltr'><strong>ὥς</strong></span> <span class='ocrx_word' id='word_1_72' title='bbox 488 1047 533 1087; x_wconf 75' lang='grc' dir='ltr'><strong>δὲ</strong></span> <span class='ocrx_word' id='word_1_73' title='bbox 550 1048 615 1089; x_wconf 85' lang='grc' dir='ltr'><strong>καὶ</strong></span> <span class='ocrx_word' id='word_1_74' title='bbox 640 1045 831 1100; x_wconf 71' lang='grc' dir='ltr'><em>θνήσκειν</em></span> <span class='ocrx_word' id='word_1_75' title='bbox 851 1046 986 1101; x_wconf 65' lang='grc' dir='ltr'><em>ἔμελλε</em></span> <span class='ocrx_word' id='word_1_76' title='bbox 1007 1048 1074 1088; x_wconf 84' lang='grc' dir='ltr'><strong>καὶ</strong></span> <span class='ocrx_word' id='word_1_77' title='bbox 1095 1052 1294 1090; x_wconf 82' lang='grc' dir='ltr'><em>καταντᾶν</em></span> <span class='ocrx_word' id='word_1_78' title='bbox 1316 1048 1371 1093; x_wconf 81' lang='grc' dir='ltr'><strong>εἷς</strong></span> <span class='ocrx_word' id='word_1_79' title='bbox 1393 1045 1515 1097; x_wconf 82' lang='grc' dir='ltr'><em>κόνιν,</em></span> 
     </span>
     <span class='ocr_line' id='line_1_15' title="bbox 410 1114 1185 1168; baseline 0.003 -14"><span class='ocrx_word' id='word_1_80' title='bbox 410 1114 499 1155; x_wconf 80' lang='grc' dir='ltr'><em>υἱὸν</em></span> <span class='ocrx_word' id='word_1_81' title='bbox 513 1114 794 1156; x_wconf 83' lang='grc' dir='ltr'><em>Ἰουστινιανὸν</em></span> <span class='ocrx_word' id='word_1_82' title='bbox 820 1117 993 1157; x_wconf 79' lang='grc' dir='ltr'><em>δείκνυσι</em></span> <span class='ocrx_word' id='word_1_83' title='bbox 1012 1115 1185 1168; x_wconf 76' lang='grc' dir='ltr'><em>βασιλέα</em></span> 
     </span>
     <span class='ocr_line' id='line_1_16' title="bbox 414 1180 1509 1240; baseline 0.002 -18"><span class='ocrx_word' id='word_1_84' title='bbox 414 1184 480 1223; x_wconf 84' lang='grc' dir='ltr'><strong>καὶ</strong></span> <span class='ocrx_word' id='word_1_85' title='bbox 501 1180 679 1238; x_wconf 81' lang='grc' dir='ltr'><em>κράτορα</em></span> <span class='ocrx_word' id='word_1_86' title='bbox 699 1185 939 1238; x_wconf 71' lang='grc' dir='ltr'><em>καθίστησιν</em></span> <span class='ocrx_word' id='word_1_87' title='bbox 965 1183 1167 1240; x_wconf 69' lang='grc' dir='ltr'><em>αὕταρχον</em></span> <span class='ocrx_word' id='word_1_88' title='bbox 1187 1187 1260 1238; x_wconf 78' lang='grc' dir='ltr'><strong>γῆς</strong></span> <span class='ocrx_word' id='word_1_89' title='bbox 1270 1181 1509 1235; x_wconf 45' lang='grc' dir='ltr'><em>εΡωμαίων·</em></span> 
     </span>
     <span class='ocr_line' id='line_1_17' title="bbox 415 1249 1410 1307; baseline -0.001 -16"><span class='ocrx_word' id='word_1_90' title='bbox 415 1249 460 1299; x_wconf 81' lang='grc' dir='ltr'><strong>ὃς</strong></span> <span class='ocrx_word' id='word_1_91' title='bbox 481 1250 558 1291; x_wconf 81' lang='grc' dir='ltr'><strong>ἀπὸ</strong></span> <span class='ocrx_word' id='word_1_92' title='bbox 575 1249 750 1307; x_wconf 74' lang='grc' dir='ltr'><em>βάθρων</em></span> <span class='ocrx_word' id='word_1_93' title='bbox 774 1251 950 1307; x_wconf 73' lang='grc' dir='ltr'><em>ἤγειρεν,</em></span> <span class='ocrx_word' id='word_1_94' title='bbox 986 1251 1065 1293; x_wconf 74' lang='grc' dir='ltr'><strong>ἀπὸ</strong></span> <span class='ocrx_word' id='word_1_95' title='bbox 1089 1251 1206 1307; x_wconf 80' lang='grc' dir='ltr'><em>ῥιζῶν</em></span> <span class='ocrx_word' id='word_1_96' title='bbox 1231 1249 1410 1304; x_wconf 76' lang='grc' dir='ltr'><em>ἐσχάτων</em></span> 
     </span>
     <span class='ocr_line' id='line_1_18' title="bbox 415 1316 1620 1376; baseline 0.001 -17"><span class='ocrx_word' id='word_1_97' title='bbox 415 1318 484 1365; x_wconf 82' lang='grc' dir='ltr'><strong>τὸν</strong></span> <span class='ocrx_word' id='word_1_98' title='bbox 502 1319 628 1372; x_wconf 74' lang='grc' dir='ltr'><em>με’γαν</em></span> <span class='ocrx_word' id='word_1_99' title='bbox 651 1317 758 1361; x_wconf 79' lang='grc' dir='ltr'><em>οἶκον</em></span> <span class='ocrx_word' id='word_1_100' title='bbox 780 1320 849 1360; x_wconf 81' lang='grc' dir='ltr'><strong>τὸν</strong></span> <span class='ocrx_word' id='word_1_101' title='bbox 867 1319 1052 1375; x_wconf 83' lang='grc' dir='ltr'><em>λαμπρὸν</em></span> <span class='ocrx_word' id='word_1_102' title='bbox 1070 1318 1139 1360; x_wconf 85' lang='grc' dir='ltr'><strong>τὸν</strong></span> <span class='ocrx_word' id='word_1_103' title='bbox 1160 1320 1201 1360; x_wconf 75' lang='grc' dir='ltr'><strong>ἐν</strong></span> <span class='ocrx_word' id='word_1_104' title='bbox 1219 1324 1304 1368; x_wconf 83' lang='grc' dir='ltr'><em>τοῖς</em></span> <span class='ocrx_word' id='word_1_105' title='bbox 1320 1316 1572 1376; x_wconf 70' lang='grc' dir='ltr'><em>ἀνακτόροις,</em></span> <span class='ocrx_word' id='word_1_106' title='bbox 1616 1338 1620 1342; x_wconf 86' lang='grc'><em>·</em></span> 
     </span>
     <span class='ocr_line' id='line_1_19' title="bbox 279 1384 1403 1443; baseline -0.001 -16"><span class='ocrx_word' id='word_1_107' title='bbox 279 1387 391 1427; x_wconf 80' lang='grc'><strong>3870</strong></span> <span class='ocrx_word' id='word_1_108' title='bbox 409 1386 593 1443; x_wconf 77' lang='grc' dir='ltr'><em>χρυσέων</em></span> <span class='ocrx_word' id='word_1_109' title='bbox 618 1385 906 1443; x_wconf 76' lang='grc' dir='ltr'><em>πυραυγήμασι</em></span> <span class='ocrx_word' id='word_1_110' title='bbox 923 1388 1121 1442; x_wconf 72' lang='grc' dir='ltr'><em>ψηφίδων</em></span> <span class='ocrx_word' id='word_1_111' title='bbox 1144 1384 1403 1441; x_wconf 79' lang='grc' dir='ltr'><em>καταυγάσας</em></span> 
     </span>
     <span class='ocr_line' id='line_1_20' title="bbox 415 1450 1597 1511; baseline -0.002 -15"><span class='ocrx_word' id='word_1_112' title='bbox 415 1454 511 1504; x_wconf 74' lang='grc' dir='ltr'><em>τοὺς</em></span> <span class='ocrx_word' id='word_1_113' title='bbox 526 1455 707 1509; x_wconf 85' lang='grc' dir='ltr'><em>τοίχους,</em></span> <span class='ocrx_word' id='word_1_114' title='bbox 737 1457 803 1497; x_wconf 83' lang='grc' dir='ltr'><strong>καὶ</strong></span> <span class='ocrx_word' id='word_1_115' title='bbox 824 1455 869 1497; x_wconf 88' lang='grc' dir='ltr'><em>τὸ</em></span> <span class='ocrx_word' id='word_1_116' title='bbox 891 1454 1065 1497; x_wconf 77' lang='grc' dir='ltr'><em>δάπεδον</em></span> <span class='ocrx_word' id='word_1_117' title='bbox 1080 1453 1313 1511; x_wconf 81' lang='grc' dir='ltr'><em>μαρμάροις</em></span> <span class='ocrx_word' id='word_1_118' title='bbox 1331 1450 1597 1509; x_wconf 84' lang='grc' dir='ltr'><em>καλλιχρόοις,</em></span> 
     </span>
     <span class='ocr_line' id='line_1_21' title="bbox 419 1520 1363 1579; baseline 0 -16"><span class='ocrx_word' id='word_1_119' title='bbox 419 1520 463 1572; x_wconf 75' lang='grc' dir='ltr'><strong>ὃς</strong></span> <span class='ocrx_word' id='word_1_120' title='bbox 485 1522 542 1564; x_wconf 65' lang='grc' dir='ltr'><strong>ἔτι</strong></span> <span class='ocrx_word' id='word_1_121' title='bbox 564 1526 638 1565; x_wconf 84' lang='grc' dir='ltr'><strong>τοῦ</strong></span> <span class='ocrx_word' id='word_1_122' title='bbox 658 1522 884 1579; x_wconf 76' lang='grc' dir='ltr'><em>ὁομήτορος</em></span> <span class='ocrx_word' id='word_1_123' title='bbox 906 1523 978 1578; x_wconf 80' lang='grc' dir='ltr'><strong>τὴν</strong></span> <span class='ocrx_word' id='word_1_124' title='bbox 1001 1527 1143 1577; x_wconf 78' lang='grc' dir='ltr'><em>κλῆσιν</em></span> <span class='ocrx_word' id='word_1_125' title='bbox 1165 1522 1363 1574; x_wconf 78' lang='grc' dir='ltr'><em>διασώζει.</em></span> 
     </span>
     <span class='ocr_line' id='line_1_22' title="bbox 481 1587 1493 1647; baseline -0.002 -15"><span class='ocrx_word' id='word_1_126' title='bbox 481 1588 539 1632; x_wconf 76' lang='lat' dir='ltr'><strong>‘O</strong></span> <span class='ocrx_word' id='word_1_127' title='bbox 561 1591 754 1645; x_wconf 77' lang='grc' dir='ltr'><em>βασιλεὺς</em></span> <span class='ocrx_word' id='word_1_128' title='bbox 778 1592 822 1634; x_wconf 77' lang='grc' dir='ltr'><strong>δὲ</strong></span> <span class='ocrx_word' id='word_1_129' title='bbox 840 1593 1031 1647; x_wconf 73' lang='grc' dir='ltr'><em>μισηθεὶς</em></span> <span class='ocrx_word' id='word_1_130' title='bbox 1048 1590 1264 1647; x_wconf 74' lang='grc' dir='ltr'><em>ἄρχουσιν,</em></span> <span class='ocrx_word' id='word_1_131' title='bbox 1300 1587 1493 1640; x_wconf 75' lang='grc' dir='ltr'><em>ἰδιώταις,</em></span> 
     </span>
     <span class='ocr_line' id='line_1_23' title="bbox 419 1656 1554 1718; baseline -0.003 -18"><span class='ocrx_word' id='word_1_132' title='bbox 419 1665 504 1709; x_wconf 80' lang='grc' dir='ltr'><em>τοῖς</em></span> <span class='ocrx_word' id='word_1_133' title='bbox 526 1658 660 1714; x_wconf 76' lang='grc' dir='ltr'><em>ὄχλοις</em></span> <span class='ocrx_word' id='word_1_134' title='bbox 683 1667 767 1709; x_wconf 82' lang='grc' dir='ltr'><em>τοῖς</em></span> <span class='ocrx_word' id='word_1_135' title='bbox 788 1661 830 1701; x_wconf 77' lang='grc' dir='ltr'><strong>ἒν</strong></span> <span class='ocrx_word' id='word_1_136' title='bbox 853 1660 984 1718; x_wconf 70' lang='grc' dir='ltr'><em>ἀγορᾷ</em></span> <span class='ocrx_word' id='word_1_137' title='bbox 995 1691 1009 1710; x_wconf 90' lang='grc'><em>,</em></span> <span class='ocrx_word' id='word_1_138' title='bbox 1039 1666 1123 1709; x_wconf 81' lang='grc' dir='ltr'><em>τοῖς</em></span> <span class='ocrx_word' id='word_1_139' title='bbox 1142 1661 1183 1701; x_wconf 72' lang='grc' dir='ltr'><strong>ἓν</strong></span> <span class='ocrx_word' id='word_1_140' title='bbox 1201 1665 1285 1708; x_wconf 79' lang='grc' dir='ltr'><em>τοῖς</em></span> <span class='ocrx_word' id='word_1_141' title='bbox 1303 1656 1554 1714; x_wconf 76' lang='grc' dir='ltr'><em>ἀνακτόροις,</em></span> 
     </span>
     <span class='ocr_line' id='line_1_24' title="bbox 422 1725 1695 1786; baseline 0.002 -18"><span class='ocrx_word' id='word_1_142' title='bbox 422 1725 477 1776; x_wconf 79' lang='grc' dir='ltr'><strong>ὡς</strong></span> <span class='ocrx_word' id='word_1_143' title='bbox 495 1726 836 1784; x_wconf 82' lang='grc' dir='ltr'><em>σκληρογνώμων,</em></span> <span class='ocrx_word' id='word_1_144' title='bbox 873 1726 928 1777; x_wconf 79' lang='grc' dir='ltr'><strong>ὥς</strong></span> <span class='ocrx_word' id='word_1_145' title='bbox 950 1725 1110 1778; x_wconf 85' lang='grc' dir='ltr'><em>σκαιός,</em></span> <span class='ocrx_word' id='word_1_146' title='bbox 1139 1725 1194 1777; x_wconf 78' lang='grc' dir='ltr'><strong>ὡς</strong></span> <span class='ocrx_word' id='word_1_147' title='bbox 1212 1729 1420 1783; x_wconf 73' lang='grc' dir='ltr'><em>ἐντρυφῶν</em></span> <span class='ocrx_word' id='word_1_148' title='bbox 1435 1732 1520 1775; x_wconf 79' lang='grc' dir='ltr'><em>τοῖς</em></span> <span class='ocrx_word' id='word_1_149' title='bbox 1541 1726 1695 1786; x_wconf 75' lang='grc' dir='ltr'><em>φόνοις,</em></span> 
     </span>
     <span class='ocr_line' id='line_1_25' title="bbox 422 1792 1534 1851; baseline -0.002 -14"><span class='ocrx_word' id='word_1_150' title='bbox 422 1797 489 1837; x_wconf 86' lang='grc' dir='ltr'><strong>καὶ</strong></span> <span class='ocrx_word' id='word_1_151' title='bbox 511 1796 630 1837; x_wconf 79' lang='grc' dir='ltr'><em>πλέον</em></span> <span class='ocrx_word' id='word_1_152' title='bbox 646 1793 700 1845; x_wconf 77' lang='grc' dir='ltr'><strong>ὡς</strong></span> <span class='ocrx_word' id='word_1_153' title='bbox 721 1796 974 1845; x_wconf 71' lang='grc' dir='ltr'><em>αὐθέκαστος</em></span> <span class='ocrx_word' id='word_1_154' title='bbox 997 1797 1038 1846; x_wconf 72' lang='grc' dir='ltr'><strong>ἐξ</strong></span> <span class='ocrx_word' id='word_1_155' title='bbox 1063 1795 1310 1851; x_wconf 77' lang='grc' dir='ltr'><em>αὗταρὲσκου</em></span> <span class='ocrx_word' id='word_1_156' title='bbox 1328 1792 1491 1849; x_wconf 71' lang='grc' dir='ltr'><em>γνώμης</em></span> <span class='ocrx_word' id='word_1_157' title='bbox 1531 1819 1534 1822; x_wconf 62' lang='lat'><em>&gt;</em></span> 
     </span>
     <span class='ocr_line' id='line_1_26' title="bbox 425 1855 1464 1923; baseline -0.001 -18"><span class='ocrx_word' id='word_1_158' title='bbox 425 1855 495 1920; x_wconf 75' lang='grc' dir='ltr'><strong>(ἦν</strong></span> <span class='ocrx_word' id='word_1_159' title='bbox 514 1863 592 1922; x_wconf 75' lang='grc' dir='ltr'><strong>γὰρ</strong></span> <span class='ocrx_word' id='word_1_160' title='bbox 613 1865 680 1906; x_wconf 83' lang='grc' dir='ltr'><strong>καὶ</strong></span> <span class='ocrx_word' id='word_1_161' title='bbox 703 1857 973 1923; x_wconf 71' lang='grc' dir='ltr'><em>δοκησίσοφος</em></span> <span class='ocrx_word' id='word_1_162' title='bbox 994 1865 1061 1906; x_wconf 83' lang='grc' dir='ltr'><strong>καὶ</strong></span> <span class='ocrx_word' id='word_1_163' title='bbox 1086 1862 1241 1922; x_wconf 77' lang='grc' dir='ltr'><em>πλήρης</em></span> <span class='ocrx_word' id='word_1_164' title='bbox 1260 1863 1464 1916; x_wconf 81' lang='grc' dir='ltr'><em>ἀπονοίας,</em></span> 
     </span>
    </p>
   </div>
   <div class='ocr_carea' id='block_1_4' title="bbox 285 1724 392 1771">
    <p class='ocr_par' dir='ltr' id='par_1_4' title="bbox 285 1724 392 1771">
     <span class='ocr_line' id='line_1_27' title="bbox 285 1724 392 1771; baseline -0.009 -3"><span class='ocrx_word' id='word_1_165' title='bbox 285 1724 392 1771; x_wconf 82' lang='lat'>3875</span> 
     </span>
    </p>
   </div>
   <div class='ocr_carea' id='block_1_5' title="bbox 379 2008 1753 2152">
    <p class='ocr_par' dir='ltr' id='par_1_5' title="bbox 379 2008 1753 2152">
     <span class='ocr_line' id='line_1_28' title="bbox 379 2008 1753 2061; baseline -0.002 -10"><span class='ocrx_word' id='word_1_166' title='bbox 379 2015 471 2051; x_wconf 83' lang='lat'>3861</span> <span class='ocrx_word' id='word_1_167' title='bbox 496 2014 656 2051; x_wconf 75' lang='grc' dir='ltr'><em>σύνοδον</em></span> <span class='ocrx_word' id='word_1_168' title='bbox 679 2016 719 2050; x_wconf 94' lang='grc' dir='ltr'><strong>Μ</strong></span> <span class='ocrx_word' id='word_1_169' title='bbox 828 2016 921 2051; x_wconf 77' lang='grc'><strong>3862</strong></span> <span class='ocrx_word' id='word_1_170' title='bbox 944 2013 1159 2061; x_wconf 75' lang='grc' dir='ltr'><em>δυσσέβειαν</em></span> <span class='ocrx_word' id='word_1_171' title='bbox 1181 2015 1222 2049; x_wconf 89' lang='grc' dir='ltr'><strong>Μ</strong></span> <span class='ocrx_word' id='word_1_172' title='bbox 1319 2013 1426 2050; x_wconf 76' lang='grc'><strong>3864</strong></span> <span class='ocrx_word' id='word_1_173' title='bbox 1452 2011 1561 2047; x_wconf 78' lang='grc' dir='ltr'><em>ἴθυνε</em></span> <span class='ocrx_word' id='word_1_174' title='bbox 1586 2008 1653 2055; x_wconf 71' lang='grc' dir='ltr'><strong>μὲν</strong></span> <span class='ocrx_word' id='word_1_175' title='bbox 1682 2012 1753 2048; x_wconf 85' lang='grc' dir='ltr'><strong>ΑΜ</strong></span> 
     </span>
     <span class='ocr_line' id='line_1_29' title="bbox 381 2055 1753 2106; baseline -0.002 -11"><span class='ocrx_word' id='word_1_176' title='bbox 381 2062 474 2096; x_wconf 85' lang='grc'><strong>3867</strong></span> <span class='ocrx_word' id='word_1_177' title='bbox 508 2062 574 2105; x_wconf 85' lang='grc' dir='ltr'><em>τῆς</em></span> <span class='ocrx_word' id='word_1_178' title='bbox 599 2062 633 2095; x_wconf 85' lang='lat' dir='ltr'>R</span> <span class='ocrx_word' id='word_1_179' title='bbox 800 2062 894 2096; x_wconf 84' lang='lat'>3870</span> <span class='ocrx_word' id='word_1_180' title='bbox 924 2059 1158 2106; x_wconf 78' lang='grc' dir='ltr'><em>καταυγήσας</em></span> <span class='ocrx_word' id='word_1_181' title='bbox 1180 2061 1220 2095; x_wconf 87' lang='lat' dir='ltr'>M</span> <span class='ocrx_word' id='word_1_182' title='bbox 1378 2060 1469 2095; x_wconf 83' lang='grc'><strong>3871</strong></span> <span class='ocrx_word' id='word_1_183' title='bbox 1498 2055 1551 2094; x_wconf 82' lang='grc' dir='ltr'><strong>τὸ,</strong></span> <span class='ocrx_word' id='word_1_184' title='bbox 1577 2061 1697 2103; x_wconf 77' lang='grc' dir='ltr'><em>τεῖχας</em></span> <span class='ocrx_word' id='word_1_185' title='bbox 1722 2061 1753 2093; x_wconf 90' lang='grc' dir='ltr'><strong>Α</strong></span> 
     </span>
     <span class='ocr_line' id='line_1_30' title="bbox 383 2103 1415 2152; baseline -0.001 -11"><span class='ocrx_word' id='word_1_186' title='bbox 383 2106 606 2152; x_wconf 81' lang='grc' dir='ltr'><em>πολυχρόοις</em></span> <span class='ocrx_word' id='word_1_187' title='bbox 630 2108 665 2143; x_wconf 89' lang='lat' dir='ltr'>R</span> <span class='ocrx_word' id='word_1_188' title='bbox 778 2107 870 2144; x_wconf 83' lang='lat'>3874</span> <span class='ocrx_word' id='word_1_189' title='bbox 889 2108 951 2145; x_wconf 81' lang='grc' dir='ltr'><em>καὶ</em></span> <span class='ocrx_word' id='word_1_190' title='bbox 971 2110 1050 2150; x_wconf 78' lang='grc' dir='ltr'><em>τοῖς</em></span> <span class='ocrx_word' id='word_1_191' title='bbox 1071 2105 1110 2143; x_wconf 82' lang='grc' dir='ltr'><strong>ἐν</strong></span> <span class='ocrx_word' id='word_1_192' title='bbox 1135 2103 1356 2152; x_wconf 70' lang='grc' dir='ltr'><em>ἀνακτόροις</em></span> <span class='ocrx_word' id='word_1_193' title='bbox 1375 2105 1415 2140; x_wconf 88' lang='grc' dir='ltr'>Μ</span> 
     </span>
    </p>
   </div>
   <div class='ocr_carea' id='block_1_6' title="bbox 294 2240 1764 2893">
    <p class='ocr_par' dir='ltr' id='par_1_6' title="bbox 294 2240 1764 2788">
     <span class='ocr_line' id='line_1_31' title="bbox 295 2240 1754 2288; baseline -0.003 -11"><span class='ocrx_word' id='word_1_194' title='bbox 295 2245 333 2277; x_wconf 89' lang='lat' dir='ltr'><strong>et</strong></span> <span class='ocrx_word' id='word_1_195' title='bbox 360 2241 522 2275; x_wconf 86' lang='lat' dir='ltr'><strong>Mizizius</strong></span> <span class='ocrx_word' id='word_1_196' title='bbox 549 2242 638 2286; x_wconf 88' lang='lat' dir='ltr'><strong>fuit,</strong></span> <span class='ocrx_word' id='word_1_197' title='bbox 670 2242 731 2287; x_wconf 85' lang='lat' dir='ltr'><strong>qui</strong></span> <span class='ocrx_word' id='word_1_198' title='bbox 761 2243 982 2286; x_wconf 77' lang='lat' dir='ltr'><strong>tyrannidem</strong></span> <span class='ocrx_word' id='word_1_199' title='bbox 1013 2243 1221 2288; x_wconf 79' lang='lat' dir='ltr'><strong>arripuerat.</strong></span> <span class='ocrx_word' id='word_1_200' title='bbox 1267 2241 1358 2275; x_wconf 84' lang='lat' dir='ltr'><strong>hune</strong></span> <span class='ocrx_word' id='word_1_201' title='bbox 1381 2240 1627 2286; x_wconf 80' lang='lat' dir='ltr'><strong>imperatorem</strong></span> <span class='ocrx_word' id='word_1_202' title='bbox 1659 2240 1754 2274; x_wconf 85' lang='lat' dir='ltr'><strong>Con-</strong></span> 
     </span>
     <span class='ocr_line' id='line_1_32' title="bbox 294 2285 1758 2334; baseline -0.002 -11"><span class='ocrx_word' id='word_1_203' title='bbox 294 2287 483 2323; x_wconf 74' lang='lat' dir='ltr'><strong>stantinum</strong></span> <span class='ocrx_word' id='word_1_204' title='bbox 510 2287 631 2331; x_wconf 83' lang='lat' dir='ltr'><strong>vulgus</strong></span> <span class='ocrx_word' id='word_1_205' title='bbox 661 2288 834 2323; x_wconf 89' lang='lat' dir='ltr'><strong>hominum</strong></span> <span class='ocrx_word' id='word_1_206' title='bbox 864 2290 1101 2334; x_wconf 85' lang='lat' dir='ltr'><strong>Pogonatum,</strong></span> <span class='ocrx_word' id='word_1_207' title='bbox 1133 2290 1198 2322; x_wconf 91' lang='lat' dir='ltr'><strong>hoc</strong></span> <span class='ocrx_word' id='word_1_208' title='bbox 1222 2293 1277 2322; x_wconf 85' lang='lat' dir='ltr'><strong>est</strong></span> <span class='ocrx_word' id='word_1_209' title='bbox 1306 2287 1510 2330; x_wconf 87' lang='lat' dir='ltr'><strong>barbatum,</strong></span> <span class='ocrx_word' id='word_1_210' title='bbox 1545 2285 1758 2330; x_wconf 80' lang='lat' dir='ltr'><strong>appellabat,</strong></span> 
     </span>
     <span class='ocr_line' id='line_1_33' title="bbox 295 2331 1756 2386; baseline 0 -20"><span class='ocrx_word' id='word_1_211' title='bbox 295 2333 391 2386; x_wconf 69' lang='lat' dir='ltr'><strong>quod</strong></span> <span class='ocrx_word' id='word_1_212' title='bbox 405 2358 415 2376; x_wconf 88' lang='lat'><strong>,</strong></span> <span class='ocrx_word' id='word_1_213' title='bbox 437 2333 489 2366; x_wconf 89' lang='lat' dir='ltr'><strong>uti</strong></span> <span class='ocrx_word' id='word_1_214' title='bbox 509 2333 553 2366; x_wconf 91' lang='lat' dir='ltr'><strong>de</strong></span> <span class='ocrx_word' id='word_1_215' title='bbox 575 2332 750 2367; x_wconf 84' lang='lat' dir='ltr'><strong>literatum</strong></span> <span class='ocrx_word' id='word_1_216' title='bbox 773 2335 1001 2369; x_wconf 88' lang='lat' dir='ltr'>monumentis</span> <span class='ocrx_word' id='word_1_217' title='bbox 1031 2335 1237 2380; x_wconf 83' lang='lat' dir='ltr'><strong>accepimus,</strong></span> <span class='ocrx_word' id='word_1_218' title='bbox 1261 2332 1517 2377; x_wconf 83' lang='lat' dir='ltr'><strong>expeditionem</strong></span> <span class='ocrx_word' id='word_1_219' title='bbox 1536 2331 1628 2366; x_wconf 87' lang='lat' dir='ltr'><strong>illam</strong></span> <span class='ocrx_word' id='word_1_220' title='bbox 1650 2331 1756 2366; x_wconf 82' lang='lat' dir='ltr'><strong>mari-</strong></span> 
     </span>
     <span class='ocr_line' id='line_1_34' title="bbox 296 2377 1708 2424; baseline 0 -13"><span class='ocrx_word' id='word_1_221' title='bbox 296 2384 415 2412; x_wconf 81' lang='lat' dir='ltr'><strong>tlmam</strong></span> <span class='ocrx_word' id='word_1_222' title='bbox 441 2383 563 2412; x_wconf 84' lang='lat' dir='ltr'><strong>contra</strong></span> <span class='ocrx_word' id='word_1_223' title='bbox 589 2378 766 2412; x_wconf 84' lang='lat' dir='ltr'><strong>Mizizium</strong></span> <span class='ocrx_word' id='word_1_224' title='bbox 799 2380 993 2424; x_wconf 85' lang='lat' dir='ltr'><strong>suscipiens</strong></span> <span class='ocrx_word' id='word_1_225' title='bbox 1026 2381 1226 2414; x_wconf 81' lang='lat' dir='ltr'><strong>adolescens</strong></span> <span class='ocrx_word' id='word_1_226' title='bbox 1257 2379 1456 2421; x_wconf 76' lang='lat' dir='ltr'><strong>admodum,</strong></span> <span class='ocrx_word' id='word_1_227' title='bbox 1484 2377 1575 2412; x_wconf 87' lang='lat' dir='ltr'><strong>facie</strong></span> <span class='ocrx_word' id='word_1_228' title='bbox 1597 2377 1708 2411; x_wconf 81' lang='lat' dir='ltr'><strong>delica</strong></span> 
     </span>
     <span class='ocr_line' id='line_1_35' title="bbox 296 2422 1760 2469; baseline -0.001 -12"><span class='ocrx_word' id='word_1_229' title='bbox 296 2423 386 2458; x_wconf 81' lang='lat' dir='ltr'><strong>nihil</strong></span> <span class='ocrx_word' id='word_1_230' title='bbox 409 2424 539 2457; x_wconf 88' lang='lat' dir='ltr'><strong>habens</strong></span> <span class='ocrx_word' id='word_1_231' title='bbox 562 2423 734 2468; x_wconf 80' lang='lat' dir='ltr'><strong>lanuginis</strong></span> <span class='ocrx_word' id='word_1_232' title='bbox 756 2431 817 2458; x_wconf 84' lang='lat' dir='ltr'><strong>aut</strong></span> <span class='ocrx_word' id='word_1_233' title='bbox 830 2427 982 2469; x_wconf 84' lang='lat' dir='ltr'><strong>barbae,</strong></span> <span class='ocrx_word' id='word_1_234' title='bbox 1004 2437 1079 2459; x_wconf 89' lang='lat' dir='ltr'><strong>cum</strong></span> <span class='ocrx_word' id='word_1_235' title='bbox 1098 2427 1235 2469; x_wconf 85' lang='lat' dir='ltr'><strong>integra</strong></span> <span class='ocrx_word' id='word_1_236' title='bbox 1258 2423 1421 2468; x_wconf 85' lang='lat' dir='ltr'><strong>virilique</strong></span> <span class='ocrx_word' id='word_1_237' title='bbox 1443 2425 1554 2458; x_wconf 82' lang='lat' dir='ltr'><strong>barba</strong></span> <span class='ocrx_word' id='word_1_238' title='bbox 1574 2424 1618 2457; x_wconf 89' lang='lat' dir='ltr'><strong>de</strong></span> <span class='ocrx_word' id='word_1_239' title='bbox 1638 2422 1760 2457; x_wconf 85' lang='lat' dir='ltr'><strong>Sicilia</strong></span> 
     </span>
     <span class='ocr_line' id='line_1_36' title="bbox 298 2469 1758 2514; baseline -0.001 -10"><span class='ocrx_word' id='word_1_240' title='bbox 298 2480 464 2504; x_wconf 75' lang='lat' dir='ltr'><strong>reversus</strong></span> <span class='ocrx_word' id='word_1_241' title='bbox 487 2469 626 2503; x_wconf 86' lang='lat' dir='ltr'><strong>fuisset.</strong></span> <span class='ocrx_word' id='word_1_242' title='bbox 674 2471 809 2513; x_wconf 84' lang='lat' dir='ltr'><strong>synodo</strong></span> <span class='ocrx_word' id='word_1_243' title='bbox 836 2470 989 2504; x_wconf 87' lang='lat' dir='ltr'><strong>virorum</strong></span> <span class='ocrx_word' id='word_1_244' title='bbox 1020 2472 1186 2505; x_wconf 88' lang='lat' dir='ltr'><strong>divinitus</strong></span> <span class='ocrx_word' id='word_1_245' title='bbox 1217 2471 1485 2514; x_wconf 84' lang='lat' dir='ltr'><strong>gubernatorum</strong></span> <span class='ocrx_word' id='word_1_246' title='bbox 1519 2474 1662 2512; x_wconf 88' lang='lat' dir='ltr'><strong>coacta,</strong></span> <span class='ocrx_word' id='word_1_247' title='bbox 1694 2480 1758 2513; x_wconf 82' lang='lat' dir='ltr'><strong>pa-</strong></span> 
     </span>
     <span class='ocr_line' id='line_1_37' title="bbox 299 2514 1761 2561; baseline 0.001 -14"><span class='ocrx_word' id='word_1_248' title='bbox 299 2520 434 2548; x_wconf 77' lang='lat' dir='ltr'><strong>ternam</strong></span> <span class='ocrx_word' id='word_1_249' title='bbox 457 2515 669 2559; x_wconf 82' lang='lat' dir='ltr'><strong>impietatem</strong></span> <span class='ocrx_word' id='word_1_250' title='bbox 686 2516 852 2550; x_wconf 80' lang='lat' dir='ltr'><strong>radicitus</strong></span> <span class='ocrx_word' id='word_1_251' title='bbox 875 2517 1105 2561; x_wconf 83' lang='lat' dir='ltr'><strong>exstirpavit,</strong></span> <span class='ocrx_word' id='word_1_252' title='bbox 1134 2529 1154 2550; x_wconf 87' lang='lat' dir='ltr'><strong>a</strong></span> <span class='ocrx_word' id='word_1_253' title='bbox 1177 2516 1312 2560; x_wconf 86' lang='lat' dir='ltr'><strong>piorum</strong></span> <span class='ocrx_word' id='word_1_254' title='bbox 1335 2516 1532 2559; x_wconf 83' lang='lat' dir='ltr'><strong>dogmatum</strong></span> <span class='ocrx_word' id='word_1_255' title='bbox 1553 2514 1761 2559; x_wconf 84' lang='lat' dir='ltr'><strong>plantatori-</strong></span> 
     </span>
     <span class='ocr_line' id='line_1_38' title="bbox 300 2560 1761 2606; baseline -0.001 -11"><span class='ocrx_word' id='word_1_256' title='bbox 300 2561 368 2595; x_wconf 85' lang='lat' dir='ltr'><strong>bus</strong></span> <span class='ocrx_word' id='word_1_257' title='bbox 393 2560 429 2594; x_wconf 91' lang='lat' dir='ltr'><strong>in</strong></span> <span class='ocrx_word' id='word_1_258' title='bbox 450 2560 541 2594; x_wconf 85' lang='lat' dir='ltr'><strong>viam</strong></span> <span class='ocrx_word' id='word_1_259' title='bbox 559 2566 758 2595; x_wconf 83' lang='lat' dir='ltr'><strong>revocatus.</strong></span> <span class='ocrx_word' id='word_1_260' title='bbox 805 2562 992 2606; x_wconf 84' lang='lat' dir='ltr'><strong>imperavit</strong></span> <span class='ocrx_word' id='word_1_261' title='bbox 1016 2567 1130 2596; x_wconf 88' lang='lat' dir='ltr'><strong>autem</strong></span> <span class='ocrx_word' id='word_1_262' title='bbox 1153 2572 1260 2595; x_wconf 88' lang='lat' dir='ltr'><strong>annos</strong></span> <span class='ocrx_word' id='word_1_263' title='bbox 1283 2561 1542 2605; x_wconf 84' lang='lat' dir='ltr'><strong>septemdecim.</strong></span> <span class='ocrx_word' id='word_1_264' title='bbox 1574 2560 1761 2594; x_wconf 87' lang='lat' dir='ltr'><strong>moriturus</strong></span> 
     </span>
     <span class='ocr_line' id='line_1_39' title="bbox 302 2605 1763 2651; baseline -0.001 -10"><span class='ocrx_word' id='word_1_265' title='bbox 302 2612 340 2641; x_wconf 80' lang='lat' dir='ltr'><strong>et</strong></span> <span class='ocrx_word' id='word_1_266' title='bbox 361 2606 396 2639; x_wconf 90' lang='lat' dir='ltr'><strong>in</strong></span> <span class='ocrx_word' id='word_1_267' title='bbox 419 2605 594 2650; x_wconf 84' lang='lat' dir='ltr'><strong>pulverem</strong></span> <span class='ocrx_word' id='word_1_268' title='bbox 613 2607 788 2641; x_wconf 86' lang='lat' dir='ltr'><strong>rediturus</strong></span> <span class='ocrx_word' id='word_1_269' title='bbox 811 2607 1038 2641; x_wconf 84' lang='lat' dir='ltr'><strong>Iustinianum</strong></span> <span class='ocrx_word' id='word_1_270' title='bbox 1057 2608 1164 2642; x_wconf 89' lang='lat' dir='ltr'><strong>filium</strong></span> <span class='ocrx_word' id='word_1_271' title='bbox 1181 2607 1424 2651; x_wconf 81' lang='lat' dir='ltr'><strong>imperatorem</strong></span> <span class='ocrx_word' id='word_1_272' title='bbox 1442 2605 1677 2649; x_wconf 83' lang='lat' dir='ltr'><strong>renuntiavit,</strong></span> <span class='ocrx_word' id='word_1_273' title='bbox 1702 2605 1763 2651; x_wconf 86' lang='lat' dir='ltr'><strong>qui</strong></span> 
     </span>
     <span class='ocr_line' id='line_1_40' title="bbox 302 2651 1764 2698; baseline -0.001 -12"><span class='ocrx_word' id='word_1_274' title='bbox 302 2662 460 2695; x_wconf 80' lang='lat' dir='ltr'><strong>magnam</strong></span> <span class='ocrx_word' id='word_1_275' title='bbox 477 2651 569 2685; x_wconf 89' lang='lat' dir='ltr'><strong>illam</strong></span> <span class='ocrx_word' id='word_1_276' title='bbox 604 2652 886 2698; x_wconf 86' lang='lat' dir='ltr'><strong>splendidamque</strong></span> <span class='ocrx_word' id='word_1_277' title='bbox 909 2654 1045 2686; x_wconf 90' lang='lat' dir='ltr'><strong>domum</strong></span> <span class='ocrx_word' id='word_1_278' title='bbox 1068 2653 1105 2687; x_wconf 92' lang='lat' dir='ltr'><strong>in</strong></span> <span class='ocrx_word' id='word_1_279' title='bbox 1130 2652 1229 2696; x_wconf 82' lang='lat' dir='ltr'><strong>regia</strong></span> <span class='ocrx_word' id='word_1_280' title='bbox 1255 2653 1299 2686; x_wconf 89' lang='lat' dir='ltr'><strong>de</strong></span> <span class='ocrx_word' id='word_1_281' title='bbox 1329 2651 1561 2686; x_wconf 82' lang='lat' dir='ltr'><strong>fundamentis</strong></span> <span class='ocrx_word' id='word_1_282' title='bbox 1591 2651 1764 2686; x_wconf 81' lang='lat' dir='ltr'><strong>exstruxit</strong></span> 
     </span>
     <span class='ocr_line' id='line_1_41' title="bbox 306 2697 1761 2743; baseline -0.001 -11"><span class='ocrx_word' id='word_1_283' title='bbox 306 2703 345 2732; x_wconf 90' lang='lat' dir='ltr'><strong>et</strong></span> <span class='ocrx_word' id='word_1_284' title='bbox 365 2697 479 2733; x_wconf 78' lang='lat' dir='ltr'><strong>aureis</strong></span> <span class='ocrx_word' id='word_1_285' title='bbox 511 2697 648 2732; x_wconf 83' lang='lat' dir='ltr'><strong>calculis</strong></span> <span class='ocrx_word' id='word_1_286' title='bbox 673 2699 855 2742; x_wconf 83' lang='lat' dir='ltr'><strong>distinxit,</strong></span> <span class='ocrx_word' id='word_1_287' title='bbox 887 2698 1079 2743; x_wconf 85' lang='lat' dir='ltr'><strong>parietibus</strong></span> <span class='ocrx_word' id='word_1_288' title='bbox 1110 2703 1146 2732; x_wconf 86' lang='lat' dir='ltr'><strong>et</strong></span> <span class='ocrx_word' id='word_1_289' title='bbox 1166 2697 1364 2742; x_wconf 87' lang='lat' dir='ltr'><strong>pavimento</strong></span> <span class='ocrx_word' id='word_1_290' title='bbox 1392 2699 1436 2733; x_wconf 87' lang='lat' dir='ltr'><strong>de</strong></span> <span class='ocrx_word' id='word_1_291' title='bbox 1454 2709 1622 2732; x_wconf 86' lang='lat' dir='ltr'><strong>marmore</strong></span> <span class='ocrx_word' id='word_1_292' title='bbox 1640 2697 1761 2732; x_wconf 72' lang='lat' dir='ltr'><strong>eonfe-</strong></span> 
     </span>
     <span class='ocr_line' id='line_1_42' title="bbox 307 2743 1405 2788; baseline 0 -10"><span class='ocrx_word' id='word_1_293' title='bbox 307 2745 387 2782; x_wconf 84' lang='lat' dir='ltr'><strong>ctis.</strong></span> <span class='ocrx_word' id='word_1_294' title='bbox 435 2744 553 2778; x_wconf 90' lang='lat' dir='ltr'><strong>domus</strong></span> <span class='ocrx_word' id='word_1_295' title='bbox 574 2743 651 2788; x_wconf 86' lang='lat' dir='ltr'><strong>ipsa</strong></span> <span class='ocrx_word' id='word_1_296' title='bbox 669 2756 792 2779; x_wconf 92' lang='lat' dir='ltr'><strong>nomen</strong></span> <span class='ocrx_word' id='word_1_297' title='bbox 814 2744 1002 2778; x_wconf 87' lang='lat' dir='ltr'><strong>conditoris</strong></span> <span class='ocrx_word' id='word_1_298' title='bbox 1025 2744 1129 2778; x_wconf 86' lang='lat' dir='ltr'><strong>etiam</strong></span> <span class='ocrx_word' id='word_1_299' title='bbox 1151 2755 1242 2777; x_wconf 87' lang='lat' dir='ltr'><strong>nunc</strong></span> <span class='ocrx_word' id='word_1_300' title='bbox 1262 2744 1405 2778; x_wconf 88' lang='lat' dir='ltr'><strong>retinet.</strong></span> 
     </span>
    </p>

    <p class='ocr_par' dir='ltr' id='par_1_7' title="bbox 309 2787 1762 2893">
     <span class='ocr_line' id='line_1_43' title="bbox 402 2787 1762 2835; baseline -0.003 -11"><span class='ocrx_word' id='word_1_301' title='bbox 402 2788 564 2824; x_wconf 76' lang='lat' dir='ltr'><strong>Ceterum</strong></span> <span class='ocrx_word' id='word_1_302' title='bbox 599 2790 810 2825; x_wconf 86' lang='lat' dir='ltr'><strong>Iustinianus</strong></span> <span class='ocrx_word' id='word_1_303' title='bbox 841 2790 1029 2835; x_wconf 87' lang='lat' dir='ltr'><strong>imperator</strong></span> <span class='ocrx_word' id='word_1_304' title='bbox 1066 2789 1199 2823; x_wconf 88' lang='lat' dir='ltr'><strong>invisus</strong></span> <span class='ocrx_word' id='word_1_305' title='bbox 1233 2794 1309 2824; x_wconf 84' lang='lat' dir='ltr'><strong>erat</strong></span> <span class='ocrx_word' id='word_1_306' title='bbox 1339 2789 1563 2834; x_wconf 87' lang='lat' dir='ltr'><strong>proceribus,</strong></span> <span class='ocrx_word' id='word_1_307' title='bbox 1601 2787 1762 2833; x_wconf 83' lang='lat' dir='ltr'><strong>privatis,</strong></span> 
     </span>
     <span class='ocr_line' id='line_1_44' title="bbox 309 2835 1762 2893; baseline -0.004 -19"><span class='ocrx_word' id='word_1_308' title='bbox 309 2839 412 2893; x_wconf 78' lang='lat' dir='ltr'><strong>vulgo</strong></span> <span class='ocrx_word' id='word_1_309' title='bbox 424 2866 435 2885; x_wconf 89' lang='lat'>‚</span> <span class='ocrx_word' id='word_1_310' title='bbox 458 2844 528 2873; x_wconf 78' lang='lat' dir='ltr'><strong>tam</strong></span> <span class='ocrx_word' id='word_1_311' title='bbox 547 2837 585 2872; x_wconf 92' lang='lat' dir='ltr'><strong>in</strong></span> <span class='ocrx_word' id='word_1_312' title='bbox 604 2836 681 2871; x_wconf 85' lang='lat' dir='ltr'><strong>foro</strong></span> <span class='ocrx_word' id='word_1_313' title='bbox 706 2847 807 2881; x_wconf 83' lang='lat' dir='ltr'><strong>quam</strong></span> <span class='ocrx_word' id='word_1_314' title='bbox 826 2836 863 2871; x_wconf 83' lang='lat' dir='ltr'><strong>in</strong></span> <span class='ocrx_word' id='word_1_315' title='bbox 882 2835 960 2874; x_wconf 84' lang='lat' dir='ltr'><strong>aula</strong></span> <span class='ocrx_word' id='word_1_316' title='bbox 981 2835 1202 2881; x_wconf 85' lang='lat' dir='ltr'><strong>degentibus,</strong></span> <span class='ocrx_word' id='word_1_317' title='bbox 1226 2839 1389 2882; x_wconf 79' lang='lat' dir='ltr'><strong>tanquam</strong></span> <span class='ocrx_word' id='word_1_318' title='bbox 1410 2837 1528 2881; x_wconf 75' lang='lat' dir='ltr'><strong>durus,</strong></span> <span class='ocrx_word' id='word_1_319' title='bbox 1547 2836 1660 2879; x_wconf 79' lang='lat' dir='ltr'><strong>ferox,</strong></span> <span class='ocrx_word' id='word_1_320' title='bbox 1681 2844 1762 2869; x_wconf 73' lang='lat' dir='ltr'><strong>cae-</strong></span> 
     </span>
    </p>
   </div>
  </div>
 </body>
</html>
