1924 3242
550 207 922 252 COMPENDIUM
958 205 1304 251 GHRONICUM.
1559 202 1655 250 285

333 321 390 373 ὥς
405 321 448 365 εἶ’
457 337 519 372 τις
533 319 838 378 μεγαλόφορτον
859 319 1078 364 πιστεύσειε
1101 323 1275 379 φορτίδα

197 394 318 447 6700·
333 387 621 445 ἂνεπιστήμοσι
645 395 800 439 σκαιοῖς
819 389 993 446 ἀχρείοις
1011 389 1286 446 κυβερνήταις.

333 458 457 508 αὐτὸς
477 458 520 501 δ’
546 457 887 514 ἓπιπορπούμενος
898 460 1240 515 χρυσεοστίλβους
1264 458 1439 509 πέπλους

332 528 399 570 καὶ
421 525 597 582 βύσσινα
614 530 834 584 χρυσοϋφῆ
852 524 1152 583 μαργαροφόρα
1174 525 1300 582 φάρη,

334 597 400 638 καὶ
421 593 609 650 βᾶμματι
631 599 921 652 πορφυρανθεῖ
937 593 1148 648 λάμποντα
1171 597 1239 636 καὶ
1257 596 1437 654 χρυσίῳ,

333 665 399 707 καὶ
417 663 627 721 χρώμενος
646 665 689 713 ἐξ
709 663 884 718 ἀμοιβῆς
906 663 1074 719 ἀμφίοις
1093 661 1332 718 ἐπαλλήλοις
1339 695 1353 716 ,

196 732 308 776 6705
332 733 402 790 ἔφ’
425 730 596 787 ὑψηλῶν
615 730 793 786 ἐκάθητο
815 729 979 789 θρόνων
1005 729 1280 788 ἅργυροήλων,

332 805 493 854 κοσμῶν
511 807 594 850 τοῖς
615 799 813 854 ἀξιώμασι
835 799 989 850 πάντας
1007 800 1103 849 τοὺς
1126 799 1380 856 προσιόντας,

326 872 508 923 χαλκεῖς,
555 866 801 925 ὃρυτόμους,
846 866 1098 926 σκαφευτάς,
1133 867 1336 925 ἐμπόρους
1347 900 1359 919 ,
1395 862 1657 922 γαιομᾶχους,

331 935 662 995 κρηπιδοπιόλας,
698 936 982 993 σχοινουργούς
994 970 1006 988 ,
1044 944 1210 993 κναφεΐς
1220 969 1233 988 ,
1270 933 1588 992 ἅμπελεργάτας,

331 1007 399 1047 καὶ
415 1007 598 1060 χυὸαιιῦν
615 1005 667 1047 τὰ
689 1006 814 1059 τίμια,
847 1007 914 1047 καὶ
935 1005 987 1048 τὰ
1010 1004 1180 1062 λαμπρὰ
1201 1005 1418 1063 ῥυπαίνων,

194 1076 305 1117 6710
330 1075 397 1115 καὶ
418 1071 660 1128 τηλικαύτην
682 1073 861 1116 εὔκλειαν
883 1072 1067 1130 κατάγων
1093 1075 1150 1124 εἷς
1170 1073 1417 1128 βαναύσους,

328 1141 379 1197 ἣν
398 1140 579 1184 ἔπαθλον
598 1143 785 1185 ἐδίδοσαν
808 1143 846 1184 οἶ
867 1141 1061 1200 κράτορες
1081 1143 1119 1184 οἳ
1142 1141 1282 1200 πρώην

329 1210 608 1268 ἀνδραγαθίας
630 1213 696 1253 καὶ
709 1215 858 1268 χειρῶν
882 1215 1175 1268 κατορθουσῶν
1195 1209 1367 1267 μεγάλα,

330 1280 397 1321 καὶ
415 1283 543 1321 ταῦτα
563 1285 648 1328 τοῖς
666 1280 708 1329 ἐξ
730 1281 899 1333 αἵματος
920 1282 987 1321 καὶ
1011 1280 1150 1335 γένους
1171 1276 1506 1337 λαμπροσπόρου.

329 1345 524 1396 τοιούτοις
540 1345 671 1403 ἔργοις
689 1346 820 1404 ἔχαιρε
828 1379 842 1398 ,
877 1345 1073 1397 τοιούτοις
1093 1347 1346 1406 ἕπηγρύπνει.

193 1415 303 1458 6715
330 1414 404 1457 κᾶν
423 1413 481 1469 μή
504 1432 607 1464 τινες
630 1414 834 1470 αἰτήσαιεν
858 1414 1096 1469 ἀξιωμάτων
1115 1415 1218 1470 ὕψη,

328 1485 581 1526 δεινοπαθῶν
602 1483 784 1540 ἐφαίνετο
805 1485 871 1525 καὶ
895 1484 1039 1540 κρίνων
1060 1485 1319 1538 ζημιοῦσθαι.

329 1551 382 1593 τὰ
406 1551 448 1593 δ’
476 1550 582 1593 ἄλλα
603 1550 734 1594 πάντα
754 1550 936 1609 πάρεργα
955 1554 1022 1594 καὶ
1044 1552 1089 1594 τὸ
1107 1553 1234 1607 μηδὲν
1254 1550 1402 1607 ἡγεῖτο,

330 1618 406 1662 κᾶν
428 1619 481 1662 τὰ
498 1617 707 1673 Ῥωμαίων
725 1617 817 1676 ὅρια
839 1627 1035 1663 στενοῖντο
1060 1627 1144 1671 τοῖς
1160 1619 1404 1677 βαρβάροις,

284 1773 374 1810 6701
393 1769 678 1816 ἕπιτερπόμενος
699 1773 1018 1817 χρυσεοστίλπνοις
1037 1771 1190 1814 πέπλοις
1210 1773 1250 1808 Μ
1387 1773 1478 1809 6702
1502 1772 1660 1819 βυσσίνῳ

282 1819 490 1864 χρυσοϋφεῖ
507 1817 783 1863 μαργαροφόρω
805 1817 919 1863 φάρει
939 1819 979 1854 Μ
1054 1821 1146 1856 6703
1167 1818 1350 1863 λάμποντι
1371 1819 1412 1854 Μ
1481 1820 1572 1855 6705
1593 1816 1659 1862 οἷο-

282 1861 473 1910 γυροΰλων
495 1864 530 1898 R
625 1865 716 1901 6707
735 1854 775 1900 6⁵
799 1862 1002 1909 εὐστόμους
1025 1866 1059 1900 R
1150 1866 1242 1901 6708
1259 1863 1566 1909 κρηπιδοπιόλους
1588 1864 1659 1899 ΑΜ

280 1911 380 2002 ἓᾘὲ
397 1906 550 1991 ἐὔνοιῧῖ
573 1909 613 1944 Μ
767 1912 859 1948 6717
878 1908 1021 1957 ἡγεῖται
1038 1911 1078 1947 Μ
1244 1912 1336 1947 6718
1356 1909 1562 1947 στενόντων
1581 1911 1659 1945 τῶν

308 1967 354 2002 oto
381 1967 484 2002 αρων

189 2096 261 2128 tam
283 2091 397 2127 animo
420 2103 522 2139 quam
537 2092 675 2128 iudicio
696 2094 952 2140 barbarissimi,
985 2094 1113 2140 linguis
1133 2093 1311 2139 Scythicis
1325 2121 1335 2139 ,
1369 2093 1550 2129 intellectu
1571 2103 1655 2138 pro-

189 2137 419 2184 nuntiataque
448 2138 652 2175 difficilibus
676 2141 885 2185 garrientes.
934 2142 1059 2186 quibus
1090 2153 1175 2176 sane
1202 2153 1275 2175 rem
1304 2140 1478 2186 publicam
1509 2138 1656 2174 admini-

190 2185 366 2220 mandam
384 2185 531 2221 credens
550 2198 619 2221 non
642 2186 744 2221 aliter
767 2188 895 2232 agebat
913 2199 955 2221 ac
976 2187 1007 2221 si
1026 2187 1104 2232 quis
1128 2188 1304 2232 ingentem
1326 2186 1441 2221 navim
1463 2184 1658 2223 onerariam

190 2231 482 2310 {ubemmfibus
502 2232 687 2278 imperitis,
712 2233 854 2279 ineptis,
878 2233 1002 2267 nullius
1021 2234 1100 2267 usui
1122 2233 1325 2268 committat.
1371 2232 1450 2278 ipse
1471 2239 1568 2275 vero,
1593 2242 1658 2265 ceu

215 2274 319 2311 ‘ctum
338 2277 458 2322 modo,
493 2278 760 2313 delectationem
784 2279 926 2324 capiens
951 2291 994 2313 ex
1015 2279 1230 2324 fulgentibus
1255 2290 1340 2313 auro
1361 2278 1520 2313 vestibus
1543 2278 1659 2322 deque

189 2321 298 2365 bysso
320 2323 490 2358 confectis
513 2328 550 2358 et
571 2330 718 2370 propter
744 2325 907 2359 unionum
932 2325 1067 2370 copiam
1138 2325 1261 2360 avibus
1285 2336 1326 2359 ac
1344 2335 1522 2370 purpureo
1543 2323 1659 2357 colore

189 2365 308 2402 tinctis
324 2367 461 2422 palliis,
493 2371 618 2423 quibus
637 2382 703 2416 per
723 2371 821 2407 vices
845 2371 922 2405 aliis
946 2377 1052 2422 atque
1072 2371 1151 2405 aiis
1174 2372 1358 2415 utebatur,
1396 2369 1598 2405 sublimibus
1624 2372 1661 2403 et

189 2417 365 2457 urgentem
384 2414 422 2448 in
443 2415 540 2450 soliis
565 2417 790 2462 considebat,
825 2417 968 2462 quosvis
996 2418 1202 2452 accedentes
1221 2416 1455 2462 praefecturis
1476 2420 1512 2450 et
1530 2414 1659 2450 officiis

189 2457 336 2502 publicis
361 2471 507 2505 ornans,
534 2462 695 2497 nimirum
718 2474 904 2497 excusores
918 2490 928 2508 ,
952 2463 1191 2507 materiarios,
1220 2465 1398 2506 fossores,
1431 2466 1656 2506 mercatores,

189 2503 359 2548 agricolas
394 2507 622 2553 crepidarios,
647 2509 815 2553 funarios,
840 2509 988 2544 fullones
1002 2536 1011 2554 ,
1035 2510 1225 2553 vinitores,
1250 2509 1355 2554 vulgo
1379 2508 1595 2555 prostituens
1620 2510 1657 2541 et

188 2549 294 2602 foede
314 2531 470 2595 polluens
491 2565 549 2588 res
567 2555 796 2590 veneratione
817 2556 941 2600 dignas
962 2559 999 2590 et
1022 2555 1241 2601 splendidas,
1274 2566 1419 2600 eamque
1440 2553 1656 2589 benevolen-

188 2599 273 2629 tiam
291 2606 376 2650 erga
401 2598 561 2634 sordidos
585 2601 730 2646 opifices
757 2601 936 2636 declarans
961 2613 1063 2647 quam
1087 2601 1305 2647 superiorum
1327 2606 1480 2635 aetatum
1503 2601 1656 2645 impera-

188 2646 284 2675 tores
306 2643 479 2687 impertiri
501 2645 660 2682 solebant
687 2648 789 2693 quasi
809 2647 1000 2693 praemium
1023 2648 1240 2682 fortitudinis
1266 2652 1302 2681 et
1327 2658 1445 2681 rerum
1476 2645 1656 2692 praeclare

188 2691 377 2731 gestarum,
400 2699 471 2723 non
490 2691 670 2735 quibusvis
694 2695 758 2728 sed
782 2693 875 2728 claro
899 2699 1032 2729 tantum
1050 2694 1219 2738 sanguine
1237 2692 1432 2739 prognatis.
1458 2690 1654 2726 huiusmodi

189 2743 274 2786 ergo
296 2734 403 2788 ‘reb-us
425 2739 659 2786 occupabatur
679 2739 852 2785 planeque
874 2741 1029 2775 intentus
1052 2745 1140 2774 erat.
1189 2739 1314 2785 quodsi
1332 2739 1416 2774 nulli
1438 2739 1653 2774 ventitarent

188 2789 250 2824 qm
271 2779 460 2823 dlgmtates
481 2782 705 2827 amplissimas
726 2790 907 2831 peterent,
944 2798 1020 2822 cum
1037 2786 1252 2821 indicatione
1270 2786 1386 2831 magni
1406 2785 1536 2821 doloris
1554 2785 1651 2818 dam—

188 2834 269 2878 num
290 2826 391 2870 quasi
416 2828 589 2871 quoddam
613 2831 731 2866 facere
752 2843 792 2866 se
812 2835 972 2879 putabat.
1021 2836 1139 2867 cetera
1169 2831 1267 2867 velut
1297 2832 1494 2867 accessoria
1516 2839 1652 2875 proque

187 2868 297 2905 mhnlo
319 2872 491 2918 ducebat,
523 2874 602 2909 sive
621 2876 710 2912 fines
731 2877 871 2924 imperii
887 2880 1037 2916 Romani
1059 2889 1081 2913 a
1101 2878 1263 2914 barbaris
1287 2879 1437 2914 artiores
1459 2878 1651 2913 redderen-
