1924 3242
325 159 389 207 24
718 162 949 207 GEORGII
974 162 1353 207 AGROPOLITAE

328 290 370 316 τε
390 276 462 316 τοῦ
481 273 675 329 βασιλέως
695 269 946 317 Βαλδου·ί“νου
977 272 1163 327 συνόντος
1191 276 1325 326 αὒτοΐς
1353 277 1420 318 καὶ
1450 279 1523 319 τοῦ
1547 274 1617 320 τὸν
1634 267 1757 319 τόπον

330 345 402 382 τοῦ
431 341 571 390 δουκὸς
606 341 810 394 ἐπέχοντος
838 344 1023 393 Βενετιάς
1058 344 1099 386 ἐν
1131 347 1182 400 τῇ
1211 341 1637 386 Κωνσταντινουπόλει.
1702 345 1758 393 εἰς

331 409 591 463 στενοχωρίαν
610 412 706 463 γοῦν
726 409 772 450 οὗ
790 410 937 466 μικρὰν
959 408 1141 461 ἐλθόντες
1163 411 1200 453 οἱ
1228 415 1299 465 τῆς
1323 410 1531 467 Ἀδριανοῦ
1559 407 1759 466 οἲκῆτορες

216 483 245 516 Ρ
271 486 314 519 12
336 475 619 517 ἀποστέλλουσι
649 475 748 532 πρὸς
774 476 842 518 τὸν
868 478 1034 531 βασιλέα
1066 483 1145 520 τῶν
1175 475 1418 534 Βουλγάρων
1444 476 1661 532 Ἰωάννην,
1689 478 1760 519 ‘lm

334 540 551 598 συνάρηται
581 541 735 593 τούτοις
764 545 828 586 καὶ
860 549 933 587 τοῦ
962 546 1180 601 ἐπηρμένου
1210 543 1389 587 κινδύνου
1418 543 1597 602 ῥύσηται.
1653 541 1687 587 »ὅ
1714 545 1791 589 <525

334 609 513 662 ἀσμένως
534 610 686 663 δέχεται
707 615 836 663 τοῦτο,
871 614 937 654 καὶ
956 612 1122 662 Σκύθας
1142 612 1240 666 μεθ’
1265 611 1409 654 ἑαυτοῦ
1427 609 1762 669 προσλαβόμενος,

334 678 414 718 ἐπεὶ
437 681 618 733 φανερῶς
641 678 713 719 οὐκ
739 676 814 732 εἶχε
835 686 918 729 τοῖς
936 681 1133 729 Λατίνοις
1161 680 1442 733 μαχέσασθαι,
1492 678 1764 735 περιγενέσθαι
1786 692 1789 695 ’

332 742 589 797 βεβούλευται
609 752 817 799 μηχαναῖς.
884 749 951 788 καὶ
973 745 993 788 ὃ
1012 747 1085 801 μὲν
1106 747 1226 789 ἔκειτο
1245 745 1403 803 μακράν
1422 763 1498 788 που
1519 750 1591 800 τῆς
1605 745 1766 803 Ἀδρια-

335 809 555 861 νουπόλεως
565 844 578 863 ,
613 813 794 866 ἐκπέμπει
821 814 864 855 δὲ
884 814 986 856 κατὰ
1008 819 1086 856 τῶν
1105 815 1267 856 Ἰταλῶν
1291 814 1384 863 τοὺς
1406 812 1573 863 Σκύθας
1592 816 1643 869 τῇ
1659 816 1767 856 Σκυ-

334 882 434 935 θικῇ
463 881 649 938 στρατείᾳ
678 879 913 936 χρήσασθαι
947 882 1037 923 κατ’
1071 882 1214 924 αὐτῶν.
1276 882 1442 931 Ἰταλοῖς
1470 881 1542 934 μὲν
1575 875 1646 922 οὗν
1673 879 1769 930 ἔθος
1779 877 1836 922 1⁶⁰

335 946 403 1001 ἐςοὶ
433 947 570 996 ἵπποις
595 945 818 1001 ὗψαύχεσιν
839 950 1068 1002 ἐποχεῖσθαι
1091 947 1385 1006 καταφράκτοις
1404 965 1446 990 τε
1470 948 1527 990 δι’
1553 946 1646 990 ὅλου
1672 945 1769 990 εἶναι

335 1019 419 1062 τοῖς
439 1011 574 1063 ὅπλοις
594 1019 665 1056 τοῦ
688 1013 893 1068 σώματος,
936 1016 1150 1058 κάντεῦθεν
1172 1015 1412 1070 δυσκινήτως
1433 1015 1535 1058 κατὰ
1557 1018 1636 1057 τῶν
1657 1015 1770 1057 ἐναν-

334 1081 429 1121 τίων
450 1078 626 1136 ὁρμῶσι·
671 1081 829 1124 Σκύθαι
862 1084 905 1125 δὲ
937 1083 1178 1140 κουφότερον
1203 1082 1439 1137 ὡπλισμένοι
1461 1081 1772 1139 ἐλευθερώτερον

337 1148 554 1202 ἐπιπηδῶσι
587 1155 669 1199 τοῖς
695 1151 894 1200 ἐναντίοις.
963 1145 1010 1192 οὗ
1039 1151 1096 1204 μὴ
1125 1151 1312 1200 ξυνιέντες
1343 1151 1380 1191 οἳ
1395 1151 1538 1191 Ἰταλοὶ
1560 1149 1671 1206 παρὰ
1693 1153 1773 1191 τῶν

285 1220 315 1255 Β
338 1217 513 1256 Σκυθῶν
532 1221 967 1272 καταστρατηγοῦνται,
1002 1217 1102 1259 ὥστε
1135 1219 1200 1259 καὶ
1233 1217 1353 1258 αὐτὸν
1381 1217 1449 1258 τὸν
1470 1217 1637 1270 βασιλέα
1659 1219 1774 1257 Βαλ-
1785 1224 1827 1259 15

340 1271 495 1323 δουῗνον
515 1281 588 1323 ὑπ’
614 1284 744 1325 αὐτῶν
769 1283 917 1324 ἁλῶναι
944 1286 1008 1325 καὶ
1033 1276 1193 1337 δέσμιον
1221 1284 1454 1338 ἀπαχθῆναι
1479 1282 1580 1339 πρὸς
1605 1282 1673 1324 τὸν
1693 1287 1775 1337 βα-

340 1350 451 1391 σιλέα
473 1348 720 1405 Βουλγάρων
736 1348 942 1404 Ἰωάννην,
989 1345 1133 1407 οὗπερ,
1179 1349 1233 1400 ὥς
1255 1366 1378 1407 φασι,
1420 1352 1487 1392 καὶ
1509 1350 1581 1404 τὴν
1601 1350 1778 1407 κεφαλὴν

340 1416 442 1469 μετὰ
471 1415 543 1469 τὴν
574 1417 732 1471 σφαγὴν
763 1419 818 1466 εἰς
850 1415 1041 1459 κύπελλον
1070 1420 1316 1474 χρηματίσαι
1345 1421 1403 1475 τῷ
1434 1415 1653 1474 βαρβάρῳ,
1699 1421 1779 1461 τῶν

342 1483 452 1532 ἐντὸς
478 1482 625 1537 ταύτης
654 1483 812 1525 πάντων
842 1486 1142 1541 κεκαθαρμένην
1167 1487 1232 1526 καὶ
1257 1484 1393 1542 κόσμῳ
1416 1489 1779 1541 περιπυκασθεῖσαν

342 1549 560 1592 κύκλωθεν.
629 1551 667 1592 οἷ
698 1552 770 1605 μὲν
806 1546 875 1593 οὖν
902 1552 1268 1608 Ἀδριανουπολΐται
1303 1554 1345 1594 ἐκ
1374 1556 1447 1594 τοῦ
1474 1553 1698 1607 παραυτίκα
1732 1551 1831 1598 τόἒο

342 1617 499 1672 γεγονὸς
520 1618 591 1661 οὐκ
613 1617 847 1676 ἐγνώρισαν·
884 1621 918 1663 εἲ
939 1620 1014 1677 γὰρ
1036 1619 1223 1678 ᾔδεισαν,
1263 1617 1424 1676 ἐξῄεσαν
1452 1618 1500 1662 ἂν
1528 1623 1599 1674 τῆς
1631 1618 1781 1669 πόλεως

438 1736 458 1769 1
482 1735 661 1768 secundum
676 1735 743 1769 τοῦ
765 1736 868 1780 vulgo
891 1736 988 1770 deest
1076 1738 1098 1771 3
1123 1729 1190 1770 οὖν
1212 1736 1244 1770 D
1333 1733 1521 1781 Ἀδριανοῦ
1545 1732 1728 1770 στέλλουσι
1749 1735 1781 1770 D

438 1781 462 1814 4
483 1781 557 1813 τῶν
581 1792 634 1813 om
658 1781 688 1813 D
848 1781 870 1815 5
892 1781 1012 1815 καὶ-
1030 1779 1185 1825 ρύσηται
1208 1793 1260 1814 om
1282 1781 1313 1814 D
1484 1783 1507 1816 7
1531 1778 1782 1824 ἐπεὶ-,μαχέ-

440 1826 577 1858 σασθαι
600 1837 651 1858 om
669 1826 700 1858 D
836 1828 857 1860 8
890 1830 1067 1870 μηχαναῖς
1100 1826 1266 1860 Λατίνων
1297 1824 1549 1870 περιγενέσθαι
1581 1823 1729 1860 σπεύδει
1750 1825 1781 1860 D

441 1870 465 1903 9
488 1870 533 1914 τῇ
549 1891 594 1897 —-
612 1867 736 1903 αὐτῶν
760 1881 812 1903 om
835 1871 865 1904 D
1003 1873 1043 1905 11
1069 1868 1280 1914 ἐποχεῖσθαι
1302 1869 1504 1916 ύψαύχεσιν
1527 1871 1558 1904 D
1692 1881 1784 1904 τε-

439 1917 519 1953 τοῖς
542 1926 594 1948 om
617 1915 648 1948 D
771 1917 813 1950 12
835 1915 958 1949 τοῦ-
972 1913 1109 1959 ὁρμῶσι
1131 1928 1183 1949 om
1207 1918 1237 1949 D
1353 1917 1394 1951 15
1419 1913 1469 1956 αἱς
1489 1915 1521 1950 D
1634 1913 1784 1960 βασιλέα

443 1970 495 1992 om
529 1959 560 1992 D
701 1962 742 1996 17
763 1960 824 1993 καὶ
847 1966 882 1994 et
907 1962 948 1996 18
969 1959 1059 2005 μετὰ
1084 1959 1152 2004 τὴν
1175 1959 1319 2005 σφαγὴν
1343 1973 1396 1996 om
1416 1961 1448 1996 D
1585 1961 1627 1994 18
1650 1960 1725 1993 τῶν
1740 1978 1785 1985 -

444 2001 720 2048 κεκαθαρμένην
749 2017 802 2038 om
825 2005 854 2038 D
1013 2007 1055 2040 19
1091 2004 1153 2041 καὶ
1190 2017 1243 2041 om
1279 2006 1312 2041 D
1466 2005 1717 2040 πυκασθεῖσαν
1752 2004 1784 2039 D

443 2049 488 2084 21
511 2046 787 2095 ἐξῄεσαν-καὶ
810 2061 862 2085 om
884 2050 926 2086 D.
976 2094 979 2107 ς

356 2149 389 2182 in
406 2160 464 2183 eos
481 2150 607 2195 copias,
631 2152 749 2195 quibus
764 2151 946 2186 Balduinus
961 2152 1143 2197 imperator
1161 2155 1196 2186 et
1212 2152 1301 2186 vices
1319 2151 1410 2185 ducis
1424 2149 1637 2185 venetiarum
1652 2148 1787 2192 Byzan-

357 2194 396 2226 tii
411 2206 529 2237 gerens
546 2203 680 2239 praesto
697 2197 850 2238 aderant,
876 2197 1040 2239 educunt3
1077 2209 1179 2242 quare
1193 2197 1462 2241 Adrianopolitae
1478 2196 1511 2229 in
1527 2205 1669 2228 summas
1684 2205 1788 2238 angu-

358 2239 441 2272 stias
458 2240 589 2273 adducti
605 2242 646 2274 ad
662 2253 774 2285 regem
790 2242 1007 2285 Bulgarorum
1020 2243 1188 2283 Ioannem,
1211 2247 1248 2275 ut
1261 2242 1432 2286 suppetias
1446 2242 1553 2274 ferret
1568 2245 1602 2274 et
1616 2251 1637 2273 o.
1651 2239 1788 2284 scopulo

359 2283 394 2316 in
409 2285 620 2327 tranquinum
635 2286 827 2330 deduceret,
851 2287 943 2320 viros
960 2288 1126 2330 delegant.
1172 2287 1347 2332 postulatis
1361 2286 1417 2319 ille
1432 2286 1618 2319 oblectatus
1631 2309 1641 2324 ‚
1664 2284 1790 2317 socios—

362 2339 430 2372 que
443 2329 505 2362 sibi
522 2330 667 2370 Scythas
686 2331 864 2373 asciscens,
896 2343 970 2364 cum
994 2333 1102 2376 palam
1116 2332 1148 2365 in
1165 2333 1238 2365 acie
1252 2332 1411 2364 adversus
1426 2331 1563 2364 Latinos
1577 2328 1710 2374 prodire
1725 2339 1792 2362 non

363 2378 489 2418 posset,
514 2386 555 2407 ex
569 2374 694 2408 insidiis
710 2386 766 2408 eos
782 2387 825 2418 op
853 2376 969 2409 timere
985 2373 1113 2411 stdtuit.
1159 2376 1230 2421 ipse
1245 2376 1374 2420 quidem
1392 2377 1490 2418 longe
1505 2373 1718 2419 Adrianopoli
1733 2374 1792 2407 ab·

365 2423 450 2461 erat,
474 2419 618 2462 Scythas
633 2431 714 2452 vero
730 2420 763 2452 in
778 2420 831 2453 Ita
845 2431 882 2454 os
899 2421 1018 2463 mittit,
1054 2425 1090 2454 ut
1105 2421 1264 2464 Scythico
1281 2421 1422 2454 bellandi
1439 2421 1534 2454 modo
1551 2431 1610 2453 eos
1625 2418 1794 2462 aggrede-

364 2468 488 2497 rentur.
534 2464 628 2496 Italis
642 2464 674 2496 in
691 2476 782 2498 more
798 2469 850 2498 est
865 2466 958 2508 equis
973 2466 1148 2500 ferocitate
1164 2466 1387 2499 exultantibus
1401 2466 1498 2508 vehi,
1529 2464 1713 2508 munirique
1738 2474 1796 2496 nr-

365 2508 426 2542 mis
442 2509 694 2553 circumquaque
708 2514 782 2543 toto
797 2521 962 2555 corpore,
993 2510 1139 2554 ideoque⁴
1159 2521 1277 2554 segnes
1304 2522 1344 2544 ac
1369 2511 1482 2544 tardos
1507 2510 1540 2543 in
1564 2511 1677 2543 hostes
1701 2507 1795 2543 ferri.

367 2564 481 2586 verum
497 2554 644 2597 Scythae
667 2565 739 2587 cum
762 2555 867 2588 levius
885 2560 1070 2594 armentur,
1105 2555 1240 2588 liberius
1262 2555 1471 2589 adversarios
1492 2556 1664 2599 impetunt.
1715 2552 1796 2586 illud

368 2598 561 2641 ignorantes
576 2599 652 2632 Itali
668 2610 687 2632 a
703 2599 840 2642 Scythis
866 2605 999 2644 praeter
1024 2599 1209 2644 opinionem
1233 2600 1315 2633 dolis
1334 2601 1571 2645 opprimuntur.
1617 2597 1798 2632 Balduinus

367 2643 552 2687 imperator
573 2649 691 2688 captus
711 2648 746 2678 et
766 2644 907 2677 vinculis
930 2645 1043 2688 gravis
1068 2645 1109 2677 ad
1129 2645 1349 2688 Bulgarorum
1365 2657 1477 2689 regem
1492 2646 1646 2679 Ioannem
1660 2641 1797 2694 adduci-

370 2691 448 2729 tur3
482 2688 570 2721 illius
587 2693 689 2734 caput
705 2690 885 2723 abscissum
898 2715 907 2730 ‚
931 2689 1149 2733 sordibusque
1162 2690 1301 2723 internis
1316 2696 1535 2735 expurgatum
1549 2693 1584 2723 et
1600 2691 1798 2722 ornamentis

370 2733 515 2777 undique
528 2733 793 2780 circumseptum,
815 2734 925 2778 poculi
938 2735 1012 2768 loco
1030 2735 1171 2768 barbaro
1187 2735 1364 2769 inservisse
1384 2736 1471 2769 sama
1489 2739 1551 2769 est.
1597 2733 1800 2774 Adrianopo-

370 2777 450 2812 litae
464 2790 529 2812 non
544 2779 657 2813 statim
671 2790 741 2813 rem
755 2783 992 2825 perceperant:
1016 2791 1089 2814 nam
1106 2781 1187 2814 urbe
1203 2781 1330 2824 egressi
1349 2781 1466 2815 castris
1482 2779 1686 2815 adsultarent
1698 2775 1802 2813 Italo-

472 2841 485 2854 0
