1924 3242
357 198 422 246 94
747 169 979 248 GEoRGn
1003 205 1383 252 AGROPOLITAE

352 314 480 368 χιάις,
516 313 551 356 εἲ
570 310 628 368 μή
647 329 685 356 τι
710 314 851 371 ’ξυνέβη
869 322 1059 362 τοιοῦτον.
1127 318 1181 371 ὥς
1196 320 1272 378 γὰρ
1295 320 1316 363 ὅ
1338 325 1410 377 τῆς
1425 322 1588 379 Ἀχαίας
1605 327 1672 369 καὶ
1693 329 1780 371 Πει-

355 380 596 435 λοποννήσου
613 383 792 439 πρίγκηψ
811 386 1054 443 Βιλαρδουῖν
1073 388 1127 438 εἷς
1144 389 1216 443 τὴν
1235 391 1384 447 Συρίαν
1401 391 1560 448 ἀνήγετο
1567 425 1583 447 ,
1617 403 1780 449 συμμα-

353 451 447 503 χίαν
476 446 631 504 ἐπάγων
661 457 744 500 τοῖς
770 453 826 502 εἲς
859 455 1008 512 Συρίαν
1040 454 1294 513 ἀφικομένοις
1327 458 1548 516 Φράγκοις,
1588 462 1663 504 κᾶν
1691 469 1780 514 ταῖς

355 515 553 572 τριήρεσιν
585 517 710 560 αὐτοῦ
739 517 902 571 ὃπλίτας
928 520 1027 577 εἶχεν
1059 523 1248 577 ἱππότας,
1283 526 1520 582 προσώκειλε
1543 529 1587 571 δὲ
1605 528 1780 589 τῇνήσῳ

349 582 494 641 Ῥόδῳ,
529 587 594 626 καὶ
629 585 832 643 συνθήκην
858 590 959 643 μετὰ
991 595 1070 633 τῶν
1103 593 1145 633 ἐν
1173 593 1274 649 αὐτῇ
1294 595 1335 634 Γ
1331 600 1534 638 εννουϊτῶν
1553 595 1810 652 ἓποιήσατο,5

354 653 419 693 καὶ
449 654 705 697 καταλέλοιπε
734 657 833 714 παρ’
858 658 992 708 αὐτοῖς
1012 659 1161 716 ἄνδρας
1181 660 1343 716 εὐγενεῖς
1362 665 1427 704 καὶ
1453 664 1635 719 ἀγαθοὺς
1653 664 1781 716 ἱππεῖς
1819 710 1822 713 ,

353 721 512 770 πλείους
539 725 619 763 τῶν
651 721 802 766 ἑκατόν.
867 730 984 768 τοῦτο
1006 727 1100 777 τοὺς
1114 726 1319 782 Ῥωμαίων
1336 729 1594 788 ὑποχωρῆσαι
1613 735 1686 787 τῆς
1703 744 1779 775 ποδ-

352 789 530 844 λιορκιάς
547 794 620 831 τοῦ
637 790 786 842 ἄστεως
803 793 1072 849 κατηνάγκασε
1092 797 1157 837 καὶ
1175 799 1229 846 εἲς
1247 796 1318 851 τὴν
1341 799 1567 855 Φιλὲρημον
1584 800 1779 857 ἐγχωρεῖν.

353 856 392 897 οἳ
420 857 493 909 μὲν
521 852 591 899 οὖν
619 862 961 915 καταλελειμμένοι
985 862 1095 919 παρὰ
1120 869 1193 905 τοῦ
1211 866 1417 921 πρίγκιπος
1439 867 1566 917 ἱππεῖς
1583 872 1778 922 καταλιμ-

349 922 538 974 πάνοντες
564 926 657 976 τοὺς
685 928 824 979 πεζοὺς
853 931 893 970 Γ
889 932 1088 980 εννου”ί·τας
1116 934 1203 988 περὶ
1234 932 1279 974 τὸ
1313 932 1412 975 ἄστυ
1447 933 1656 991 ἐξήρχοντο
1663 967 1678 988 ,
1712 937 1778 978 καὶ
1790 939 1833 974 10

231 995 261 1028 Ρ
282 993 326 1030 48
350 992 420 1046 τὴν
449 996 583 1036 πᾶσαν
609 992 749 1051 χώραν
779 994 941 1050 ε’λήῖζον.
1007 998 1059 1040 τὰ
1088 999 1160 1052 μὲν
1190 994 1260 1042 οὖν
1283 999 1456 1056 χρειώδη
1475 1001 1630 1052 ἑαυτοῖς
1647 1017 1777 1060 περιε-

348 1065 531 1102 ποιοῦντο
542 1093 556 1114 ,
597 1060 737 1112 σπάνις
769 1064 811 1105 δὲ
842 1069 922 1106 τῶν
955 1065 1178 1121 ἀναγκαίων
1209 1073 1292 1117 τοῖς
1318 1066 1528 1122 Ῥωμαίοις
1561 1071 1604 1112 ἐκ
1634 1069 1776 1113 τούτου

348 1129 490 1183 ’ξυνέβη
522 1131 724 1184 γίνεσθαι,
760 1131 826 1187 ἔφ’
849 1126 882 1190 ᾧ
900 1132 1102 1188 τυγχάνειν
1125 1133 1332 1190 δρόμωνας
1353 1138 1419 1177 καὶ
1442 1138 1554 1193 ἕτερα
1576 1135 1676 1187 ξύλα
1695 1145 1778 1189 τοῖς

344 1198 386 1237 Γ
382 1199 596 1247 εννουΐταις
625 1197 844 1253 πειρατικά.
913 1197 933 1240 ὅ
965 1201 1038 1253 μὲν
1073 1195 1143 1242 οὖν
1173 1202 1362 1255 βασιλεὺς
1384 1202 1569 1258 Ἰωάννης
1587 1204 1634 1246 τὸ
1656 1203 1776 1259 Νύμ-

346 1281 466 1320 φαιον
501 1264 760 1318 καταλαβών,
795 1268 861 1307 καὶ
893 1265 1034 1308 στόλον
1065 1267 1409 1322 συσκευασάμενος
1438 1269 1642 1327 ἀξιόλογον
1665 1273 1706 1314 ἔν
1727 1277 1778 1330 τῇ
1789 1277 1831 1312 15

344 1329 533 1387 Σμύρνῃ,
569 1331 821 1387 ἱππαγωγούς
851 1350 893 1375 τε
920 1332 1093 1390 τριήρεις
1118 1334 1380 1391 οἰκονομήσας
1403 1335 1457 1387 ὥς
1474 1339 1591 1395 με’χρι
1612 1342 1679 1381 καὶ
1698 1344 1778 1383 τῶν

341 1401 578 1455 τριακοσίων
597 1400 729 1441 ἵππων
753 1401 1036 1458 ἐπιφέρεσθαι,
1061 1405 1127 1444 καὶ
1149 1405 1204 1453 εἷς
1225 1405 1445 1461 στρατηγὸν
1469 1406 1603 1457 αὐτοῖς
1624 1406 1776 1450 ἀποτά-

342 1469 414 1516 ξας
444 1466 512 1508 τὸν
542 1468 871 1524 Κοντοστὲφανον
900 1468 1110 1526 Θεόδωρον
1128 1471 1200 1525 τὴν
1219 1476 1291 1513 τοῦ
1308 1478 1643 1530 πρωτοσεβαστοῦ
1662 1475 1776 1525 ἀξίαν

342 1535 549 1586 διέποντα,
584 1537 650 1576 καὶ
674 1534 780 1585 ὅπως
798 1537 931 1590 μέλλει
952 1538 1003 1579 τὰ
1025 1542 1097 1592 τῆς
1122 1537 1256 1594 μάχης
1277 1542 1510 1598 καταρτίσαι
1530 1558 1571 1584 τε
1593 1544 1661 1584 καὶ
1679 1559 1774 1585 συν-

289 1608 319 1643 Β
342 1601 480 1654 τάξαι,
515 1607 594 1645 ποῦ’
625 1620 667 1645 τε
696 1605 761 1645 καὶ
792 1603 877 1656 ὅτε,
908 1603 1116 1662 ἐγγράφως
1138 1607 1248 1664 αὐτῷ’
1265 1608 1471 1663 παραδοὺς
1493 1609 1770 1663 ἐξαπέστειλεν,
1781 1617 1830 1652 20

341 1669 602 1724 ἐπευξάμενος
619 1669 747 1727 τούτῳ
765 1689 806 1713 τε
827 1674 893 1714 καὶ
911 1680 994 1723 τοῖς
1012 1674 1114 1727 μετὰ
1134 1673 1276 1716 τούτου
1292 1675 1344 1717 τὰ
1360 1674 1504 1733 λῴονα.
1569 1674 1590 1718 ὅ
1608 1678 1682 1731 μὲν
1703 1673 1773 1721 οὖν

339 1738 669 1793 πρωτοσεβαστὸς
708 1737 918 1796 Θεόδωρος
955 1747 1043 1790 ταῖς
1070 1740 1269 1798 τριήρεσιν
1301 1743 1493 1797 ἀναχθεὶς
1521 1746 1589 1786 καὶ
1616 1746 1672 1795 εἷς
1699 1745 1772 1800 τὴν

336 1805 697 1862 νῆσονᾶφιγμένος
711 1804 870 1859 Ῥόδον,
904 1805 1034 1849 πάντα
1051 1825 1092 1850 τε
1113 1807 1168 1859 ὡς
1190 1808 1210 1851 ὃ
1229 1810 1418 1863 βασιλεὺς
1443 1812 1657 1868 προσέταξε
1681 1814 1771 1855 δια-

336 1871 578 1926 ταξάμενος,
610 1873 705 1923 τοῦς
723 1875 932 1925 Λατίνους
949 1875 1299 1932 κατετροπώσατο·
1333 1878 1410 1928 ἔξω
1429 1879 1505 1935 γὰρ
1528 1881 1771 1934 ληϊζομένοις

338 1939 563 1994 ἐντυχόντες
587 1947 670 1991 τοῖς
687 1943 884 1993 Λατίνοις
909 1942 947 1984 οἳ
966 1948 1039 1985 τοῦ
1059 1945 1255 1998 βασιλέως
1285 1945 1411 2003 ἄρδην
1436 1945 1587 1997 πάντας
1607 1947 1769 2003 σπάθης
1779 1954 1824 1988 25

337 2081 453 2115 norum
474 2070 643 2115 venisset,
672 2070 737 2105 nisi
760 2071 837 2116 quid
853 2071 920 2106 tale
936 2071 1125 2116 obtigisset.
1169 2074 1316 2108 Achaiae
1330 2075 1366 2108 et
1377 2073 1599 2119 Peloponnesi
1612 2075 1768 2121 princeps

337 2115 546 2149 Vilarduinus
559 2116 591 2149 in
607 2116 739 2159 Syriam
757 2118 957 2151 contendens
973 2118 1015 2152 ad
1036 2118 1183 2153 Francos
1195 2146 1205 2163 ,
1228 2120 1285 2164 qui
1299 2120 1332 2153 in
1348 2131 1387 2153 ea
1401 2122 1516 2161 erant,
1537 2120 1652 2165 copias
1673 2122 1767 2156 auxi-

334 2159 436 2194 liares
459 2161 651 2194 traiiciebat
664 2189 673 2206 ,
708 2167 919 2207 armatosque
943 2163 975 2196 in
998 2163 1185 2198 triremibus
1200 2165 1300 2199 etiam
1314 2164 1442 2209 equites
1459 2164 1668 2209 deportabat.
1712 2167 1766 2201 hic

334 2205 489 2239 Rhodum
515 2206 705 2250 appellens,
728 2218 800 2240 cum
816 2208 1031 2241 Ianuensibus
1043 2210 1197 2252 pactione
1211 2210 1312 2252 inita,
1335 2210 1465 2254 equites
1478 2210 1584 2243 fortes
1598 2214 1702 2255 atque
1715 2212 1768 2245 in-

334 2261 461 2293 genuos
478 2255 608 2284 centum
625 2256 660 2284 et
674 2252 810 2296 amplius
826 2252 890 2286 illis
907 2253 1090 2295 concessit,
1113 2254 1168 2299 qui
1195 2255 1361 2288 Romanos
1375 2254 1418 2288 ab
1435 2254 1605 2289 obsidione
1620 2256 1699 2290 licet
1712 2256 1767 2290 in-

333 2295 424 2328 vitos
438 2294 607 2329 dimovere
623 2301 657 2328 et
671 2297 891 2330 Phileremum
906 2298 1111 2342 repulerunt.
1158 2299 1191 2332 hi
1209 2311 1229 2332 a
1245 2299 1395 2344 principe
1411 2300 1540 2343 equites
1557 2301 1680 2345 relicti,
1704 2313 1767 2346 pe-

335 2339 421 2373 dites
448 2340 626 2373 Ianuenses
647 2340 682 2372 in
707 2346 817 2374 castro
839 2342 1067 2385 secludentes,
1091 2344 1263 2378 exilientes
1288 2344 1414 2389 rapinis
1439 2345 1547 2379 omnia
1573 2347 1766 2391 vastabant,

335 2385 464 2429 sibique
490 2385 645 2418 alimenta
668 2384 969 2421 subministrabant.
1016 2389 1092 2421 hinc
1108 2389 1246 2422 Romani
1263 2399 1371 2423 rerum
1385 2389 1497 2434 inopia
1510 2390 1683 2434 laborare,
1706 2403 1767 2426 eo·-

334 2441 400 2475 que
415 2429 617 2475 potissimum
633 2430 722 2474 quod
738 2431 947 2465 dromonibus
961 2432 1098 2477 aliisque
1113 2434 1319 2467 Ianuensium
1337 2435 1478 2479 navigiis
1505 2436 1654 2480 piraticis
1678 2436 1765 2471 infe-

333 2479 514 2510 starentur.
559 2475 618 2509 sed
646 2475 789 2509 Ioannes
809 2476 992 2520 imperator
1018 2478 1252 2523 Nymphaeum
1275 2490 1437 2524 pergens,
1469 2481 1634 2524 Smyrnae
1657 2481 1765 2516 classe

331 2521 445 2555 valida
466 2520 626 2554 adornata
650 2524 684 2553 et
709 2521 908 2566 hippagogis
929 2522 1116 2556 triremibus
1130 2523 1174 2556 ad
1190 2527 1357 2558 trecentos
1371 2525 1471 2559 etiam
1486 2527 1763 2571 transportandos

331 2577 436 2611 equos
458 2566 626 2610 aptissime
651 2567 850 2611 compactis,
872 2566 1042 2601 ductorem
1065 2568 1179 2602 classis
1205 2569 1418 2603 Theodorum
1445 2571 1762 2616 Contostephanum‚

330 2611 554 2656 protosebasti
575 2611 740 2655 dignitate
761 2612 968 2656 insignitum,
1001 2612 1182 2654 delectum,
1213 2615 1426 2660 apprimeque
1461 2627 1602 2660 quanam
1631 2617 1763 2652 ratione

331 2656 434 2690 aciem
457 2657 620 2690 instruere
646 2667 686 2690 ac
708 2668 926 2701 componere,
949 2668 1014 2701 quo
1032 2658 1066 2691 in
1082 2659 1156 2692 loco
1171 2662 1206 2692 et
1221 2660 1352 2704 quando
1375 2660 1533 2704 deberet,
1557 2662 1656 2695 etiam
1675 2661 1762 2695 sen·—

331 2702 444 2747 ptione
465 2702 671 2743 instructum,
698 2702 844 2741 dimittit,
866 2703 954 2736 bona
968 2703 1016 2736 illi
1031 2703 1194 2748 sociisque
1208 2715 1249 2738 ac
1264 2706 1375 2740 fausta
1389 2706 1599 2751 deprecatus,
1643 2711 1760 2752 proto-

330 2747 483 2781 sebastus
500 2747 698 2781 Theodorus
714 2748 901 2782 triremibus
915 2747 950 2781 in
965 2748 1066 2781 altum
1081 2748 1242 2783 devectus
1257 2754 1292 2783 et
1308 2751 1458 2786 Rhodum
1475 2752 1630 2793 veniens,
1652 2756 1687 2785 et
1712 2751 1760 2785 uti

330 2797 551 2838 praeceperat
570 2792 756 2838 imperator
776 2794 878 2827 rebus
902 2792 1090 2838 dispositis,
1120 2794 1259 2828 Latinos
1282 2796 1396 2840 fugat,
1418 2797 1576 2831 Romanis
1598 2795 1759 2841 siquidem

328 2837 438 2873 Latini
453 2838 561 2873 omnia
577 2837 771 2884 diripientes
787 2838 921 2873 obviam
935 2838 1021 2874 facti
1035 2839 1077 2874 ad
1093 2839 1349 2876 internecionem
1365 2842 1454 2876 caesi
1469 2846 1565 2886 sunt,
1589 2852 1661 2876 cum
1684 2841 1758 2886 pin-
