1924 3242
309 166 372 211 26
578 202 581 205 ,
937 169 1120 215 IOELIS

307 271 559 338 σταυρωθεὶς
578 280 721 336 ἀνέστη
746 284 796 338 τῇ
817 278 871 323 κε’
894 288 967 326 τοῦ
982 285 1191 338 Φαμενὼθ
1205 285 1332 341 μηνὸς
1351 285 1440 341 ἤτοι
1455 287 1664 344 Μαρτίου,
1688 290 1779 330 ‘tofi‘

305 350 601 406 πρωτοκτίστου
633 349 760 405 μηνὸς
792 351 927 393 Νισὰν
961 352 1062 410 παρ’
1095 351 1299 411 Ἑβραίοις
1330 356 1563 410 λεγομένου,
1604 357 1760 413 ἐπιφω-

303 416 477 472 σκούσης
501 421 705 474 κυριακῆς.
763 417 829 459 διὰ
853 421 895 461 τί
911 421 953 462 δὲ
972 419 1092 476 ὀγδόη
1112 420 1137 476 ἢ
1159 426 1233 464 τοῦ
1253 423 1391 479 κυρίου
1416 421 1636 475 ἀνάστασις
1652 425 1769 466 &trov-¹

300 485 522 539 νόμασται,·
557 485 692 540 ἐπειδὴ
714 484 877 536 ἑπτάκις
905 493 1053 546 νεκριῦν
1083 488 1302 532 ἀνάστασιν
1331 489 1498 547 εὕρομεν
1523 492 1565 533 ἓν
1587 495 1638 549 τῇ
1663 494 1758 534 θεία

298 557 439 637 γραφῇ
462 555 530 595 καὶ
551 554 654 608 μετὰ
678 554 773 605 τοὺς
794 553 826 606 ζ’
853 554 994 612 όγὸοος
1016 558 1058 599 ἐκ
1076 562 1225 615 νεκρῶν
1250 557 1435 641 ἀνέστη(
1417 576 1438 601 ο
1461 557 1611 615 κύριος.
1679 559 1791 616 aguis

297 621 374 678 γὰρ
405 626 477 676 τῆς
499 623 730 706 Χριστοῦ’
707 641 757 665 αν
758 623 964 676 αστάσεως
987 626 1028 667 ἐν
1049 630 1098 682 τῇ
1119 630 1273 668 παλαιιῖ
1294 625 1433 712 πρώτη
1455 628 1610 683 γε’γονεν
1634 625 1660 680 ἦ
1684 631 1759 670 τοῦ

295 690 387 732 υἱοῦ
417 694 489 745 τῆς
513 690 667 748 χήρας,
713 709 759 733 ον
782 692 931 743 Ἠλίας
965 694 1006 735 ἓν
1038 693 1285 752 Σαράφθοις
1313 695 1540 750 ἀνέστησεν,
1573 692 1660 749 ff‘
1638 713 1664 750 η
1685 699 1759 738 τοῦ

294 758 388 800 υἱοῦ
408 763 535 814 τῆς
502 760 817 814 Σουμανίτιδος,
853 761 897 803 ὃν
915 762 1183 813 Ἐλισσαιος’
1164 762 1205 818 η’)
1207 779 1329 819 ειρεν,
1356 761 1392 819 γ’
1418 761 1444 818 ἦ
1464 767 1538 806 τοῦ
1557 761 1769 820 στρατιῶ-.

295 843 392 879 του,
441 827 485 878 ὃς
514 828 630 884 ἐγγυς
656 829 886 871 Ἐλισσαίου
915 847 1057 887 ταφεις
1082 833 1148 873 καὶ
1174 838 1258 881 τοῖς
1280 831 1432 882 ὀστέοις
1453 836 1527 874 τοῦ
1545 848 1767 888 προφητου

295 894 530 950 πλησιάσας
551 895 606 947 ὥς
628 896 707 939 ἀπὸ
729 897 856 954 πυρὸς
878 897 1130 954 ἐξεπήδησεν,
1159 897 1195 941 δ’
1217 900 1258 941 ἓν
1279 903 1330 956 τῇ
1347 904 1465 956 καινῇ
1480 898 1506 955 ἦ
1528 904 1601 954 τῆς
1622 903 1757 955 θυγα-
1771 907 1814 942 10

238 958 271 993 D
295 964 403 1021 τρός
408 969 483 1006 τοῦ
508 964 852 1021 ἀρχισυναγώγου,
881 964 909 1009 ε’
933 965 959 1021 ἡ
983 971 1056 1009 τοῦ
1077 968 1169 1010 υιοῦ
1190 972 1264 1022 τῆς
1279 966 1426 1025 χήρας,
1455 966 1490 1017 ς’
1511 986 1538 1023 η
1563 972 1637 1010 τοῦ
1655 969 1760 1010 Λα-

294 1031 433 1090 ζάρου,
470 1031 502 1085 ζ’
524 1032 587 1076 ὅτε
611 1033 743 1076 πολλὰ
765 1032 937 1088 σώματα
954 1039 1035 1078 τῶν
1058 1036 1352 1091 κεκοιμημένων
1373 1034 1496 1092 ἁγίων
1516 1035 1687 1093 ἠγέρθη,
1719 1034 1758 1091 η’

300 1101 344 1143 δὲ
374 1099 401 1155 ἡ
434 1105 509 1163 τοῦ
538 1103 677 1159 κυρίου
714 1100 934 1153 ἀνάστασις
969 1104 1072 1157 μετὰ
1107 1104 1152 1146 τὸ
1189 1102 1389 1160 σωτήριον
1423 1102 1573 1154 πάθος.
1642 1098 1760 1154 οὗτος

298 1171 522 1226 φροντίζων
549 1174 622 1212 τοῦ
656 1172 811 1212 δικαίου
835 1171 1009 1227 ἔγραφεν
1028 1172 1089 1213 ἀεὶ
1108 1178 1198 1222 ταῖς
1225 1170 1299 1213 ὑπ’
1331 1172 1454 1214 αὐτὸν
1479 1170 1616 1214 πόλεσι
1636 1173 1762 1228 λέγων,

289 1236 402 1279 “ἐάν
428 1255 467 1280 τι
497 1237 647 1294 γράψω
676 1238 789 1294 παρὰ
815 1238 911 1287 τοὺς
932 1238 1082 1321 νοέμους
1100 1238 1367 1294 προστάσσων
1388 1241 1595 1295 γίνεσθαι,
1628 1256 1759 1297 τουτῳ
1771 1245 1813 1281 15

289 1305 352 1359 μὴ
373 1306 636 1390 προσεκτέον·
670 1303 847 1360 ηγνόηκα
870 1303 982 1362 γάρ]
1069 1306 1164 1348 ἀλλ’
1195 1305 1390 1364 ὕστερον,
1420 1311 1498 1372 φεῦ
1508 1339 1522 1360 ,
1558 1309 1766 1364 αἰφνίδιον

295 1375 351 1423 εἰς
379 1373 453 1426 τὴν
484 1374 648 1430 χείρονα
676 1375 949 1428 μεταβληθεὶς
985 1371 1149 1430 γνώμην
1188 1374 1289 1431 πρὸς
1316 1377 1452 1421 πᾶσαν
1479 1375 1765 1433 ἀνοσιουργίαν

292 1442 531 1498 μιαιφονίαν
549 1458 591 1485 τε
614 1442 682 1484 καὶ
705 1443 1032 1498 οιστρηλασιάν
1013 1441 1188 1500 ετράπη,
1222 1444 1290 1485 καὶ
1313 1442 1419 1486 ου’τω
1441 1443 1510 1487 τὸν
1529 1445 1621 1497 βίον
1641 1444 1759 1487 κατ’ἐ-

292 1521 479 1567 στρεψεν.

428 1577 554 1621 Μετὰ
576 1577 620 1619 δὲ
644 1577 833 1633 Τιβέριον
858 1577 1090 1630 ἐβασίλευσε
1112 1576 1236 1628 Γάϊος
1264 1578 1352 1628 υἱὸς
1377 1577 1504 1621 αὐτοῦ
1528 1577 1596 1634 ἴτη
1627 1577 1678 1631 δ’,
1712 1578 1813 1630 ὃς20

291 1649 451 1703 πρῶτον
471 1647 546 1700 μὲν
565 1644 881 1702 μεγαλοφρόνως
906 1647 1027 1688 διεῖπε
1053 1645 1104 1687 τὰ
1125 1650 1197 1700 τῆς
1217 1648 1427 1700 βασιλείας
1445 1645 1664 1703 πράγματα
1689 1650 1756 1690 καὶ

150 1717 179 1751 Ρ
205 1716 270 1752 163
293 1721 376 1765 τοῖς
395 1712 589 1770 ὑπηκόοις
611 1711 876 1769 καθηκόντως
895 1714 1096 1772 ἐκέχρητο,
1123 1712 1291 1772 ὕστερον
1312 1717 1356 1759 δὲ
1374 1715 1478 1770 μετὰ
1499 1713 1571 1758 δύο
1585 1713 1759 1772 χρόνους

385 1867 429 1902 16
451 1863 648 1912 προσιτέον
672 1866 774 1913 vulgo

293 2001 553 2058 praedicationis
566 2002 662 2038 initia
676 2003 803 2049 posuit,
828 2006 863 2038 et
881 2001 1010 2038 decimo
1027 2004 1163 2043 octavo,
1188 2002 1410 2037 Phamenothi
1426 2003 1499 2037 sive
1513 2003 1643 2044 Martii,
1658 2003 1755 2049 primi

295 2049 422 2083 conditi
436 2048 558 2083 mensis
568 2075 579 2092 ,
613 2050 683 2095 qui·
681 2049 732 2083 N
725 2061 838 2083 isanus
853 2049 1020 2084 Hebraeis
1037 2054 1112 2092 est,
1145 2048 1307 2093 vigesimo
1332 2049 1450 2093 quinto
1477 2048 1554 2092 die,
1586 2049 1754 2084 dominico

294 2094 525 2137 illucescente,
550 2096 642 2129 cruci
658 2096 782 2130 affixus
798 2095 984 2130 resurrexit
999 2106 1019 2128 a
1034 2095 1185 2129 mortuis.
1232 2094 1293 2127 sed
1308 2105 1449 2138 quanam
1463 2095 1594 2128 ratione
1607 2095 1754 2140 septima

295 2140 420 2174 domini
436 2141 639 2174 resurrectio
656 2141 894 2186 nuncupatur?
940 2146 1069 2185 septem
1085 2140 1236 2174 scilicet‘
1227 2151 1261 2172 ιιι
1278 2139 1398 2172 divinis
1414 2140 1533 2173 litteris
1549 2145 1754 2175 mortuorum

296 2186 558 2219 resurrectiones
575 2186 870 2230 deprehendimus,
907 2186 1068 2239 deinceps
1084 2191 1222 2219 octavus
1238 2196 1259 2218 ιι
1275 2185 1412 2218 mortuis
1428 2185 1579 2220 dominus
1595 2186 1754 2230 resurgit.

295 2242 371 2264 uam
397 2236 478 2264 ante
493 2231 621 2265 Christi
645 2232 929 2265 resurrectionem
951 2231 984 2264 in
1007 2231 1116 2265 veteri
1143 2235 1342 2264 testamento
1367 2229 1491 2263 viduae
1515 2231 1573 2264 filii
1593 2231 1753 2265 excitatio

293 2281 581 2318 commemoratur,
605 2288 705 2321 quem
720 2277 839 2310 Helias
855 2277 1054 2321 Saraphthis
1071 2275 1256 2316 excitavit3
1290 2276 1438 2309 secunda
1454 2275 1515 2309 filii
1535 2277 1754 2311 Sunamitidis

293 2321 426 2356 Elisaei
441 2321 630 2363 beneficio3
654 2323 755 2355 tertia
771 2322 884 2356 militis
899 2322 994 2355 iuxta
1010 2333 1131 2375 corpus
1146 2320 1274 2354 Elisaei
1290 2321 1435 2365 sepulti,
1459 2321 1517 2365 qui
1534 2321 1589 2355 ubi
1605 2322 1754 2367 prophe-

294 2371 350 2401 tae
369 2365 526 2420 reliquias
540 2366 722 2411 tetigisset,
742 2367 855 2400 statim
870 2367 965 2400 velut
981 2367 1050 2401 ab‘
1041 2379 1120 2410 igne
1136 2366 1262 2407 exiliit3
1287 2371 1410 2411 quarta
1425 2366 1458 2400 in
1474 2378 1564 2400 novo
1580 2367 1670 2401 filiae
1686 2368 1755 2401 Ar-

292 2411 534 2456 chisynagogi·
525 2435 535 2453 ,
572 2412 686 2456 quinta
703 2412 764 2445 filii
779 2412 922 2453 viduae3
956 2418 1053 2445 sexta
1069 2412 1212 2451 Lazari,
1247 2412 1390 2465 septima
1408 2423 1482 2445 cum
1498 2413 1598 2446 multa
1614 2419 1754 2447 sancto-

294 2469 367 2492 rum
384 2468 526 2502 corpora
543 2462 782 2499 surrexerunt3
812 2463 935 2490 octava
959 2462 1038 2501 post
1058 2457 1237 2490 salutarem
1255 2457 1442 2501 passionem
1459 2457 1583 2491 domini
1598 2469 1755 2493 resurre-

295 2504 377 2538 ctio.
417 2502 579 2537 Tiberius
597 2514 679 2536 vero
695 2503 775 2536 iusti
789 2502 883 2536 nimis
899 2507 1001 2536 tenax
1017 2503 1178 2536 subiectis
1196 2502 1390 2536 civitatibus
1404 2503 1533 2548 scripto
1549 2503 1752 2545 inculcabat,

305 2546 354 2582 si
371 2548 453 2593 quid
469 2549 566 2582 exlex
581 2548 748 2603 scripsero
765 2559 1018 2603 praeceperove
1036 2552 1074 2581 ut
1088 2548 1244 2590 faciatis,
1276 2548 1353 2581 huic
1366 2559 1586 2602 nequaquam
1609 2549 1753 2583 animum

294 2594 502 2628 advertatis.
532 2594 636 2628 inscio
650 2594 791 2649 quippe
794 2589 963 2627 excidit.’'
1009 2593 1069 2626 sed
1086 2594 1240 2638 tandem,
1277 2604 1341 2626 vae
1365 2593 1413 2627 illi
1435 2594 1580 2636 misero,
1612 2599 1752 2640 repente

295 2640 440 2675 descivit
453 2639 499 2673 ad
515 2639 619 2683 vitia,
649 2640 683 2674 in
706 2639 813 2674 omnia
828 2639 990 2673 scelerum
1007 2638 1159 2673 caedium
1174 2644 1210 2673 et
1224 2620 1398 2673 libidinum
1413 2639 1674 2674 effraenatarum
1688 2651 1752 2685 ge·

297 2697 378 2720 nera
391 2685 562 2738 impulsus.
608 2685 723 2730 sicque
739 2685 832 2719 vitae
845 2685 943 2718 finem
960 2684 1086 2728 posuit.

387 2732 472 2766 Post
488 2730 663 2765 Tiberium
681 2731 789 2765 Gaius
804 2730 894 2764 filius
912 2741 1015 2763 annos
1031 2729 1198 2774 quatuor·
1188 2730 1359 2774 1mperium
1375 2730 1496 2764 tenuit.
1542 2729 1597 2764 hic
1599 2729 1749 2784 ‘primum

298 2777 431 2821 quidem
446 2776 602 2811 munifice
616 2776 816 2811 admodum
807 2775 936 2829 imperii
951 2775 1082 2809 clavum
1096 2775 1289 2809 moderatus
1305 2780 1381 2820 est,
1405 2776 1547 2810 subditis
1563 2775 1661 2809 etiam
1677 2785 1751 2808 mo-

299 2824 419 2858 derate
433 2827 469 2857 et
484 2827 522 2857 ut
535 2833 600 2868 par
615 2827 689 2857 erat
705 2834 806 2865 usus3
830 2821 988 2867 deinceps
1003 2826 1081 2866 post
1095 2820 1285 2864 biennium,
1309 2827 1347 2855 ut
1366 2821 1454 2868 patri
1468 2820 1648 2863 acciderat,
1671 2823 1750 2854 tan-
