1872 3236
485 194 869 241 COMPENDIUM
893 194 1238 240 mmomssum.
1520 193 1621 241 »235

306 309 373 355 καὶ
394 307 843 366 κυμαινόμενονπδεινῶς
863 307 920 361 ὡς
932 314 1033 353 ναῦν
1053 308 1380 364 ἄστατουμένην,·

302 377 515 436 &athalai
531 378 726 436 χειμέριοι
743 377 963 436 στρέφουσι
982 381 1049 421 καὶ
1069 380 1231 422 δονοῦσι

255 462 258 464 ’
306 448 372 492 καὶ
390 448 615 504 καταιγίδες
632 444 763 504 ἄγριοι
783 448 851 489 καὶ
873 445 1044 504 στρόφοι
1064 445 1374 501 πνευματώδεις,

307 517 375 559 καὶ
395 515 446 560 τὰ
459 514 669 571 Ῥωμαίων
688 516 883 559 πίπτοντα
899 513 1060 573 φύρδην
1076 517 1144 557 καὶ
1160 513 1424 569 κακοπότμως

171 583 282 628 5515
306 583 374 628 ἅτε
389 586 495 642 χειρὶ
512 583 768 642 κρατούμενα
785 586 949 627 παιδίου
967 581 1178 639 νηπιάχου,

307 658 380 697 τοῦ
399 652 596 711 κράτορος
613 651 826 711 ὑπέρχεται
844 651 1099 711 προσπόλους
1118 653 1184 696 καὶ
1205 652 1458 708 προκοίτους,

306 723 419 779 οἵπερ
439 724 506 764 καὶ
524 726 681 777 μᾶλλον
699 722 845 765 εὔνοεῖν
866 720 1031 765 ἐδόκουν
1045 725 1105 780 τῷ
1125 723 1352 778 κρατοῦντι,
1394 722 1397 726 ’

306 792 374 834 καὶ
397 789 690 846 κοινωσάμενος
712 790 850 842 αὐτοῖς
867 791 1023 845 βουλὰς
1038 789 1318 848 κρυφιωτέρας

304 861 371 902 καὶ
389 857 696 915 συσκεψάμενος
713 859 849 910 αὐτοῖς
868 861 936 902 καὶ
960 856 1337 912 συνδολοπλοκήσας

169 926 281 971 5520
305 929 372 971 καὶ
394 928 581 984 μηχανὰς
604 928 868 979 παντοδαπὰς
890 926 1113 986 πορφύρων
1134 924 1426 982 βαθυβοῦλους
1457 976 1460 979 ⁴

303 997 586 1053 ἓσχηματίζετο
605 1000 760 1051 τολμᾶν
775 998 915 1052 βιαίαν
933 997 1152 1054 τυραννίδα

304 1067 370 1108 καὶ
389 1069 525 1109 πᾶσαν
543 1066 678 1124 φέρειν
699 1067 766 1109 καὶ
786 1070 956 1124 πτεροῦν
977 1065 1079 1122 πρὸς
1095 1068 1214 1108 τοῦτο
1234 1062 1491 1120 στολαρχιάν,
1527 1069 1533 1074 “

304 1132 360 1184 ὦς
380 1137 513 1192 θροῦν
534 1135 719 1178 ἐντεῦθεν
740 1134 879 1192 ἄγριον
901 1133 1136 1192 κακόθρουν
1150 1133 1351 1187 κυματίαν

303 1204 528 1246 {nexta-nera»
545 1205 613 1246 καὶ
635 1210 857 1261 σμαραγεΐν
879 1203 983 1247 κατὰ
1003 1207 1084 1246 τῶν
1101 1203 1330 1258 βασιλείων.

167 1269 277 1314 5525
302 1273 368 1313 καὶ
386 1270 540 1322 πάντας
559 1274 847 1316 κατασείεσθαι
869 1277 928 1330 τῷ
947 1270 1119 1314 κλύδωνι
1138 1276 1210 1314 τοῦ
1233 1271 1361 1320 δέους,

305 1341 381 1390 ἕως
399 1338 425 1395 ἦ
443 1338 575 1383 πάντα
597 1341 832 1398 στρέφουσα
855 1342 1071 1383 παλίπνοια
1093 1344 1166 1382 τοῦ
1188 1340 1281 1394 βίου

302 1406 546 1465 προσῶκειλε
559 1409 636 1451 τὸν
650 1407 858 1463 Ῥωμανὸν
879 1409 1020 1459 αὐλαῖς
1039 1415 1128 1459 ταῖς
1149 1412 1230 1450 τῶν
1250 1404 1432 1450 ἀνάκτων

303 1475 359 1527 ὧς
381 1477 423 1520 ἐν
447 1475 642 1533 ἀγκάλαις
659 1481 853 1533 γαληναῖς
875 1475 1013 1532 ὅρμων
1030 1477 1295 1530 ἀλεξανέμων.

300 1551 386 1595 τοῖς
406 1544 708 1602 πρωτοβούλοις
726 1546 804 1602 γὰρ
826 1547 1007 1595 πεισθεὶς
1024 1544 1050 1600 ἢ
1070 1548 1226 1600 μᾶλλον
1244 1541 1472 1598 ἐπιβούλοις

164 1611 277 1657 5530
300 1611 322 1656 ὅ
338 1613 530 1668 βασιλεὺς
550 1613 620 1656 τὸν
631 1611 839 1668 Ῥωμανὸν
860 1612 915 1664 ὡς
938 1616 1056 1672 φίλον
1077 1616 1292 1656 οἰκειοῦται

302 1683 370 1725 καὶ
389 1687 463 1738 τῆς
483 1685 586 1737 ζωῆς
605 1684 673 1724 καὶ
692 1686 763 1737 τῆς
781 1682 909 1739 ἀρχῆς
928 1681 1093 1740 φύλακα
1111 1678 1366 1732 καθιστάντι,

301 1751 402 1794 εἷ’ποι
424 1769 486 1802 τις
507 1750 557 1794 ἂν
578 1751 651 1794 οὔκ
671 1751 836 1809 ἀφυῶς,
872 1751 966 1793 ἀλλ’
988 1751 1082 1793 οὐδ’
1106 1747 1380 1806 ἀχαριτώτως,

299 1821 486 1876 τροχίλον
507 1817 529 1862 ὃ
550 1818 826 1877 κροκόδειλος,
860 1818 886 1875 ἦ
909 1821 1027 1862 πίννα
1047 1819 1118 1862 τὸν
1136 1820 1336 1876 καρκίνον.

278 1886 321 1945 ,ὁ
341 1890 474 1932 τοίνυν
493 1889 619 1931 Λέων
639 1887 660 1931 ὃ
685 1891 836 1939 Φωκᾶς
846 1921 860 1941 ,
896 1882 945 1932 οὗ
967 1887 1162 1947 πρότερον
1183 1885 1407 1942 ἐμνήσθην,

253 1995 346 2032 5512
384 1994 537 2040 ειμέριοιι
559 1996 593 2031 R
782 1996 874 2032 5520
892 1995 1091 2041 πορφύρας
1109 1997 1143 2031 R
1331 1994 1420 2030 5521
1442 1992 1574 2038 βιαίως
1595 1993 1626 2027 Α

251 2042 344 2077 5524
380 2040 573 2077 πικῦπτειν
588 2042 628 2078 Μ
722 2039 782 2078 ἐπὶ
799 2043 869 2079 ΑΜ
916 2064 919 2066 -
961 2043 1052 2078 5526
1069 2042 1294 2078 παλίνπλοια
1309 2041 1355 2086 R,
1374 2041 1571 2075 καλίπνοια
1587 2040 1625 2074 Μ

251 2087 344 2124 5532
364 2085 499 2133 ἀφυοῦς
517 2085 605 2123 οὐδ’
632 2083 681 2123 ἄν
701 2089 740 2124 Μ

158 2178 352 2225 praeditus,
375 2178 618 2216 animadverso
640 2180 779 2226 imperii
803 2184 931 2215 statum
954 2180 1036 2215 hinc
1058 2184 1096 2215 et
1116 2179 1211 2214 illinc
1232 2179 1404 2214 fluctuare
1427 2189 1492 2213 ceu
1510 2177 1626 2212 navim

159 2235 263 2270 quam
286 2225 454 2261 hibernae
477 2231 703 2272 tempestates
726 2227 956 2272 gravissimae
979 2226 1197 2270 succutiunt,
1230 2227 1389 2271 adeoque
1411 2236 1469 2259 res
1494 2225 1622 2258 Roma—

161 2283 223 2306 nas
247 2271 372 2306 collabi
394 2273 521 2307 misere
545 2273 598 2307 uti
621 2285 711 2318 quae
733 2273 771 2307 in
793 2278 937 2307 tenerae
961 2274 1143 2307 admodum
1175 2271 1301 2306 aetatis
1324 2282 1427 2306 manu
1450 2271 1540 2304 sitae
1567 2271 1623 2304 fo-

158 2322 260 2362 rent,
294 2317 332 2352 in
363 2319 549 2354 amicitiam
573 2331 690 2354 eorum
714 2319 935 2364 imperatoris
958 2319 1192 2354 ministrorum
1216 2322 1253 2352 et
1275 2317 1563 2352 cubiculariorum
1586 2328 1627 2350 se

160 2362 334 2408 insinuat,
369 2365 431 2411 qui
451 2365 642 2411 praecipua
664 2366 846 2410 complecti
868 2365 1115 2400 benevolentia
1138 2365 1383 2410 imperatorem
1406 2363 1624 2398 viderentur.

160 2420 237 2444 cnm
262 2409 315 2444 his
338 2411 595 2446 communicatis
617 2411 762 2446 occultis
786 2411 952 2456 consiliis,
976 2422 1085 2457 reque
1109 2411 1304 2445 deliberata
1327 2415 1365 2444 et
1386 2409 1628 2443 fraudulenter

159 2454 348 2500 instructa,
379 2458 599 2501 tyrannidem
631 2465 755 2504 aperta
787 2458 824 2491 vi
857 2457 971 2492 moliri
1004 2469 1043 2492 se
1074 2457 1259 2491 simulabat
1281 2461 1318 2490 et
1342 2457 1387 2490 ad
1409 2455 1625 2489 invasionem

161 2501 236 2536 eius
261 2501 405 2537 classem
427 2504 625 2539 universam
649 2505 836 2539 adducere.
891 2515 959 2549 quo
989 2505 1118 2538 factum
1151 2508 1206 2538 est
1236 2508 1275 2536 ut
1306 2513 1424 2536 rumor
1459 2502 1555 2536 dirus
1589 2501 1626 2533 in

159 2546 272 2582 aulam
303 2548 500 2584 deferretur
526 2557 563 2584 et
588 2549 745 2585 universi
778 2549 986 2595 gravissimo
1018 2555 1156 2584 terrore
1187 2548 1481 2594 percellerentur,
1514 2548 1626 2581 donec

160 2594 298 2628 tandem
319 2605 435 2629 rerum
456 2597 678 2630 humanarum
696 2596 925 2642 vicissitudo,
985 2608 1050 2630 uae
1070 2595 1185 2630 omnia
1209 2594 1300 2629 solet
1322 2595 1503 2628 immutare
1516 2620 1526 2637 ,
1550 2593 1623 2626 Ro-

158 2650 294 2674 manum
313 2640 357 2674 ad
376 2641 486 2676 aulam
503 2642 724 2687 imperatoris
747 2643 904 2677 traduxit
927 2655 971 2676 ve
987 2647 1024 2676 ut
1047 2643 1092 2677 ad
1109 2640 1331 2686 tranquillum
1352 2641 1522 2686 quendam
1540 2650 1623 2683 por-

159 2690 245 2719 tum.
294 2697 370 2719 nam
395 2685 584 2732 imperator
601 2701 622 2723 a
641 2688 842 2734 praecipuis
865 2688 1073 2723 consiliariis
1098 2687 1170 2722 suis
1194 2686 1252 2720 vel
1273 2687 1389 2731 potius
1408 2684 1622 2720 insidiatorL

159 2732 224 2766 bus
249 2742 434 2776 persuasus
458 2733 649 2769 Romanum
674 2741 836 2780 tanquam
856 2734 1117 2768 amicum'suum
1138 2734 1181 2768 ad
1205 2732 1473 2767 familiaritatem
1498 2730 1622 2765 admit—

159 2776 224 2820 tit,
258 2788 404 2822 eumque
422 2783 492 2813 tam
514 2780 609 2814 vitae
632 2792 734 2826 quam
755 2780 893 2827 imperii
915 2780 970 2815 sui
994 2781 1172 2814 custodem
1191 2791 1232 2814 ac
1252 2780 1473 2814 defensorem
1492 2787 1622 2810 renun-

158 2822 247 2868 tint,
282 2823 476 2859 crocodilus
507 2825 642 2860 scilicet
667 2826 871 2870 trochilum,
906 2826 1013 2871 pinna
1036 2837 1213 2860 cancrum:
1251 2837 1329 2859 nam
1348 2824 1399 2857 ita
1418 2835 1485 2856 non
1506 2822 1624 2866 inepte

158 2880 224 2904 nec
254 2868 473 2915 ineleganter
504 2871 583 2916 quis
613 2873 658 2907 dc
681 2872 748 2908 hoc
769 2872 862 2908 facto
884 2871 1179 2918 pronuntiavcrit.
1229 2872 1348 2916 itaque
1375 2870 1449 2904 Leo
1476 2868 1624 2911 Phocus,
