1864 3242
308 165 404 212 234
828 171 887 214 IN
922 147 1225 218 GEORGIUM'

519 275 844 326 ἒπεισκεπτωκῶς
859 274 1014 320 Ἰταλῶν
1033 285 1184 337 στρατῶ
1204 279 1338 336 λάθρα

514 335 657 372 τοῦτον
677 338 891 387 τροποῦται
910 335 977 377 καὶ
997 341 1090 393 νικᾷ
1106 337 1205 379 natu?
1228 339 1382 393 κράτος.

517 389 660 441 ζωγρεῖ
674 405 714 430 τε
732 389 800 430 καὶ
820 394 936 442 σφῶν
953 390 1133 447 κράτωρα
1151 397 1418 446 Βαλδουΐνον,·

517 447 702 510 κομῶντα
720 449 882 495 πολλαῖς
902 444 1054 501 ἆρετῶν
1072 452 1245 500 νεανίαν,

518 503 684 551 μαλιστα
702 505 842 543 πασῶν
867 502 1108 560 σωφροσύνῃ
1133 507 1199 547 καὶ
1221 508 1326 563 δίκῃ,

517 554 573 604 ὥς
596 554 710 607 φθᾶς
732 556 1018 614 προΐστόρησεν
1036 558 1176 603 ἀνύτειν
1193 562 1325 616 λόγος·

516 608 637 665 ὅνπερ
658 615 871 667 καθείρξας
889 616 1044 669 μακρὰν
1065 618 1107 658 ἐν
1125 622 1178 673 τῷ
1207 617 1400 675 Τρινόβῳ,

516 665 666 719 δράσας
684 686 724 711 τε
743 670 854 711 §enni
872 675 993 726 μυρία
1009 672 1276 726 κακοτρόπως,

515 723 638 777 πέρας
663 726 940 780 καθυπὲβαλεν
962 730 1108 785 οἰκτρῷ
1125 729 1289 784 θανάτῳ

513 777 603 820 κατ’
619 778 818 834 ἠλιβάτων
836 789 1153 838 κατακρημνίσας
1174 784 1322 828 τόπων.

302 834 636 887 quemadmodum
667 840 799 890 itaque
825 854 970 879 nomen
996 842 1168 880 Danduli
1200 843 1307 895 apud
1326 844 1495 883 Graecos
1515 845 1739 897 inauspica-

302 898 387 929 tum
407 899 523 944 atque
543 894 691 931 infame
711 894 892 934 habitum
910 905 989 946 est,
1018 900 1073 936 ita
1091 899 1297 949 Balduini,
1328 903 1506 952 quamvis
1525 901 1738 954 eorundem

300 946 437 996 hostis,
467 950 701 998 gloriosum3
734 954 843 990 cuius
866 956 983 991 etiam
1002 957 1104 992 vires
1125 963 1242 1007 atque
1259 958 1468 1007 imperium
1486 959 1534 995 ob
1555 960 1741 996 amissam

300 1005 521 1043 libertatem
537 1005 712 1055 oderant,
733 1021 862 1046 mores
881 1017 997 1062 atque
1014 1012 1217 1061 ingenium
1234 1014 1573 1051 exosculabantur.
1614 1015 1740 1052 Grae-

300 1073 434 1098 corum
452 1062 500 1100 de
520 1075 565 1099 eo
586 1066 794 1112 praeconia
813 1063 931 1116 digna
950 1079 1049 1118 quae
1067 1067 1192 1118 lapidi
1208 1070 1417 1119 sepulcrali
1434 1069 1655 1107 incidantur
1672 1068 1738 1107 hic

296 1118 503 1158 ascribam.
562 1117 753 1156 Chouiata
774 1133 814 1170 p.
833 1124 914 1162 790
947 1121 1010 1162 14.
1069 1130 1107 1160 et
1126 1123 1386 1174 Ephraemius
1404 1127 1447 1162 in
1466 1125 1680 1164 Chronico:

510 1172 552 1212 ἔκ
574 1188 614 1213 τε
635 1177 895 1227 Φραγγίσκων
914 1178 1132 1218 Βενετίκων
1150 1178 1419 1233 Λωμποὲρδων

509 1228 746 1281 ἐπιλεγέντες
765 1227 935 1284 εὐγενεῖς
952 1232 1194 1286 ψηφηφόροι

510 1284 568 1331 εἷς
589 1282 740 1324 ἄνακτα
761 1288 912 1338 χρίουσι
930 1291 1000 1338 τῆς
1022 1289 1324 1330 Κωνσταντίνου

508 1341 756 1381 Βαλδουΐνον
772 1339 927 1394 κόμητα
946 1342 1074 1397 χώρας
1090 1348 1160 1396 τῆς
1181 1344 1397 1401 Φλάντρας,

507 1397 672 1436 νεανίαν
692 1393 919 1448 κάλλιστον,
948 1399 1095 1451 ῶραῖον
1116 1399 1249 1452 φύσει,

507 1454 728 1505 φιλευσεβῆ
748 1469 787 1494 τε
809 1454 876 1495 καὶ
897 1454 1150 1509 φιλόχριστον
1168 1459 1270 1503 λίαν,

507 1506 662 1561 πρᾶύν,
692 1506 849 1563 ἱλαρόν,
879 1513 1200 1565 σωφρονέστατον
1219 1511 1336 1566 μάλα,

507 1565 649 1616 μερίδα
665 1565 731 1605 καὶ
752 1566 928 1618 μέλλοντι
950 1566 1106 1610 διδόντα
1123 1571 1211 1623 βίῳ,

507 1623 667 1661 πολλῶν
686 1627 846 1674 ταμεῖον
863 1619 1013 1675 οἷρετῶν
1031 1625 1247 1674 θεοδότων,

508 1672 666 1727 μάλιστ’
689 1677 857 1731 ἐραστήν
878 1680 1144 1732 σωφροσύνης
1162 1682 1228 1722 καὶ
1246 1681 1372 1733 δίκης.

508 1729 554 1779 ὃς
579 1730 654 1784 εἶχε
675 1734 737 1781 δὶς
756 1731 911 1787 κήρυκα
927 1739 997 1788 τῆς
1016 1735 1238 1789 ἑβδομάδος
1267 1783 1270 1786 y

507 1785 626 1840 τορὸν
647 1790 803 1840 βοῶντα
824 1788 877 1842 μὴ
902 1793 1116 1832 καθεύδειν
1136 1794 1286 1845 μηδένα

494 1843 586 1883 ’τῶν
605 1845 813 1896 βασιλείων
831 1846 1001 1888 ἔνδοθεν
1023 1843 1119 1888 καθ’
1141 1849 1322 1902 ἑσπέραν,

507 1899 632 1951 μηδὲν
652 1903 806 1956 νομίμῳ
826 1903 983 1955 γυναικὶ
1003 1904 1269 1958 συνημμένον,

505 1952 638 2011 πόρνῃ
659 1953 702 1997 δ’
720 1954 906 2009 ἆθέσμως
928 1961 1125 2012 συμβιοῦν
1143 1960 1359 2015 ᾑρημένον.

505 2006 560 2062 ἦν
577 2012 644 2052 καὶ
668 2009 798 2064 φύλαξ
818 2011 951 2066 νόμων
966 2032 1006 2056 τε
1029 2017 1142 2068 δίκης
1157 2014 1195 2057 τ’
1216 2015 1396 2069 ἐννόμου,

504 2067 664 2120 γυναικὶ
685 2075 869 2122 προσχεῖν
887 2068 938 2111 ου’
959 2070 1135 2125 θελήσας
1151 2069 1244 2114 ου’δ’
1262 2070 1378 2122 ὅλως,

502 2121 601 2175 μηδ’
620 2122 670 2165 ἂν
686 2126 794 2180 μέχρι
811 2126 1029 2180 βλέμματος
1046 2129 1213 2182 ε’μπαθῆ
1230 2129 1346 2178 θέαν,

503 2176 601 2220 ὅσον
621 2196 694 2235 περ
714 2179 823 2234 ἐπῆν
844 2187 916 2235 τῆς
937 2182 1131 2225 συνεύνου
1152 2184 1222 2226 τόν
1242 2183 1398 2238 χρόνον.
1452 2185 1554 2222 Au..

397 2247 438 2283 p-
459 2234 512 2275 24
529 2249 567 2272 v.
589 2235 654 2277 15.
710 2245 805 2276 nota
822 2240 949 2278 fatum
969 2241 1153 2279 Balduini
1170 2243 1267 2293 imp.
1292 2255 1314 2278 a
1332 2237 1489 2292 Scythis
1511 2244 1646 2290 captus
1666 2239 1729 2277 vi-

286 2301 438 2341 vusque
466 2292 509 2326 in
534 2289 709 2332 hostium
733 2302 967 2344 potestatem
984 2300 1110 2346 venit,
1142 2311 1186 2335 ac
1207 2300 1333 2349 primo
1351 2295 1518 2334 Iohanni
1533 2296 1728 2346 Bulgaro-

286 2358 374 2382 rum
399 2347 504 2395 regi,
534 2359 632 2383 mox
659 2352 803 2386 carceri
833 2351 1017 2402 traditus,
1047 2353 1203 2391 modico
1219 2361 1394 2404 tempore
1408 2359 1497 2403 post
1513 2352 1727 2388 miserabili

286 2403 399 2438 exitu
417 2403 552 2452 periit,
583 2404 683 2440 circa
700 2417 847 2442 almum
869 2408 988 2450 1205.
1045 2410 1198 2461 fuitque
1219 2410 1332 2460 Cpoli
1347 2410 1615 2459 interregnum
1634 2409 1728 2444 anni

285 2459 401 2495 unius
434 2465 473 2494 et
501 2460 699 2496 mensium
716 2468 919 2511 quattuor,
947 2471 1072 2502 morte
1091 2466 1335 2516 imperatoris
1355 2478 1434 2502 non
1456 2467 1564 2515 prius
1582 2464 1727 2514 explo-

285 2519 388 2560 rata,
420 2526 521 2564 quae
551 2516 607 2552 ita
637 2518 798 2567 contigit
828 2519 927 2555 teste
956 2521 1107 2557 Niceta.
1166 2528 1301 2571 captus
1329 2520 1398 2558 diu
1422 2521 1597 2558 Ternobi
1626 2521 1725 2556 fuit:

287 2582 378 2605 cum
411 2577 544 2607 autem
568 2572 749 2622 Aspietes
775 2571 827 2610 ad
853 2575 1013 2612 Latinos
1040 2575 1268 2625 defecisset,
1304 2576 1499 2614 Iohannes
1529 2589 1602 2614 rex
1631 2589 1726 2626 pro-

285 2631 420 2674 pterea
437 2624 783 2665 vehementissime
804 2631 1058 2669 exacerbatus
1082 2639 1340 2683 aestuansque
1358 2635 1437 2681 ira,
1468 2640 1506 2669 et
1529 2632 1661 2669 dolore
1681 2633 1724 2667 in

287 2680 371 2718 dies
395 2682 689 2731 ingravescente
713 2698 814 2735 pene
832 2687 875 2722 in
892 2687 1039 2724 rabiem
1059 2695 1188 2737 actus,
1217 2688 1412 2727 Balduino
1435 2687 1575 2726 educto
1597 2702 1618 2725 e
1639 2700 1726 2724 car-

288 2750 373 2773 cere
400 2736 521 2787 pedes
549 2739 626 2789 ipsi
651 2753 870 2793 manusque
888 2745 1100 2794 amputari,
1133 2743 1274 2782 deinde
1291 2752 1474 2782 truncum
1496 2747 1538 2782 in
1559 2743 1726 2795 profun-

287 2791 380 2829 dam
409 2794 555 2832 vallem
581 2797 830 2848 praecipitari
853 2799 982 2850 iubet,
1011 2800 1080 2838 ubi
1096 2802 1211 2839 tertio
1234 2800 1395 2839 demum
1414 2800 1477 2838 die
1501 2814 1589 2839 esca
1611 2799 1727 2837 volu-
