1924 3242
277 178 285 187 ”
339 203 402 249 50
966 203 1148 248 loms

339 334 410 371 νην
433 319 503 358 νῧν
522 312 716 371 Ζαγόρια.
780 313 1018 372 (Ηράκλειον
1045 318 1088 359 δὲ
1115 317 1289 376 ἀδελφὸν
1308 315 1431 360 αὗτοῦ
1451 321 1518 362 καὶ
1539 319 1634 370 τοὺς
1652 336 1776 363 συνα-

287 396 318 430 Β
342 385 597 438 σπιζομένους
617 383 727 439 αὐτῷ
749 383 1078 428 ἀνεσκολόπισεν.’
1115 387 1355 428 Καλλίνικον
1378 387 1421 428 δὲ
1440 387 1509 430 τὸν
1530 386 1778 444 πατριάρχην

340 450 555 508 τυφλώσας
575 451 615 492 ἓν
628 449 762 508 Ῥώμῃ
784 443 988 509 ἐξώρισεν·
1031 453 1127 495 ἄνθ’
1151 449 1199 495 οὗ
1218 452 1459 511 προεβάλετο
1481 453 1687 512 Κυριακὸν
1708 455 1778 498 τὸν

341 521 383 561 ἓν
408 522 458 574 τῇ
489 517 597 575 νήσῳ
623 517 888 576 Ἀμάστριὸος
918 519 1015 563 ὄντα
1037 519 1091 571 ὥς
1110 520 1460 579 προαγορεύσαντα
1483 523 1593 580 αὐτῷ
1613 522 1685 578 τὴν
1706 526 1778 577 τῆς

338 587 546 640 βασιλείας
562 586 895 630 ἀποκατάστασιν.
961 591 1234 646 Χερσωνίταις
1264 591 1307 631 δὲ
1327 594 1582 644 μνησικακῶν
1605 590 1684 634 ἀπὸ
1705 595 1809 645 τῆς5

340 654 496 709 ἓξορίας
515 652 656 696 στόλον
674 654 884 705 ἕξώπλισεν
904 656 996 698 κατ’
1020 657 1151 699 αὐτῶν
1161 690 1173 709 ,
1209 659 1273 699 καὶ
1292 658 1492 700 ἀπέστειλε
1511 662 1568 715 τῷ
1584 659 1777 714 πατρικίῳ

337 719 506 779 Μαύρῳ
524 726 664 764 τοῦτον
684 722 1010 780 ἔγχειρισάμενος.
1047 725 1085 766 οἱ
1107 726 1150 767 δὲ
1169 725 1237 773 τὸν
1259 725 1625 779 μὲνἸουστινιανὸν
1645 723 1778 767 καθύ-

336 794 503 845 βρισαν,
538 790 607 831 τὸν
629 790 672 831 δὲ
693 791 813 833 ἐκεῖσε
837 790 1038 847 ἐξόριστον
1059 791 1153 834 ὄντα
1179 792 1256 835 ὑπὸ
1271 792 1500 850 Ἀψιμάρου
1527 791 1778 848 Φιλιππικόν,

334 857 423 899 υἱὸν
443 856 679 914 Νικηφόρον
705 860 911 914 πατρικίου
922 891 934 910 ,
971 862 1142 913 βασιλέα
1161 865 1314 903 θᾶττον
1333 860 1619 918 ἄνηγόρευσαν.-
1682 861 1778 919 ὅπερ

336 924 453 979 γνοὺς
487 923 508 966 ὃ
540 924 732 981 τύραννος
758 926 1068 979 Ἰουστινιανός,
1121 931 1188 970 καὶ
1219 930 1281 970 ἐπὶ
1311 933 1444 971 πλεῖον
1474 927 1688 983 θυμωθεὶς
1711 930 1778 971 καὶ
1789 934 1832 970 10

287 1002 316 1035 C
341 994 558 1050 φοβηθείς,
595 993 745 1047 ἀνῆλθε
765 995 881 1051 μέχρι
903 993 1087 1050 Σινώπης
1108 997 1386 1053 ἀκριβέστερον
1407 999 1494 1053 περὶ
1522 995 1664 1039 τούτου
1695 1014 1778 1051 μα-

334 1059 572 1115 θησόμενος.
619 1066 692 1102 τοῦ
711 1062 754 1103 δὲ
778 1064 1021 1104 Φιλιππικοῦ
1045 1063 1118 1105 σὺν
1137 1064 1268 1122 στόλῳ
1288 1063 1586 1118 καταλαβόντος
1602 1065 1778 1106 ’Immu-

333 1128 467 1177 νιανὸς
497 1128 597 1184 πρὸς
623 1128 692 1170 τὸν
710 1128 946 1186 Δημήτριον
976 1130 1153 1187 ἀπέδρα,
1189 1134 1474 1189 καταλειφθεὶς
1494 1130 1572 1174 ὑπὸ
1595 1130 1777 1174 πάντων·

331 1195 376 1238 ὃν
401 1195 543 1237 αὐτίκα
568 1197 807 1246 Φιλιππικὸς
822 1196 1117 1253 χειρωσάμενος
1138 1199 1289 1241 ἀνεῖλεν
1307 1202 1500 1256 αἰσχρῶς,
1532 1202 1598 1241 καὶ
1617 1199 1689 1254 τὴν
1711 1217 1776 1242 κε-

332 1263 467 1320 φαλὴν
497 1263 622 1304 αὐτοῦ
649 1270 733 1312 τοῖς
758 1262 942 1313 Σκύθαις
967 1265 1206 1319 ἓξὲπεμψεν.“
1265 1266 1424 1323 ἀναιρεῖ
1439 1268 1566 1309 δὲκαὶ
1592 1267 1778 1324 Τιβέριον
1789 1273 1831 1310 15

328 1330 398 1372 τὸν
417 1330 505 1371 υἱὸν
525 1330 661 1371 αὐτοῦ.

463 1396 588 1440 Μετὰ
609 1396 953 1439 ὃὲἸουστινιανὸν
980 1398 1210 1452 ἐβασίλευσε
1245 1401 1484 1452 Φιλιππικὸς
1512 1400 1534 1443 ὃ
1563 1404 1629 1444 καὶ
1661 1404 1775 1459 Βαρ-

331 1463 455 1520 δάνης
476 1465 541 1518 ἔτη
562 1463 602 1517 β’
614 1478 626 1488 ·
671 1463 716 1506 ὒν
737 1467 766 1506 Ι
767 1464 937 1521 ἐιόργιος
955 1468 1181 1523 πατρίκιος,
1218 1462 1252 1525 ᾧ
1272 1469 1432 1524 ἐπίκλην
1454 1468 1673 1527 Βόραφος,
1708 1472 1774 1512 καὶ

333 1532 545 1590 Θεόδωρος
562 1534 768 1590 πατρίκιος
787 1531 807 1574 ὃ
830 1531 981 1588 Μύξης
994 1535 1095 1587 μετὰ
1112 1538 1318 1585 ταξεωτιῦν
1339 1537 1486 1593 αἴφνης
1504 1539 1546 1579 ἐκ
1564 1542 1635 1592 τῆς
1659 1536 1774 1597 Θρᾴ-

273 1607 305 1640 D
331 1619 402 1655 κης
429 1599 616 1659 ἐλθόντες
647 1603 712 1642 καὶ
737 1599 1045 1655 εἶσπηδήσαντες
1076 1600 1296 1659 ἁρπάζουσι
1318 1607 1385 1646 καὶ
1413 1605 1538 1655 εὐθὺς
1561 1609 1829 1662 τυφλοῦσι,20

272 1710 275 1715 ,
329 1671 395 1710 καὶ
424 1673 474 1724 τῇ
500 1666 689 1723 ἐπαύριον
716 1669 986 1721 συναχθέντος
1016 1674 1089 1710 τοῦ
1118 1674 1221 1712 λαοῦ
1248 1672 1289 1713 ἓν
1318 1676 1369 1729 τῇ
1397 1671 1552 1730 μεγάλῃ
1586 1668 1774 1733 ἓκκλησίᾳ

327 1735 502 1791 ἕστεψαν
514 1736 718 1791 Ἀρτέμιον
741 1734 1094 1792 πρωτασηκρήτην.

462 1803 586 1846 Met&
609 1804 653 1844 δὲ
677 1803 915 1845 Φιλιππικὸν
937 1805 1188 1857 ἐβασίλευσεν
1211 1804 1416 1862 Ἀρτέμιος
1442 1804 1463 1847 ὃ
1489 1807 1554 1848 καὶ
1577 1805 1772 1850 Ἀναστά-

325 1931 427 1976 gione
442 1941 539 1975 quam
554 1942 640 1965 nunc
656 1931 834 1976 Zagoriam
848 1936 973 1967 vocant
990 1932 1140 1968 donavit.
1171 1933 1365 1969 Heraclium
1381 1935 1543 1980 Apsimari
1561 1936 1709 1980 fratrem,
1737 1940 1773 1972 et

328 1987 442 2010 omnes
458 1977 515 2021 qui
530 1987 603 2010 cum
619 1989 659 2010 eo
677 1983 934 2020 consenserant,
969 1979 1147 2024 suspendio
1163 1979 1290 2014 affecit.
1338 1980 1534 2014 Callinicum
1548 1982 1771 2026 patriarcham

327 2022 433 2055 oculis
461 2022 626 2066 privatum
650 2023 789 2057 Romam
813 2023 846 2056 in
870 2024 1002 2057 exilium
1026 2025 1115 2068 egit,
1146 2028 1182 2058 ct
1203 2025 1277 2059 loco
1301 2025 1388 2060 illius
1405 2025 1585 2069 cyriacum
1604 2027 1638 2060 in
1661 2027 1770 2060 insula

325 2067 471 2101 Amastri
485 2067 660 2111 degentem
672 2093 683 2109 ‚
715 2068 806 2112 quod
821 2068 951 2114 imperii
966 2070 1256 2114 recuperationem
1271 2070 1513 2116 praedixisset,
1547 2071 1769 2124 patriarcham

326 2112 540 2157 Cpolitanum
556 2113 695 2147 creavit.
743 2113 905 2148 adversus
922 2115 1159 2158 Chersonitas,
1191 2126 1302 2149 eorum
1326 2116 1362 2149 in
1385 2127 1422 2149 se
1438 2116 1581 2150 dicteria
1596 2127 1636 2150 ac
1651 2122 1769 2151 contu-

324 2156 455 2198 melias,
479 2168 551 2191 cum
568 2158 707 2203 imperio
724 2158 875 2193 deiectus
891 2159 977 2205 apud
992 2160 1066 2194 illas
1081 2161 1222 2202 viveret,
1238 2161 1348 2194 animo
1363 2160 1514 2203 volvens,
1538 2161 1689 2204 classem,
1713 2162 1769 2196 cui

325 2201 503 2249 patricium
519 2203 673 2236 Maurum
689 2204 868 2247 praefecit,
891 2205 1012 2238 instrui
1027 2207 1205 2250 pararique
1220 2205 1328 2240 iussit.
1361 2203 1583 2240 chersonitae*
1594 2207 1768 2241 Iustiniani

324 2248 422 2280 freno
447 2258 587 2281 excusso
603 2248 823 2293 philippicum
846 2250 891 2283 ibi
907 2250 1071 2295 Apsimari
1094 2251 1186 2285 iussu
1208 2251 1418 2292 exulantem,
1448 2251 1635 2296 Nicephori
1650 2253 1766 2296 filium,

323 2291 391 2325 cito
416 2295 451 2325 et
474 2293 593 2325 cursim
616 2293 849 2337 imperatorem
872 2296 1096 2339 pronuntiant.
1141 2296 1184 2330 de
1205 2308 1245 2330 eo
1260 2296 1458 2330 lastinianus
1477 2297 1603 2331 certior
1616 2298 1767 2333 redditus

323 2335 431 2380 magis
446 2347 487 2369 ac
501 2337 605 2380 magis
620 2339 734 2371 furore
751 2340 944 2381 excanduit,
977 2346 1135 2386 metuque
1151 2341 1329 2375 exterritus
1345 2341 1502 2387 Sinopem
1518 2353 1622 2387 usque
1641 2355 1767 2389 proco-

323 2382 391 2425 dit,
418 2387 458 2414 ut
477 2392 533 2414 res
549 2393 662 2416 omnes
678 2383 864 2416 accuratius
879 2385 1089 2419 rescisceret.
1135 2398 1248 2420 verum
1274 2386 1384 2432 Philip
1409 2387 1460 2420 ico
1488 2398 1562 2421 cum
1587 2388 1766 2423 classiariis

323 2426 483 2460 militibus
499 2426 540 2459 ad
555 2426 670 2460 urbem
688 2427 785 2461 citius
800 2428 911 2461 delato
922 2455 931 2471 ,
968 2431 1167 2464 Iustinianus
1183 2442 1202 2464 a
1217 2431 1286 2464 suis
1302 2432 1387 2465 omni
1413 2443 1451 2466 us
1465 2432 1621 2468 desertus
1636 2434 1679 2467 ad
1696 2434 1765 2468 De-

323 2471 538 2505 metriumfse
564 2472 713 2507 contulit.
774 2472 864 2506 illum
897 2478 1029 2517 captum
1057 2476 1142 2509 Phili
1169 2476 1262 2519 picus
1283 2477 1458 2510 confestim
1482 2477 1764 2524 ignominioseque

324 2516 400 2550 neci
414 2516 537 2559 tradit,
570 2521 608 2552 et
627 2520 730 2563 caput
755 2517 825 2551 eius
840 2518 978 2563 Scythis
994 2520 1094 2556 misit.
1175 2521 1314 2555 iberiam
1331 2533 1464 2568 quoque
1478 2523 1566 2558 illius
1580 2524 1684 2558 filium
1700 2525 1763 2558 ob-

320 2564 464 2595 truncat.
607 2590 614 2598 .

410 2607 498 2640 Post
514 2606 726 2641 lastinianum
742 2608 946 2654 Philippicus
957 2634 967 2651 ‚
991 2609 1049 2654 qui
1064 2609 1235 2645 Bardanes
1251 2612 1350 2646 etiam
1363 2613 1538 2648 dicebatur
1548 2639 1559 2655 ‚
1581 2614 1760 2659 imperarit

322 2662 427 2686 annos
442 2652 537 2687 duos.
554 2655 556 2657 ’
582 2652 673 2686 illum
687 2654 857 2698 Georgius
870 2654 1040 2699 patricius,
1063 2661 1280 2698 cognomento
1297 2658 1485 2703 Boraphus,
1509 2662 1545 2693 et
1560 2659 1760 2693 Theodorus

321 2696 484 2742 patricius
500 2697 605 2740 Myxa
633 2709 706 2732 cum
731 2703 931 2733 armatorum
953 2700 1091 2734 militum
1105 2711 1202 2734 manu
1216 2707 1355 2747 repente
1370 2715 1414 2737 ex
1433 2704 1581 2738 Thracia
1595 2704 1759 2738 irruentes

321 2746 489 2787 arreptum
504 2742 616 2776 statim
632 2748 833 2787 excaecant,
867 2749 903 2778 et
922 2744 976 2779 die
997 2745 1149 2791 sequenti
1168 2753 1353 2783 convocata
1369 2749 1576 2784 multitudine
1590 2749 1624 2784 in
1638 2760 1758 2794 magna

320 2787 464 2822 ecclesia
478 2787 659 2822 Artemium
674 2794 931 2834 protasecretem
947 2790 1180 2835 imperatorem
1194 2793 1401 2830 denuntiant.

405 2833 491 2868 Post
510 2833 728 2879 Philippicum
753 2835 927 2882 imperium
954 2835 1061 2870 tenuit
1082 2837 1272 2885 Artemius,
1303 2840 1499 2876 Anastasius
1522 2840 1620 2876 etiam
1636 2839 1755 2883 dictus,
