1872 3236
267 198 365 244 236
646 196 1022 243 coNsrANm‘
1044 163 1310 243 missus
1350 195 1352 197 ·

266 308 377 355 5535
400 309 468 353 τὸν
480 308 686 364 Ῥωμανὸν
704 309 954 367 κατάρχοντα
970 311 1120 366 μαθὼν
1137 316 1211 355 τοῦ·
1225 311 1422 366 βασιλέως

401 379 469 420 καὶ
488 378 660 434 φέροντα
679 380 744 421 καὶ
761 380 983 436 στρέφοντα
1001 380 1102 437 πρὸς
1119 380 1165 422 τό
1186 383 1330 422 δοκοῦν
1351 378 1406 430 ὥς
1425 381 1567 423 δοῦλον

399 445 471 488 τὸν
491 445 643 488 ἄνακτα
658 446 727 489 τὸν
748 445 901 489 ἁπαλὸν
918 446 1074 504 ὅρπηκα
1090 452 1161 503 τῆς
1177 446 1409 505 πορφύρας,

399 511 612 567 ἐσκήπτετο
631 516 905 558 παθαίνεσθαι
927 518 1053 571 δῆθεν
1069 514 1170 572 ὑπὲρ
1194 516 1340 558 ἐκείνου

396 582 463 623 καὶ
482 581 552 624 τὸν
574 583 745 639 στρατὸν
762 586 818 633 εἰς
836 582 992 638 ἄμυναν
1013 583 1121 639 ἄγειν
1141 583 1294 633 εὐνοίας
1317 580 1441 641 νόμῳ,

263 644 375 693 5540
397 648 444 693 τὸ
467 650 510 691 δ’
533 649 685 706 ἀληθὲς
708 653 764 701 εἰς
783 649 925 694 ἑαυτὸν
946 653 1143 708 ἐφείλκετο
1161 650 1208 694 τὸ
1229 648 1387 707 κράτος.

397 716 448 759 ἀλ
478 717 491 733 '
516 716 537 759 ὁ
562 717 833 776 δρασσόμενος
853 719 1006 777 σοφοὺς
1027 720 1089 761 ἐπὶ
1108 725 1197 769 ταῖς
1217 718 1475 775 πανουργίαις

396 787 463 827 καὶ
486 787 668 844 στρέφων
689 786 902 841 ὁιαβοόλια
922 789 988 830 καὶ
1006 788 1058 830 τὰ
1076 786 1231 845 κρυπτὰ
1252 785 1456 843 γινώσκων

396 852 470 903 τὰς
486 855 670 908 μηχανὰς
685 860 756 897 τοῦ
771 856 954 906 Λέοντος
971 857 1026 906 εἱς
1041 855 1268 898 τούναντίον
1287 854 1432 911 τρέπει,

395 922 463 962 καὶ
486 921 606 972 λύκος
628 921 762 978 μάτην
783 923 958 979 ἐγχανών
980 921 1001 965 ὃ
1020 923 1144 965 Λέων
1166 916 1402 979 ἐγνωρίσθη.

132 994 161 1027 Ρ
182 998 246 1032 113
269 985 378 1028 5545
402 996 490 1039 ταῖς
508 990 586 1046 γὰρ
606 995 774 1044 βουλαῖς
792 997 864 1033 τοῦ
879 989 1086 1046 Ῥωμανοῦ
1102 989 1338 1045 πειθόμενος
1356 988 1377 1031 ὅ
1398 987 1558 1047 κράτωρ

210 1748 239 1783 B

395 1057 557 1115 γραφὴν
576 1057 931 1115 ἓρυθροσήμαντον
947 1059 1048 1116 πρὸς
1064 1059 1132 1102 τὸν
1152 1058 1324 1116 στρατὸν
1341 1058 1538 1113 ἐκπέμπει,

398 1131 700 1182 κατηγοροῦσαν
720 1131 778 1184 τῷ
797 1130 924 1186 Φωκᾷ
941 1125 1141 1184 πρόδηλον
1160 1127 1396 1183 τυραννίδα,

398 1198 455 1250 τῷ
467 1191 657 1252 Ῥωμανῷ
677 1195 721 1237 δὲ
741 1195 904 1250 τάγαθὰ
921 1185 1386 1252 προσεπιμαρτυροῧσαν.

401 1261 581 1304 ἐντεῦθεν
599 1260 746 1318 φόρσις
761 1266 820 1319 τῷ
837 1267 998 1319 στρατῷ
1017 1260 1266 1318 κακόχαρτος
1286 1263 1352 1303 καὶ
1374 1259 1486 1316 ζάλη,

262 1324 373 1369 5550
395 1330 461 1369 καὶ
481 1329 637 1379 κολοιὸς
655 1328 884 1386 ξενόπτερος
898 1324 947 1384 ἦν
967 1328 988 1371 ὃ
1015 1332 1163 1379 Φωκιῖς
1182 1327 1204 1370 ὖ
1221 1329 1366 1371 Λέων·

396 1396 470 1450 τὴν
490 1396 567 1453 γὰρ
585 1397 745 1453 γραφὴν
764 1401 837 1438 τοῦ
859 1396 1076 1454 κράτορος,
1111 1395 1221 1451 οἶμαι
1233 1429 1246 1448 ,
1279 1394 1580 1451 δυσωπηθέντες

395 1462 542 1520 ἔφυγον
563 1462 729 1515 πάντες,
764 1463 911 1521 ἔρημον
930 1464 999 1507 τὸν
1019 1463 1165 1506 ἄθλιον
1185 1462 1377 1514 λιπόντες.

397 1533 600 1588 ζωγρεῖται
622 1534 754 1575 τοίνυν
774 1530 795 1574 ὅ
821 1535 970 1582 Φωκᾶς
989 1533 1055 1574 καὶ
1075 1531 1283 1586 σβέννυται
1304 1531 1378 1580 τὰς
1395 1528 1519 1586 κόρας

394 1602 461 1640 καὶ
481 1598 649 1653 λύχνους
667 1600 762 1650 τοὺς
776 1604 856 1643 τῶν
875 1600 1105 1657 ὀφθαλμῶν
1123 1598 1340 1657 τυφλότητι
1365 1600 1570 1655 ζοφοῧται,

260 1662 368 1706 5555
395 1669 460 1709 καὶ
483 1667 602 1709 πάλιν
623 1663 674 1722 ἦν
693 1666 714 1709 ὃ
728 1666 933 1722 Ῥωμανὸς
954 1667 1061 1723 ἄγων
1078 1669 1145 1710 καὶ
1167 1668 1300 1725 φέρων
1319 1664 1463 1708 πάντα.

460 1735 580 1789 Πλὴν
602 1735 696 1776 ἀλλ’
717 1733 772 1785 ὡς
791 1734 923 1791 μήτηρ
943 1737 1169 1785 πιστευθεὶς
1186 1735 1258 1789 τὴν
1277 1732 1460 1792 φυλακὴν
1479 1736 1552 1776 τοῦ
1567 1732 1657 1775 νέου

395 1802 541 1859 αἴφνης
561 1802 688 1860 ἐφάνη
707 1803 884 1860 μητρυιὰ
902 1802 1072 1853 δύσνους
1094 1803 1184 1846 ἄντ’
1209 1800 1434 1856 εὖνοοῦσης,

397 1875 463 1912 καὶ
481 1875 597 1915 τοῦτο
618 1870 663 1913 τὸ
685 1869 906 1927 λεγόμενον,
941 1871 1154 1925 ἀποσοβῶν
1172 1870 1266 1921 τοὺς
1281 1869 1440 1921 λύκους,

393 1940 462 1981 ἵνα
483 1939 528 1982 τὸ
547 1937 751 1995 πρόβατον
770 1939 890 1989 αὐτὸς
908 1938 1128 1996 σπαράττοι
1149 1940 1215 1981 καὶ
1234 1942 1422 1997 θοινῷτο.

353 2033 443 2069 5535
463 2032 609 2079 βλέπων
629 2034 669 2069 Μ
793 2033 884 2069 5540
905 2031 971 2078 ἐφ’
994 2033 1034 2069 Μ

265 2111 362 2145 euius
390 2113 595 2147 mentionem
622 2114 723 2147 modo
756 2113 985 2157 faciebamus,
1016 2112 1192 2148 intellecto
1225 2111 1467 2156 imperatorem
1497 2120 1518 2144 a
1549 2109 1703 2143 Romano

266 2156 343 2200 regi
369 2169 433 2191 ceu
453 2158 658 2203 mancipium
681 2159 872 2204 quoddam,
906 2170 992 2204 prae
1021 2170 1060 2192 se
1088 2159 1226 2192 ferebat
1248 2155 1347 2202 quasi
1368 2167 1442 2190 eam
1465 2165 1537 2188 rem
1562 2153 1705 2188 moleste

266 2204 377 2237 ferret
398 2203 579 2248 animoque
596 2205 765 2238 benevolo
783 2204 901 2249 copias
923 2204 996 2238 eius
1018 2203 1228 2239 defendendi
1247 2213 1350 2236 causa
1372 2212 1487 2234 secum
1505 2200 1706 2245 adnumeret,

267 2259 342 2281 cum
360 2258 484 2292 reapse
504 2249 684 2293 imperium
705 2249 774 2283 sibi
793 2251 990 2295 quaereret.
1036 2251 1099 2284 sed
1119 2248 1208 2283 enim
1226 2247 1257 2281 is
1279 2246 1339 2300 qui
1362 2245 1502 2280 callidos
1524 2245 1561 2278 in
1581 2255 1703 2278 versu-

266 2295 316 2327 tia
339 2304 402 2327 sua
423 2294 516 2337 capit
534 2300 570 2328 et
588 2294 730 2328 consilia
751 2295 896 2329 invertit
918 2299 1121 2339 secretaque
1144 2298 1333 2338 cognoscit,
1361 2290 1556 2325 molitiones
1575 2289 1706 2325 Leonis

265 2339 303 2372 in
326 2339 499 2372 contraria
517 2339 636 2381 vertit,
660 2339 808 2383 ideoque
830 2341 903 2374 Leo
927 2341 1057 2374 frustra
1078 2351 1150 2373 rem
1169 2345 1353 2384 aggressus
1375 2336 1485 2370 hianti
1505 2335 1586 2381 lupo
1608 2334 1705 2369 simi-

265 2383 307 2417 lis
329 2385 441 2418 factus
460 2389 526 2418 est.
575 2395 652 2418 nam
674 2385 820 2419 Romani
851 2385 1002 2419 consiliis
1032 2387 1271 2429 obtemperans
1297 2382 1485 2426 imperator
1503 2380 1624 2415 literas
1643 2391 1704 2414 ru—

264 2429 363 2463 brica
384 2429 597 2474 subscriptas
621 2430 664 2464 ad
688 2429 875 2464 exercitum
899 2429 1025 2473 mittit,
1057 2429 1181 2475 quibus
1205 2433 1358 2473 apertam
1380 2428 1518 2461 Phocae
1544 2425 1702 2470 tyranni—

265 2476 343 2508 dcm
366 2477 550 2509 accusabat
575 2480 611 2508 et
637 2475 812 2519 egregium
832 2475 987 2509 Romano
1004 2474 1235 2509 testimonium
1258 2472 1477 2517 perhibebat.
1522 2476 1595 2506 tum
1619 2482 1705 2506 vero

262 2532 384 2564 magna
405 2521 497 2554 inter
519 2520 643 2554 milites
666 2520 750 2553 oriri
781 2521 1015 2564 perturbatio,
1051 2526 1088 2554 et
1113 2521 1187 2554 Leo
1207 2518 1343 2552 Phocas
1366 2530 1445 2551 mox
1467 2517 1625 2561 graculus
1646 2516 1705 2551 ille

262 2565 384 2611 plumis
410 2565 530 2600 alienis
549 2571 689 2600 ornatus
707 2565 797 2599 fieri.
822 2565 951 2610 quippe
967 2565 1121 2599 universi
1139 2565 1257 2599 literas
1274 2562 1526 2608 imperatorias,
1553 2567 1592 2596 ut
1609 2561 1704 2597 arbi—

262 2617 360 2654 tror,
391 2611 537 2645 reveriti
560 2611 686 2645 misero
706 2611 825 2645 Phoca
851 2611 989 2645 deserto
1016 2610 1255 2655 aufugiebant.
1301 2609 1400 2644 venit
1425 2619 1509 2653 ergo
1534 2609 1638 2643 vivus
1667 2607 1703 2642 in

263 2656 412 2691 hostium
433 2662 652 2701 potestatem,
674 2661 711 2691 et
731 2656 838 2691 oculis
854 2655 1035 2701 spoliatur.

353 2703 410 2736 Ex
436 2714 478 2735 eo
502 2708 658 2747 tempore
679 2707 802 2736 cuncta
824 2713 887 2746 per
909 2702 1097 2735 Romanum
1121 2699 1372 2743 administrari,
1406 2698 1467 2745 qui
1495 2701 1638 2742 recepta
1666 2696 1703 2731 in

264 2761 303 2782 se
327 2747 462 2782 iuvenis
485 2748 662 2791 custodia,
692 2753 855 2792 tanquam
883 2745 916 2781 si
943 2751 1052 2781 mater
1073 2745 1147 2779 eius
1177 2750 1290 2788 esset,
1321 2743 1437 2778 subito
1459 2755 1497 2778 se
1520 2753 1703 2782 novercam

264 2793 423 2828 hostilem
443 2793 633 2838 probabat3
665 2798 701 2826 et
719 2793 810 2837 quod
831 2791 1018 2837 proverbio
1041 2791 1111 2825 dici
1133 2790 1335 2833 consuevit,
1365 2790 1466 2835 lupos
1488 2790 1644 2823 terrebat
1667 2792 1704 2821 et

263 2839 449 2884 abigebat,
482 2843 521 2873 ut
550 2850 649 2874 ovem
671 2838 748 2885 ipse
770 2837 955 2874 dilaniaret
975 2848 1016 2872 ac
1038 2838 1236 2873 devoraret.
1281 2836 1470 2882 imperator
1493 2833 1582 2871 euim
1607 2838 1703 2868 ratus
