1872 3236
313 205 408 250 130
695 203 1071 249 CONSTANTINI
1103 203 1369 249 MANASSIS

444 315 587 372 Ζήνων
607 317 680 370 μέν
699 316 776 372 γὰρ
803 317 844 358 ἓν
865 314 967 359 ξ’τεσι
984 316 1079 360 δέκα
1097 321 1169 373 τῆς
1196 315 1403 372 βασιλείας

445 385 546 441 πρὸς
565 383 701 434 ἄλλοις
720 383 764 435 ’ἐξ
785 382 998 440 ἐκράτησεν
1009 417 1021 436 ,
1056 383 1143 427 εἶθ’
1161 382 1321 441 ἡρπάγη
1344 379 1527 444 θανάτῳ.

443 451 498 502 ὡς
515 452 592 509 γὰρ
616 451 637 494 ὃ
662 451 805 507 Ζήνων
823 451 929 496 ἔλιπε
952 453 1020 496 τὸν
1041 454 1131 506 βιόν
1148 454 1214 495 καὶ
1236 452 1281 494 τὸ
1308 453 1468 508 στέφος,

394 556 401 575 ‚
446 522 501 570 εἷς
513 519 773 563 Ἀναστάσιον
795 525 917 580 φοιτᾷ
935 521 980 563 τὸ
1003 525 1082 563 τῶν
1099 519 1308 574 Ῥωμαίων
1327 518 1488 577 κράτος,

310 589 421 629 3010
442 588 486 637 ὃς
506 590 664 644 δι’κορος
687 589 858 644 ἐλέγετο·
893 589 965 643 τὴν
986 589 1063 646 γὰρ
1082 587 1220 645 ἑτέραν
1242 586 1365 644 κόρην

446 655 580 710 ἔτυχεν
597 656 698 711 ἔχων
721 657 933 711 μέλαιναν,
966 654 1241 713 γλαυκόχρουν
1265 656 1309 698 δὲ
1330 655 1402 710 τὴν
1425 654 1562 710 ἄλλην.

191 721 219 754 Ρ
239 722 283 757 62
443 723 488 774 ὃς
507 724 694 782 Ἀριάδνῃ
713 726 889 781 συζυγεὶς
909 729 958 781 τῇ
978 723 1116 780 πρώην
1133 726 1328 777 βασιλίδι,

445 794 511 834 καὶ
539 791 658 843 δόξας
679 791 950 847 ἕννομώτατος
969 791 1066 834 εἶναι
1085 794 1173 849 περὶ
1190 792 1235 834 τὸ
1255 793 1392 846 σέβας,

441 860 543 914 μετὰ
559 860 702 917 μικρὸν
726 861 912 918 ἀνέρρηξε
933 861 1002 902 τὸν
1022 864 1093 915 τῆς
1111 862 1254 910 κακίας
1273 860 1390 902 τόκον

307 927 417 971 3015
440 930 506 970 καὶ
529 933 662 970 πᾶσαν
681 927 924 983 κακοήθειαν
943 927 1144 984 ἐξήνεγκεν
1162 930 1216 979 εἷς
1233 930 1377 982 μέσον·

438 991 486 1051 ἦν
510 996 587 1053 γὰρ
611 996 790 1054 ἀρχῆθεν
808 998 1017 1052 σπέρματα
1041 997 1145 1039 κατὰ
1163 998 1333 1054 καρδίας
1354 995 1454 1050 ἔχων

438 1068 509 1119 τῆς
526 1063 732 1118 Εὐτύχους
751 1065 938 1121 αἲρέσεως
957 1069 1030 1107 τοῦ
1052 1066 1377 1125 τρισαλιτηριόυ.ι

441 1133 624 1174 ἐντεῦθεν
652 1136 809 1187 λαιλαψ
832 1133 981 1190 ζοφερὰ
1002 1135 1067 1175 καὶ
1085 1135 1264 1189 καταιγὶς
1282 1133 1402 1189 ἀγρία

441 1202 507 1242 καὶ
526 1199 722 1250 κλύδωνες
738 1199 970 1257 βαρύθροοι
987 1203 1053 1244 καὶ
1078 1200 1192 1253 ζάλαι
1212 1202 1278 1242 καὶ
1298 1203 1490 1254 χειμῶνες

306 1271 418 1312 3020
439 1268 484 1311 τὸ
503 1266 660 1325 σκάφος
681 1267 947 1323 συνεδόνησαν
959 1265 1008 1310 *cd
1030 1273 1102 1323 τῆς
1120 1269 1378 1325 ὄρθοδοξιάς.

439 1338 623 1378 ἐντεῦθεν
643 1353 679 1378 οι
704 1335 991 1392 φιλευσεβεΐς’
968 1343 1163 1392 αρχιερεῖς
1182 1337 1225 1377 ἐκ
1246 1334 1411 1418 θρόνων

439 1405 551 1445 ἰδίων
570 1402 846 1486 ἀπηλαύνοντο
865 1405 977 1458 δίκην
997 1408 1154 1460 λῃστῶν
1172 1419 1419 1460 κακουργων.

438 1472 622 1514 εντεῦθεν
644 1466 748 1525 ἦσαν
769 1461 944 1526 συνεχεῖς
960 1472 1174 1527 ὀλολυγμοὶ
1196 1473 1263 1514 καὶ
1280 1476 1442 1529 θρῆνοι,

439 1538 567 1596 πάντῃ
582 1542 679 1594 βοαὶ
698 1542 763 1582 καὶ
785 1542 1001 1595 oteramo!
1009 1572 1021 1591 ,
1054 1538 1184 1597 πάντῃ
1206 1539 1520 1595 στερνοκτυπιάι.

249 1609 278 1643 Β
302 1607 411 1651 3025
435 1609 479 1650 τὸ
503 1612 661 1662 πλῆθος
680 1609 723 1650 δὲ
741 1612 821 1650 τῶν
842 1608 1015 1661 εὐσεβῶν
1034 1607 1157 1663 τόσην
1175 1609 1316 1650 κακιάν
1331 1607 1478 1660 βλέπον

439 1674 641 1732 ἐνύβριζον
663 1680 720 1733 τῷ
740 1674 907 1732 κράτορι
928 1678 994 1717 καὶ
1013 1677 1343 1732 διελοιδοροῦντο.

438 1743 565 1793 οὕτως
588 1745 660 1784 οὐκ
681 1742 784 1786 οἷ’δεν
802 1743 968 1798 εὐσεβὴς
987 1746 1189 1786 αι’δεΐσθαι
1209 1743 1416 1797 βασιλέας,

437 1810 500 1853 ὅτε
519 1812 619 1866 πρὸς
640 1812 712 1865 τὴν
737 1812 939 1864 εὐσέβειαν
961 1814 1142 1861 κίνδυνος
1165 1812 1385 1868 ἀνατρέχει,

437 1879 529 1920 οὐδὲ
548 1878 743 1932 λαμβάνει
768 1877 1005 1935 πρόσωπον,
1040 1880 1133 1922 οὐδὲ
1149 1878 1349 1928 δυνάστας
1367 1877 1515 1934 τρέμει.
1532 1895 1534 1897 ’

301 1950 413 1990 3030
437 1945 457 1989 ὁ
485 1949 615 1989 τοίνυν
625 1946 883 1997 Ἀναστάσιος
908 1950 1194 2005 προθυμηθεὶς
1214 1951 1453 2006 προσθεῖναι

390 2064 481 2100 3008
506 2064 625 2109 γοῦνί)
761 2067 853 2102 3015
885 2063 1058 2112 ἐξήγαγεν
1080 2066 1114 2102 R
1250 2066 1342 2102 3026
1362 2065 1524 2110 Καίσαρι
1555 2064 1590 2100 R

299 2177 408 2210 guere
426 2179 490 2200 ceu
510 2178 633 2201 vanam
660 2172 697 2202 et
716 2168 931 2203 inefficacem
964 2168 1106 2223 poterit:
1153 2168 1284 2214 quippe
1305 2179 1381 2202 cum
1399 2168 1496 2202 Zeno
1514 2166 1665 2202 sedecim
1688 2178 1750 2200 an-

301 2223 363 2246 nos
384 2219 588 2256 regnasset,
619 2214 776 2248 moritur.
824 2226 900 2248 cum
925 2220 1039 2248 autem
1067 2214 1174 2248 vitam
1201 2226 1275 2250 cum
1297 2225 1425 2247 corona
1442 2213 1662 2258 reliquisset,
1686 2212 1751 2247 im-

300 2257 431 2302 perium
453 2259 643 2292 Romanum
662 2260 706 2293 ad
733 2260 951 2294 Anastasium
979 2260 1158 2305 pervenit,
1188 2264 1413 2303 cognomento
1437 2259 1609 2293 dicorum·
1629 2269 1706 2292 nam
1730 2271 1752 2292 e

300 2302 438 2381 {upmis
472 2303 645 2337 oculorum
677 2316 777 2338 unam
801 2305 939 2349 quidem
971 2306 1127 2349 nigram,
1164 2305 1306 2338 alteram
1333 2316 1418 2338 vero
1443 2304 1554 2338 albam
1586 2304 1750 2338 habebat.

325 2359 358 2381 1c
387 2359 462 2381 cum
493 2348 646 2382 Ariadna
684 2361 795 2402 nuper
828 2350 1048 2395 imperatrice
1084 2350 1333 2384 matrimonium
1365 2350 1557 2392 contraxit,
1588 2355 1626 2383 et
1653 2345 1751 2382 visus

299 2393 400 2427 initio
419 2399 547 2427 rectam
565 2395 608 2427 de
630 2394 780 2429 veritate
801 2395 980 2439 religionis
999 2396 1205 2430 sententiam
1222 2397 1357 2437 fovere,
1375 2407 1442 2429 non
1463 2395 1567 2429 multo
1584 2400 1664 2440 post
1683 2395 1748 2428 im—

300 2439 486 2484 probitatis
510 2440 616 2473 fetum
639 2439 677 2473 in
698 2440 808 2474 lucem
833 2441 965 2484 edidit,
999 2452 1200 2495 omnemque
1221 2440 1408 2494 nequitiam
1430 2452 1524 2474 suam
1546 2439 1582 2473 in
1601 2440 1749 2475 medium

299 2483 457 2538 protulit.
504 2485 634 2538 quippe
661 2484 848 2519 latebant‘
839 2498 875 2519 1n
901 2486 975 2520 eius
1009 2487 1122 2520 animo
1153 2486 1285 2520 semina
1309 2492 1426 2520 sectae
1456 2486 1628 2530 Eutychis
1656 2485 1748 2520 iuius

298 2529 596 2584 perniciosissimi.
632 2530 712 2564 hinc
729 2542 812 2575 ergo
832 2531 1021 2576 caliginosa
1036 2537 1224 2576 tempestas
1241 2538 1276 2565 et
1290 2531 1444 2565 immanis
1464 2531 1614 2576 procella
1629 2537 1748 2565 rectae

300 2575 479 2610 doctrinae
499 2576 613 2610 navim
635 2576 822 2617 succussit,
845 2577 924 2610 hinc
944 2577 995 2622 pii
1011 2578 1194 2631 pontifices
1219 2577 1291 2611 suis
1317 2589 1361 2610 ex
1384 2577 1518 2611 thronis
1540 2577 1652 2611 instar
1673 2587 1742 2611 ma

298 2620 476 2655 leficorum
498 2621 668 2656 latronum
699 2621 979 2666 expellebantur3
1014 2622 1094 2657 hinc
1119 2622 1230 2656 secuti
1257 2621 1403 2656 ululatus
1435 2628 1472 2656 et
1491 2622 1675 2656 continuae
1695 2622 1745 2656 la-

298 2667 548 2702 mentationes:
567 2667 694 2711 ubique
713 2667 954 2711 quiritationes
968 2694 978 2711 ,
1001 2668 1169 2711 gemitus,
1189 2667 1359 2712 planctus.
1406 2668 1540 2713 piorum
1557 2679 1643 2702 vero
1663 2680 1745 2702 coe-

297 2718 354 2747 tus
376 2724 451 2746 cum
470 2718 599 2747 tantam
619 2713 874 2758 improbitatem
891 2719 1065 2757 cerneret,
1090 2713 1331 2758 imperatorem
1353 2713 1569 2748 contumeliis
1585 2714 1746 2748 affectum

298 2759 546 2793 insectabatur.
594 2759 715 2803 nequit
735 2758 823 2793 enim
852 2759 908 2793 vir
931 2759 1009 2803 pius
1034 2759 1277 2804 imperatorem
1293 2759 1471 2803 revereri,
1494 2770 1569 2794 cum
1591 2759 1669 2804 ipsa
1685 2770 1743 2792 re·

298 2804 437 2848 [igionis
455 2804 566 2849 pietas
585 2804 621 2838 in
646 2804 831 2839 discrimen
849 2804 1046 2839 adducitur:
1068 2816 1236 2850 personas
1259 2817 1328 2838 non
1347 2804 1513 2850 respicit,
1537 2816 1602 2839 nec
1618 2809 1743 2849 poten-

296 2850 347 2887 tia
372 2850 537 2887 subnixos
566 2850 744 2888 formidat.
788 2850 897 2898 igitur
927 2851 1131 2889 Anastasius
1163 2861 1333 2888 venenum
1355 2850 1544 2899 impietatis
1567 2860 1744 2898 apponere
