1924 3242
746 195 1000 241 ANNALES.
1531 198 1593 243 35

155 304 348 364 πατηθῇ
369 306 414 350 δέ
433 304 456 351 ὅ
475 305 613 365 νεκρὸς
632 305 758 350 αὐτοῦ
777 307 819 350 ἓν
838 313 890 366 τῇ
908 314 982 352 τοῦ
995 307 1215 352 (Υακίνθου
1241 310 1368 367 μονῇ,
1402 306 1503 353 ἔνθα
1530 313 1597 353 καὶ

73 396 79 412 ¹
151 374 184 420 δ’
205 374 396 430 βασιλεὺς
417 374 591 428 Ἇλέξιος
619 376 818 419 τέθαπται
840 378 908 420 καὶ
928 376 955 434 ἦ
977 381 1138 432 βασιλὶς
1161 377 1280 422 ’Άννα
1310 377 1338 434 ἦ
1357 377 1500 422 τούτου
1523 377 1597 422 σῦ-

152 443 281 501 ζυγος.

293 510 370 558 19.
437 509 597 563 Καθὼς
613 515 709 569 γοῦν
730 509 915 572 εἶρῇκειν,
948 513 1050 566 μετὰ
1070 514 1143 567 τὴν
1162 514 1345 570 τελευτὴν
1365 514 1490 558 adzo&
1510 515 1595 558 ε’πι-
1620 520 1651 556 C

119 578 401 636 δλαμβάνεται
421 584 503 623 τῶν
519 578 751 635 Ῥωμαὶὶειῦν
771 579 982 638 σκήπτρων
1005 579 1190 636 Ἰωάννης
1218 581 1239 624 ὃ
1259 582 1423 633 Δούκας
1445 582 1465 625 ὃ
1491 601 1598 640 γαμ-

151 649 254 706 βρὸς
273 647 420 701 αῧτοῦ,
453 651 644 706 στεφθεὶς
673 648 784 706 παρὰ
813 653 887 692 τοῦ
913 647 1163 706 πατριάρχου
1195 650 1421 706 ΖΙἸανουήλ,
1457 651 1502 702 ὃς
1529 652 1598 695 τὸν

153 715 352 772 ΙΠάξιμον
388 717 601 768 διεδέξατο.
667 718 769 772 μετὰ
806 717 884 775 γὰρ
916 717 988 773 τὴν
1022 717 1205 772 τελευτὴν
1239 722 1314 760 τοῦ
1348 718 1597 777 πατριάρχου

152 786 329 842 Μιχαὴλ
350 783 595 840 ὃΕῖρηνικὸς
618 784 829 843 Θεόδωρος
848 789 908 844 τῷ
927 789 1203 843 πατριαρχικῷ
1226 786 1424 842 ἐνίδρυται
1446 787 1598 845 θρόνῳ,
1669 796 1673 801 ”

153 851 200 903 ὃς
225 855 292 896 καὶ
310 854 466 903 Κωπᾶς
494 852 572 895 ὕπὸ
601 858 681 896 τῶν
709 858 868 896 πολλῶν
896 854 1094 906 ἐκαλεῖτο,
1134 854 1235 908 μετὰ
1263 855 1306 896 δὲ
1334 855 1537 906 ἐνιαυτοὺς
1556 854 1601 906 (ἐξ

98 924 145 962 10
155 921 302 965 ἐκείνου
324 920 394 964 τὸν
411 922 501 975 βίον
524 920 787 972 ἀπολιπόντος
817 920 838 964 ὃ
858 922 1036 977 μοναχὸς
1056 921 1253 976 Μάξιμος
1283 925 1339 972 εἷς
1366 923 1436 965 τὸν
1455 941 1600 980 πατρι-

153 988 319 1046 αρχικόν
340 987 526 1045 ἀνάγεται
545 988 716 1047 θρόνον,
750 989 988 1047 θεραπεύων
1017 991 1090 1045 τὴν
1110 992 1412 1046 γυναικωνίτιδα
1434 993 1500 1033 καὶ
1521 990 1600 1034 ὑπὸ

150 1055 302 1113 ταύτης
317 1056 744 1114 ἅντιθεραπευόμενος·
767 1059 882 1102 οῦδὲν
898 1059 976 1116 γὰρ
998 1058 1096 1101 ἄλλο
1118 1053 1168 1114 ἦν
1190 1058 1236 1101 τὸ
1260 1061 1315 1109 εἷς
1330 1057 1479 1114 ταύτην
1500 1060 1600 1102 ἄνα-

151 1123 330 1181 βιβᾶσαν
352 1125 475 1168 αὗτὸν
493 1126 566 1181 τὴν
587 1125 801 1184 περιωπήν.
869 1126 1048 1181 ἐπιβιοὺς
1065 1128 1109 1169 δὲ
1125 1131 1256 1182 μῆνας
1272 1125 1317 1178 ἓξ
1335 1132 1509 1187 τελευτᾷ,
1534 1130 1602 1170 καὶ

153 1191 176 1236 ὅ
195 1194 402 1249 Μανουὴλ
424 1195 479 1244 εἷς
496 1194 565 1237 τὸν
586 1195 873 1253 πατριαρχικόν
896 1194 1082 1251 ἀνάγεται
1101 1194 1266 1253 θρόνον,
1289 1194 1525 1253 φιλόσοφος,
1550 1195 1605 1247 ὥς

100 1267 144 1304 1⁵
157 1259 295 1314 ἐδόκει,
330 1261 387 1304 ὢν
406 1264 473 1304 καὶ
489 1261 567 1304 ὕπὸ
588 1268 747 1305 πολλῶν
768 1262 1144 1318 κατονομαζόμενος.
1622 1278 1655 1314 1)

289 1330 370 1374 20.
431 1329 520 1371 ’Eut
552 1331 595 1372 δὲ
621 1331 674 1372 τὰ
696 1330 945 1388 Βουλγάρων
974 1333 1040 1373 καὶ
1067 1326 1230 1380 uzi-⁹195
1257 1328 1373 1386 λόγος
1394 1330 1604 1387 ἀναχωρεῖ.

154 1396 177 1441 ὃ
200 1402 360 1455 πρῶτος
380 1397 573 1451 βασιλεὺς
602 1402 683 1441 τῶν
701 1397 949 1456 Βουλγάρων
977 1398 1099 1441 Ἀσᾶν
1128 1397 1200 1440 δύο
1229 1397 1340 1452 ἴσχεν
1370 1397 1504 1450 υἱούς,
1538 1399 1607 1441 τὸν

149 1465 339 1522 Ἰωάννην
359 1467 426 1508 καὶ
449 1465 519 1508 τὸν
534 1466 809 1524 Ἀλέξανδρον.
875 1471 949 1509 τοῦ
968 1471 1064 1523 γοῦν
1082 1466 1287 1523 εῗρημένου
1303 1468 1460 1523 Βορίλα
1484 1471 1606 1521 βασι-

154 1537 276 1584 λικῶς
301 1538 382 1576 τῶν
402 1532 651 1591 Βουλγάρων
672 1533 966 1591 κατάρχοντος,
1018 1533 1038 1576 ὅ
1068 1538 1140 1577 τοῦ
1161 1534 1283 1577 Ἀσὰν
1309 1534 1397 1585 υἱὸς
1422 1533 1608 1590 Ἰωάννης

97 1603 353 1662 ωφυγαδείᾳ
371 1599 627 1658 χρησάμενος
649 1603 712 1644 ἐπὶ
734 1602 786 1644 τὰ
811 1607 892 1644 τῶν
908 1601 1068 1645 Ῥώσων
1087 1609 1224 1658 χωρεῖ,
1259 1603 1384 1645 ε’κεῖσέ
1400 1620 1441 1645 τε
1460 1602 1607 1660 χρόνον

153 1670 224 1728 ἐφ’
250 1669 388 1713 ἱκανὸν
409 1671 638 1724 διαμείνας,
666 1671 739 1712 καί
753 1688 865 1721 τινας
883 1674 964 1713 τῶν
985 1668 1217 1727 συγκλύδων
1233 1667 1394 1713 Ῥώσων
1415 1671 1488 1714 σὺν
1510 1670 1605 1713 ἔαυ-

244 1788 270 1823 4
292 1783 422 1827 καθῶς
438 1806 485 1813 -
503 1785 643 1833 αὐτοῦ]
669 1784 747 1822 εἶτα
769 1787 804 1822 D
939 1787 962 1823 5
982 1783 1154 1832 Ἰωάννης
1175 1783 1279 1830 Δοῦξ
1302 1785 1493 1831 Βατάτζης
1514 1799 1607 1831 γαμ-

273 1830 339 1877 ῥὸς
370 1832 404 1867 D
584 1835 607 1869 9
638 1830 716 1868 ’ὑπὸ
737 1834 814 1868 τῶν
834 1833 980 1868 πολλῶν
1011 1843 1065 1867 om
1086 1833 1119 1868 D
1300 1830 1436 1867 τούτου
1461 1830 1501 1867 δὲ
1524 1831 1606 1877 μετ’

287 1875 441 1918 ιαυτοῦς
458 1877 501 1921 ἓξ
524 1875 772 1919 ἀπολιπόντος
795 1877 956 1935 μοναζὸς
977 1878 1010 1912 D
1104 1879 1145 1913 11
1169 1876 1288 1913 καὶ-
1300 1876 1489 1923 περιωπήν
1504 1890 1558 1913 om
1572 1879 1605 1912 D

247 1925 294 1961 13
315 1921 370 1969 δὲ]
395 1921 436 1958 δὲ
457 1921 577 1969 μόνον
598 1924 631 1958 D
767 1925 810 1960 15
834 1921 910 1959 ‘tino
936 1924 1013 1958 τῶν
1034 1924 1181 1958 πολλῶν
1203 1924 1236 1959 D
1345 1926 1389 1960 16
1411 1923 1473 1958 καὶ
1497 1936 1550 1958 om
1572 1925 1605 1958 D

241 1972 355 2014 χωρεῖ
373 1969 408 2004 D
568 1971 612 2005 18
642 1969 712 2004 τοῦ
727 1989 773 1997 -
787 1967 1036 2014 κατάρχοντας
1058 1981 1111 2003 om
1135 1969 1168 2004 D
1325 1970 1368 2003 19
1403 1970 1471 2004 τοῦ
1494 1966 1606 2003 ’Λσὰν

242 2012 328 2056 υἱός
349 2025 404 2049 om
425 2014 458 2050 D
564 2015 610 2050 20
631 2014 713 2061 περὶ
739 2015 841 2060 vulgo
947 2016 1024 2050 τῶν
1046 2027 1100 2050 om
1121 2014 1154 2049 D
1259 2016 1304 2050 21
1328 2012 1411 2060 σὺν]
1437 2012 1476 2049 ἐν
1491 2015 1604 2060 vulgo.

154 2116 287 2163 gratiae
301 2115 478 2152 habendae
494 2119 583 2151 sunt.
636 2116 787 2161 sepultus
802 2115 867 2150 fuit
881 2115 914 2149 in
930 2114 1115 2159 Hyacinthi
1130 2114 1328 2148 monasterio
1338 2140 1350 2158 ‚
1374 2114 1431 2150 ubi
1448 2119 1484 2150 et
1498 2115 1606 2162 impe-

155 2167 250 2198 ntor
262 2162 401 2197 Alexim
415 2161 544 2207 positus
559 2163 672 2196 fuerat
686 2166 722 2196 et
734 2161 930 2206 imperatrix
945 2163 1043 2195 Anna
1061 2160 1198 2194 thalami
1214 2171 1363 2194 consors.

245 2209 301 2244 19.
349 2207 635 2250 Quemadmodum
651 2219 732 2252 ergo
749 2207 841 2247 dixi,
864 2211 943 2252 post
966 2207 1056 2241 illius
1081 2206 1206 2240 obitum
1221 2206 1365 2240 Romani
1388 2205 1516 2251 imperii
1539 2216 1606 2250 gu-

155 2252 336 2288 bernacula
359 2253 503 2288 Ioannes
524 2253 637 2287 Ducas
662 2264 768 2298 gener
790 2252 880 2286 illius
903 2252 1063 2297 suscipit,
1097 2263 1118 2285 a
1133 2251 1293 2285 Manuele
1340 2251 1526 2292 atriarcha,
1549 2251 1607 2296 qui

156 2297 306 2333 Maximo
322 2303 530 2333 successerat
542 2325 553 2341 ‚
576 2304 767 2333 coronatus.
815 2309 957 2343 namque
972 2302 1050 2343 post
1064 2297 1278 2342 patriarchae
1332 2296 1469 2330 ichaelis
1489 2308 1606 2330 exces-

157 2354 229 2377 sum
243 2343 390 2379 Irenicus
405 2344 629 2387 Theodorus,
665 2344 718 2378 cui
742 2355 763 2377 a
786 2344 955 2389 plerisque
971 2344 1088 2388 Copae
1109 2353 1227 2376 nomen
1247 2341 1386 2375 inditum
1404 2342 1536 2386 fuerat,
1572 2342 1606 2376 in

156 2388 378 2434 patriarcham
391 2389 547 2435 eligitur3
582 2393 661 2435 post
681 2400 786 2424 annos
808 2401 869 2423 sex
891 2401 933 2422 eo
957 2389 1133 2423 demortuo
1149 2387 1318 2421 Maximus
1342 2388 1522 2422 monachus
1545 2399 1607 2433 pa-

157 2433 336 2469 triarchale
349 2435 466 2470 solium
479 2436 639 2477 ascendit,
662 2435 850 2480 gynaeceio
866 2435 1005 2480 palpans
1021 2445 1062 2468 ac
1076 2433 1340 2479 supparasitans,
1365 2437 1401 2467 et
1416 2433 1491 2467 vice
1506 2444 1606 2467 versa

158 2490 202 2513 ex
228 2490 269 2513 eo
294 2481 533 2516 assentationes
557 2486 592 2515 et
616 2481 791 2515 blanditias
817 2491 1004 2525 aucupans:
1040 2491 1150 2524 neque
1174 2479 1260 2513 enim
1282 2478 1374 2512 aliud
1399 2479 1520 2512 eumin
1537 2483 1605 2512 tam

157 2524 298 2559 sublime
313 2524 440 2559 culmen
458 2530 631 2561 evexerat.
678 2527 739 2561 sed
766 2531 844 2572 post
867 2537 999 2560 menses
1022 2537 1085 2560 sex
1112 2525 1268 2565 moritur,
1293 2528 1328 2558 et
1342 2523 1478 2558 Manuel
1492 2524 1526 2558 in
1542 2535 1606 2569 pa-

156 2569 328 2604 triarchali
341 2570 425 2604 nolio
439 2571 634 2615 collocatur,
657 2583 740 2606 vere
754 2572 808 2606 vir
822 2572 1049 2618 philosophus»,
1072 2574 1111 2605 ut
1125 2570 1324 2616 apparebat,
1347 2573 1384 2604 et
1402 2581 1423 2604 a
1438 2569 1549 2604 multis
1565 2580 1607 2602 eo

157 2615 289 2650 nomine
306 2616 513 2652 hone-tatus.

248 2662 306 2697 20.
352 2660 423 2694 Sed
438 2661 482 2695 ad
494 2673 550 2696 res
563 2662 760 2708 Bulgaricas
773 2663 960 2698 redeamus.
1012 2661 1138 2707 primus
1154 2659 1378 2702 Bulgarornm
1395 2670 1458 2694 rex
1476 2660 1608 2694 Asanus

160 2706 246 2741 duos
261 2706 379 2740 babuit
391 2706 488 2749 filios,
510 2707 665 2743 loannem
682 2713 719 2742 et
732 2709 968 2745 Alexandrum.
1004 2708 1119 2751 itaque
1137 2704 1260 2744 Bor-ila,
1285 2706 1379 2740 cuius
1395 2715 1498 2751 supra
1514 2716 1608 2738 men-

158 2751 282 2786 tionem
295 2751 446 2792 fecimus,
475 2753 568 2796 regie
583 2753 739 2798 Bulgaris
754 2755 953 2798 imperante,
986 2752 1089 2786 Asani
1104 2751 1192 2784 filius
1208 2750 1350 2784 Ioannes
1364 2752 1447 2795 fuga
1464 2762 1500 2784 se
1517 2749 1606 2783 abri-

158 2797 256 2843 piens
269 2799 303 2831 in
318 2797 430 2831 Ruso·
446 2797 607 2842 confugit,
628 2799 743 2844 ibique
757 2811 820 2845 per
834 2804 967 2844 tempus
982 2797 1115 2842 aliquod
1131 2801 1362 2838 commoratus,
1386 2801 1421 2829 et
1439 2805 1607 2829 convena-

158 2853 233 2877 rum
248 2843 416 2879 ausorum
442 2843 606 2878 nonnullis
625 2843 660 2878 iu
681 2854 783 2879 unum
797 2844 987 2888 congestis,
1020 2847 1197 2888 paternam
1212 2841 1433 2876 hereditatem
1448 2839 1606 2885 reposcit,
