1924 3242
315 163 379 211 36
941 161 1122 206 IOELIS

313 275 553 328 Μαξέντιος.
599 276 666 317 καὶ
688 273 709 316 ὅ
727 273 800 328 μὲν
821 272 1101 325 Κωνστάντιος
1121 274 1194 318 σὺν
1214 278 1272 332 τῷ
1292 275 1368 333 υἱῷ·
1389 275 1514 318 αὐτοῦ
1533 276 1752 331 Κωνσταν-

311 345 406 402 τίνῳ
436 348 508 398 τῆς
536 343 712 391 Γαλλίας
738 343 804 383 καὶ
831 346 902 396 τῆς
919 345 1164 400 Βρεττανίας
1184 341 1404 400 ἐκράτησαν
1417 375 1430 394 ,
1465 341 1486 385 ὅ
1510 344 1555 385 δὲ
1573 345 1752 401 Σεβῆρος

312 413 378 454 καὶ
400 411 628 460 Μαξέντιος
646 414 717 465 τῆς
732 407 913 465 Ῥώμης,
948 408 969 452 ὅ
994 412 1039 453 δὲ
1058 413 1291 464 Μαξιμΐνος
1309 415 1381 465 τῆς
1400 408 1522 468 ἑῴας,
1555 409 1600 460 ὃς
1620 411 1750 453 πολλὰ

310 479 441 535 μιαρὰ
463 480 528 519 καὶ
549 477 679 520 ἄτοπα
701 476 1018 534 διαπραξάμενος
1042 479 1215 535 διωγμὸν
1241 478 1372 532 ἀπηνῆ
1391 480 1456 520 καὶ
1477 471 1751 535 ἀπάνθρωπον

312 547 415 588 κατὰ
434 547 690 602 Χριστιανῶν
712 546 932 596 ἐπεδείξατο
945 578 958 598 ,
1006 547 1107 588 καθ’
1148 546 1192 587 ὃν
1224 549 1399 588 πλεῖστοι
1429 550 1508 588 τῶν
1533 546 1781 600 εὗδοκίμων5

311 611 604 670 ἐμαρτύρησαν.
671 615 737 655 καὶ
767 613 859 663 ἄξια
888 619 960 669 τῆς
990 615 1222 668 δυσσεβείας
1256 614 1380 654 αὐτοῦ
1407 613 1602 656 πέπονθε·
1643 611 1750 671 νόσῳ

308 681 386 738 γὰρ
415 680 617 738 δεινοτάτῃ
648 679 888 737 περιπεσών,
923 680 977 731 ὥς
996 684 1061 724 καὶ
1080 682 1154 731 τὰς
1174 679 1327 737 σάρκας
1347 680 1471 722 αὐτοῦ
1493 683 1604 736 δίκην
1625 685 1751 737 κηροῦ

259 761 288 795 Β
310 753 476 803 τακῆναι
495 751 561 791 καὶ
581 749 631 791 τὰ
651 749 750 791 ὀστᾶ
769 753 1050 805 σνμφρυγῆναι
1067 751 1133 791 καὶ
1150 749 1219 791 τὸν
1234 752 1473 805 χαρακτῆρα
1491 752 1563 803 τῆς
1585 748 1749 806 ἄνθρω-

309 818 424 871 πίνης
451 816 576 860 αὐτοῦ
603 820 766 872 μορφῆς
800 817 1076 873 ἀφανισθῆναι
1099 819 1165 859 καὶ
1188 818 1324 866 δεινῶς
1344 820 1645 871 κατασαπῆναι,
1682 818 1748 858 καὶ

307 882 506 939 τοσαύτην
535 885 734 926 δυσωδίαν
763 884 970 938 ἐκπέμπειν
1004 883 1059 934 ὥς
1089 885 1214 940 μηδὲν
1235 888 1314 926 τῶν
1335 885 1376 926 ἐν
1397 883 1543 940 τάφοις
1563 884 1749 938 κειμένων
1761 894 1803 928 10

307 956 455 1009 νεκρῶν
487 952 701 1008 διαφέρειν.
769 952 810 993 ἔν
832 951 988 1003 τούτοις
1007 947 1077 994 οὖν
1099 951 1119 994 ὃ
1142 951 1343 1009 ἀλιτήριος
1364 950 1595 1005 ἕταζόμενος
1614 950 1748 994 τοιάδε

308 1018 385 1076 ἔφη
400 1017 538 1073 κοἶζιιοι
556 1023 613 1077 τῷ
630 1020 764 1076 ἓλεινῷ
781 1021 847 1061 καὶ
869 1019 1034 1076 θρήνων
1056 1020 1153 1077 ἀξίῳ
1161 1052 1175 1072 ,
1211 1018 1351 1061 ὁποίαν
1371 1024 1451 1061 τῶν
1473 1022 1528 1069 εἷς
1546 1022 1747 1074 Χριστια-

304 1087 399 1136 νοῦς
423 1088 720 1141 τετολμημένων
749 1085 883 1141 ὑπέχω
904 1088 1139 1145 τιμωρίαν.”
1212 1089 1278 1129 καὶ
1310 1091 1438 1130 ταῦτα
1465 1086 1568 1140 μετὰ
1599 1090 1749 1141 πολλῆς

305 1152 449 1209 ὀδύνης
468 1154 587 1196 εἰπὼν
610 1155 820 1196 ἀπέθανεν.
1315 1148 1322 1158 ’

414 1223 696 1264 Κωνσταντίου
713 1222 756 1262 δὲ
773 1224 846 1263 τοῦ
864 1221 1143 1275 ἐπικληθέντος
1150 1223 1329 1276 Χλωροῦ
1346 1220 1414 1262 διὰ
1430 1220 1503 1274 τὴν
1522 1223 1595 1262 τοῦ
1609 1234 1746 1276 πρωσ-
1757 1227 1800 1263 15

303 1286 414 1331 ὥπου
449 1287 659 1344 ὠχρότητα
690 1286 995 1341 τελευτήσαντος
1018 1286 1040 1329 ὅ
1064 1287 1152 1337 υἱὸς
1180 1287 1305 1329 αὐτοῦ
1333 1289 1656 1338 Κωνσταντΐνος,
1703 1286 1748 1336 ὅς

303 1356 345 1405 ἓξ
356 1354 517 1410 Ἑλένης
541 1356 650 1412 αὐτῷ
671 1354 862 1410 ἐγεννήθη
883 1357 972 1411 περὶ
992 1355 1063 1409 τὴν
1085 1359 1156 1410 τῆς
1178 1355 1337 1404 Δακίας
1357 1354 1495 1407 πόλιν,
1527 1355 1600 1410 τὴν
1619 1355 1747 1411 ἀρχὴν

252 1435 281 1469 c
305 1424 518 1473 διεδέξατο.
584 1420 775 1471 ὡσαύτως
800 1424 868 1463 καὶ
888 1421 1071 1479 Σεβήρου
1100 1421 1340 1477 τεθνηκότος
1355 1424 1564 1472 Λικίννιος
1591 1420 1612 1464 ὅ
1640 1438 1746 1478 γαμ-

299 1490 401 1547 βρὸς
422 1492 727 1532 Κωνσταντίνου
748 1489 1029 1546 ἃντεισάγεται.
1085 1494 1158 1532 τοῦ
1178 1485 1249 1532 οὖν
1271 1492 1575 1533 Κωνσταντίνου
1596 1494 1744 1543 βαπτι-

301 1559 470 1608 σθέντος
499 1560 565 1600 καὶ
596 1558 669 1612 τὴν
699 1556 928 1614 παράδοξον
958 1559 1106 1612 ἐκείνην
1136 1558 1369 1613 ἀπαλλαγὴν
1397 1562 1469 1612 τῆς
1501 1555 1798 1612 κατεχούσηςὲο

299 1624 420 1668 νόσου
439 1624 672 1682 εὓρηκότος,
707 1626 850 1674 αὐτίκα
869 1624 978 1681 καὶῆ
999 1625 1131 1682 μήτηρ
1154 1626 1280 1668 αὐτοῦ
1291 1624 1428 1680 Ἑλένη
1450 1627 1515 1667 καὶ
1538 1626 1575 1666 οἱ
1598 1623 1741 1667 τούτου

299 1700 495 1749 συγγενεῖς
513 1710 553 1734 τε
574 1695 640 1734 καὶ
661 1694 770 1749 φίλοι
787 1695 1057 1746 βαπτίζονται.
1105 1691 1188 1735 εἶτα
1211 1691 1386 1742 ἀκούσας
1405 1693 1456 1735 τὰ
1475 1691 1552 1734 ὕπὸ
1572 1695 1742 1742 Μαξεν-

297 1761 386 1803 τίον
404 1762 446 1803 ἓν
459 1758 594 1817 Ῥώμῃ
618 1758 778 1814 χαλεπά
804 1778 845 1803 τε
871 1763 937 1803 καὶ
962 1760 1093 1803 ἄτοπα
1118 1759 1334 1817 γενόμενα,
1377 1763 1444 1803 καὶ
1465 1761 1677 1817 πρεσβείαν
1698 1761 1740 1802 ἓκ

390 1878 434 1912 17
455 1887 498 1911 an
519 1875 769 1923 μητρόπολινὶ)

297 1977 365 2013 tius
381 1989 456 2012 cum
471 1978 541 2012 lilio
559 1977 778 2013 Constantino
794 1977 900 2011 Celtis
916 1977 1151 2022 Britannisque
1172 1977 1396 2023 imperitavit,
1429 1978 1577 2012 Severus
1599 1982 1634 2012 et
1658 1977 1737 2012 Ma-

299 2023 432 2057 xentius
447 2024 575 2057 Romae
590 2023 758 2069 praefuit,
790 2023 993 2057 Maximinus
1009 2023 1153 2058 Orienti.
1198 2025 1252 2057 hic
1267 2023 1377 2057 multis
1391 2023 1528 2067 flagitiis
1544 2034 1584 2057 ac
1598 2024 1736 2057 sceleri·

296 2069 360 2102 bus
375 2069 629 2113 contaminatus,
654 2069 761 2102 animo
776 2069 848 2102 fero
866 2068 990 2102 crudeli
1000 2094 1011 2111 ‚
1035 2069 1212 2102 inhumana
1228 2068 1459 2114 persecutione
1474 2068 1508 2102 in
1525 2069 1736 2103 Christianos

295 2113 448 2147 invectus
463 2118 526 2155 est,
549 2115 730 2158 pluresque
746 2113 908 2157 ingenuos
924 2114 1015 2147 viros
1029 2125 1091 2158 pro
1106 2114 1243 2147 Christo
1258 2113 1421 2157 martyrio
1436 2113 1560 2147 affecit.
1598 2124 1657 2158 pro
1673 2124 1735 2148 sua

295 2163 406 2192 tamen
421 2159 605 2203 impietate,
628 2170 712 2204 quas
727 2159 931 2201 commeruit,
950 2170 1076 2204 poenas
1091 2159 1240 2204 accepit:
1264 2170 1336 2192 nam
1352 2158 1435 2192 adeo
1452 2158 1524 2192 diro
1540 2159 1655 2192 morbo
1670 2170 1733 2192 ex-

295 2203 464 2236 cruciatus
479 2209 532 2237 est
548 2208 585 2237 ut
601 2204 755 2238 carnibus
780 2205 821 2237 ad
839 2204 944 2237 instar
959 2215 1056 2238 cerae
1071 2204 1280 2248 liquefactis,
1313 2203 1442 2237 ossibus
1459 2203 1632 2237 exsiccatis
1644 2231 1653 2243 ,
1687 2215 1733 2238 ne

292 2248 471 2291 vestigium
493 2249 626 2292 quidem
648 2251 775 2282 formae
799 2249 962 2282 humanae
985 2249 1202 2294 remanserit,
1237 2253 1272 2282 et
1292 2248 1436 2292 putridis
1458 2252 1559 2292 atque
1582 2248 1733 2282 deciduis

293 2293 447 2327 membris
461 2298 587 2327 tantum
603 2294 771 2327 redoleret
784 2295 967 2337 foetorem,
992 2298 1029 2327 ut
1053 2305 1074 2327 a
1100 2293 1317 2327 cadaveribus
1339 2293 1374 2326 in
1397 2293 1584 2337 sepulchris
1602 2295 1731 2327 maroe-

292 2337 461 2372 scentibus
477 2338 557 2371 nihil
571 2338 735 2372 differret.
760 2338 812 2372 his
827 2349 899 2372 cum
915 2338 1082 2382 nequitiae
1095 2338 1177 2371 illud
1191 2338 1356 2372 stabulum
1372 2338 1633 2380 excruciatam,
1646 2335 1730 2373 “hei

292 2383 413 2419 misero
423 2379 443 2394 '’
467 2382 517 2416 ait
536 2379 556 2392 “
567 2389 603 2416 et
617 2383 835 2427 deplorando,
852 2383 972 2427 quibus
988 2395 1047 2428 pro
1063 2383 1114 2416 his
1129 2383 1262 2427 quaein
1275 2382 1484 2417 Christianos
1498 2384 1632 2428 patravi
1645 2395 1730 2429 poe-

292 2428 343 2462 nis
359 2438 531 2462 exerceor.
539 2423 560 2438 ''
607 2433 643 2461 et
658 2429 740 2461 haec
755 2427 878 2461 effatus
892 2428 989 2471 gravi
1005 2439 1078 2461 cum
1094 2428 1245 2462 cruciatu
1261 2428 1363 2462 vitam
1377 2428 1511 2463 abiecit.

382 2472 579 2507 Constantio
595 2472 719 2506 Chloro
729 2498 737 2512 ,
772 2477 911 2517 propter
936 2473 1048 2507 vultus
1069 2473 1275 2507 viriditatem
1301 2474 1349 2507 sic
1372 2474 1623 2518 cognominato,
1655 2475 1730 2509 vita

287 2520 403 2553 functo
420 2518 463 2552 ad
481 2518 735 2551 Constantinum
750 2518 872 2559 filium,
908 2529 1005 2562 quem
1028 2529 1070 2551 ex
1092 2518 1221 2551 Helena
1243 2524 1438 2564 susceperat
1461 2520 1495 2552 in
1518 2529 1581 2552 una
1603 2519 1728 2553 Daciae

287 2565 382 2609 urhe,
404 2563 576 2608 imperium
591 2563 783 2597 devolutum
799 2568 860 2596 est.
899 2563 1049 2596 similiter
1063 2562 1212 2596 extincto
1228 2564 1357 2598 Severo
1372 2564 1539 2598 Licinnius
1555 2564 1727 2598 Constan-

289 2609 327 2643 tii
341 2620 446 2653 gener
458 2608 650 2643 intruditur.
669 2615 843 2654 postquam
858 2618 939 2641 vero
958 2607 1195 2641 Constantinus
1213 2619 1308 2643 sacro
1323 2609 1460 2643 lavacro
1477 2611 1610 2644 ablutus
1625 2621 1727 2653 prae-

287 2658 343 2688 ter
357 2654 622 2699 expectationem
644 2665 665 2687 a
685 2653 781 2697 gravi
800 2653 857 2687 illo
872 2654 1008 2695 morbo,
1041 2664 1107 2697 quo
1122 2653 1223 2699 plane
1239 2656 1411 2688 confectus
1426 2658 1517 2697 erat,
1550 2653 1738 2694 incolumis*

287 2699 416 2742 evasit,
446 2698 560 2733 statim
575 2699 707 2732 Helena
722 2703 828 2733 mater
843 2709 1022 2743 omnesque
1035 2697 1123 2732 illius
1139 2699 1260 2733 affines
1278 2700 1515 2744 consanguinei
1527 2699 1724 2734 familiares-

288 2754 355 2789 que
369 2755 467 2779 sacro
480 2743 772 2788 fonteinitiantur.
820 2744 954 2778 tandem
978 2754 1052 2777 cum
1074 2754 1130 2778 res
1156 2744 1287 2778 nefarie
1307 2749 1422 2789 gestas
1445 2749 1479 2780 et
1503 2744 1723 2789 tyrannidem,

288 2799 387 2835 quam
411 2789 445 2824 in
471 2789 563 2826 cives
578 2789 767 2824 Maxentius
783 2789 911 2824 Romae
935 2790 1131 2834 exercebat,
1162 2801 1224 2835 per
1243 2791 1374 2836 legatos
1399 2802 1420 2827 a
1442 2796 1559 2826 senatu
1574 2791 1723 2825 Romano
