1872 3236
212 428 243 462 C

264 159 360 206 196
640 157 1012 203 CONSTANTINI
1052 157 1316 202 MANASSIS

397 269 444 314 οὗ
463 275 615 328 κοῦφον
637 270 728 313 οὐδ’
750 268 982 327 εῧάγκαλον,
1013 269 1105 314 οὔδ’
1127 270 1304 328 ἐλαφρὸν
1322 269 1546 325 βαστάσαι,

399 337 651 388 ἀνανεώσεως
669 342 808 392 τειχῶν
821 375 824 378 .
825 337 947 397 χάριν
962 345 1041 383 τῶν
1060 338 1334 396 γηρασάντων,

397 406 421 449 ὃ
442 407 598 462 λέγουσι
617 407 821 462 δικίρατον
838 407 876 450 οἱ
893 405 1313 467 τούτυυὴτελωνάρχαι.

264 475 374 519 4570
399 476 576 531 σφίγγων
596 475 640 516 δὲ
659 473 788 517 πάντα
807 482 895 526 ταῖς
915 477 1058 526 κλεισί,
1094 477 1159 517 καὶ
1177 474 1328 531 θύραζε
1346 473 1403 528 μὴ
1420 475 1552 530 φέρων

400 543 472 584 οὐκ
493 541 668 599 ἄργυρον
688 543 781 585 οὐδὲ
793 542 958 600 χρυσόν,
994 544 1065 585 οὔκ
1087 541 1334 599 εὐυφάντους
1351 543 1536 594 πέπλους,

398 612 463 652 καὶ
481 614 598 652 τοῦτο
619 610 664 653 τὸ
687 609 894 667 λεγόμενον
915 612 955 653 ἓν
972 610 1123 665 μύθοις
1137 613 1393 660 Αἶσωπείοις,

399 681 563 720 πλεῖστα
580 679 652 732 μὲν
669 679 773 733 ἶβςνια
791 680 943 729 δεικνὺς
953 677 1175 734 χρημάτων
1192 677 1406 728 εἰσιόντων,

400 746 662 802 ἐξερχομένων
683 747 723 788 δ’
749 747 937 800 οὐδαμῶς
961 747 1052 788 οὐδ’
1079 747 1415 799 ἀποκενουμένων,

265 812 374 856 4575
400 815 582 869 ἐστέρησε
602 815 666 855 καὶ
689 814 756 856 τὸν
775 814 946 869 στρατὸν
968 819 1046 857 τῶν
1061 815 1388 870 ε’ποφειλομένων.

399 883 559 923 ivre-1332
579 886 708 936 θροῦς
725 883 969 932 δυσκέλαδος
989 884 1055 924 καὶ
1074 881 1214 932 στάσις
1233 882 1399 937 ὀλεθρία

398 951 464 991 καὶ
486 950 638 1004 λαλαγὴ
657 948 902 1005 κακόχαρτος
921 953 986 992 καὶ
1006 953 1289 1007 ὁυσφημοῢσαι
1307 953 1499 1005 γλῶσσαι.

399 1019 464 1059 καὶ
488 1015 780 1073 συνδραμόντες
802 1020 858 1067 εἷς
877 1018 999 1060 ταύτὸ
1015 1019 1118 1071 μετὰ
1135 1022 1311 1075 κραυγῆς
1332 1015 1491 1070 ἀσήμου

401 1083 631 1127 αὖτάνακτα
652 1083 882 1142 Βαρὸ“άνιον
901 1085 968 1128 τὸν
989 1085 1076 1128 τότε
1097 1089 1425 1143 στραταρχοῦντα

266 1151 376 1195 4580
399 1153 584 1208 γενέσθαι
605 1154 872 1204 καθικέτευον,
906 1154 1198 1210 προσφέροντες
1216 1155 1282 1195 καὶ
1299 1155 1408 1206 βίαν.

403 1219 423 1261 ὃ
449 1220 490 1261 δ’
516 1220 562 1262 οὗ
584 1219 785 1275 γινώσκων
808 1221 879 1275 τὴν
899 1221 1024 1277 ῥοπὴν
1042 1226 1113 1274 τῆς
1133 1217 1405 1272 ταλαντούχου
1427 1213 1564 1269 τύχης,

402 1289 468 1330 καὶ
488 1287 560 1340 τὴν
582 1287 838 1343 ἀμφίρροπον
858 1289 982 1340 αὐτῆς
998 1278 1165 1341 Ιθέλησιν
1181 1284 1419 1342 ὑποτρέσας,

402 1352 606 1411 ἀνθρώπῳ
628 1356 728 1411 θείῳ
749 1358 978 1412 προσφοιτᾷ
999 1356 1065 1396 καὶ
1086 1354 1400 1410 θἐοφορουμένῳ

402 1424 468 1464 καὶ
489 1428 577 1471 ταῖς
594 1426 666 1464 τοῦ
686 1421 910 1475 πνεύματος
930 1422 1071 1478 αῧγαῖς
1085 1423 1293 1471 πλουσίαις
1316 1419 1593 1478 πυρσουμὲνῳ,

267 1488 376 1532 4585
402 1491 577 1546 ἐκφαίνει
598 1490 643 1531 τὸ
663 1488 945 1545 κρυπτόμενον,
981 1489 1139 1533 ἅπαντα
1156 1489 1375 1544 καταλέγει,

402 1558 474 1612 τὴν
495 1557 634 1600 στάσιν
653 1560 719 1599 καὶ
737 1558 806 1599 τὸν
822 1556 999 1614 τάραχον
1014 1560 1080 1600 καὶ
1101 1562 1173 1600 τοῦ
1193 1562 1294 1600 λαοῦ
1315 1558 1386 1612 τὴν
1400 1557 1510 1609 βίαν.

404 1625 538 1668 ἀκούει
556 1625 683 1668 ταῦθ’
709 1623 729 1667 ὃ
753 1625 890 1674 πολιὸς
906 1626 978 1676 τὰς
999 1627 1148 1682 φρένας
1169 1627 1234 1667 καὶ
1255 1625 1329 1675 τὰς
1347 1625 1508 1681 τρίχας,

405 1692 425 1734 ὅ
448 1691 624 1743 κύκνοςὸ
644 1697 716 1735 τοῦ
732 1692 976 1746 πνεύματος,
1005 1692 1025 1735 ὁ
1048 1695 1227 1736 κελαὸῶν
1247 1693 1297 1735 τὰ
1314 1697 1429 1749 θεῖαή

405 1761 661 1817 ἀπαγορεύει,
691 1765 879 1802 νουθετεῖ
890 1763 1015 1816 μηδὲν
1033 1763 1282 1818 νεωτερίζειν,

271 1826 383 1870 4590
399 1827 485 1883 “μὴ
507 1831 571 1870 καὶ
593 1828 665 1878 τὰς
685 1827 809 1884 κόρας
826 1829 1053 1885 κεντηθῇς”
1076 1831 1175 1886 φησὶ
1192 1827 1296 1878 “vig
1313 1830 1392 1869 τῶν
1410 1822 1619 1879 ὀμμάτων,
1661 1855 1665 1859 v

405 1899 473 1939 καὶ
494 1895 624 1938 πάντα
646 1901 989 1952 προσαποβαλεῖς,
1024 1895 1154 1939 πάντα
1177 1892 1530 1953 προσαπολέσεις.”

363 1991 452 2027 4575
475 1988 648 2034 ὑστέρησε
669 1990 708 2026 Μ
816 1991 907 2027 4577
927 1991 1172 2037 δυσφημοῦσα
1190 1991 1332 2035 γλῶσσα
1348 1988 1388 2023 Μ
1495 1987 1586 2023 4579
1607 1994 1716 2029 στρα-

363 2034 546 2082 τηγοῦντα
563 2037 603 2071 Μ
737 2036 826 2072 4581
849 2032 892 2072 εὖ
901 2038 920 2072 ?
1054 2038 1146 2073 4584
1162 2036 1239 2082 καὶ]
1259 2033 1298 2070 ἐν
1316 2036 1355 2070 Μ

273 2127 359 2150 onus
381 2115 619 2160 gravissimum
636 2117 811 2163 imposuit,
836 2122 993 2151 veterum
1012 2128 1184 2151 murorum
1206 2114 1470 2149 reficiendorum
1492 2121 1608 2153 causa,
1626 2109 1718 2154 quod

273 2161 481 2195 tributorum
512 2167 692 2197 exactores
726 2164 915 2197 diceratum
951 2168 1090 2196 vocant.
1146 2172 1289 2205 cumque
1326 2158 1479 2193 clavibus
1522 2155 1720 2189 occluderet

275 2205 400 2249 omnia,
425 2218 489 2240 nec
507 2208 600 2242 foras
620 2209 805 2253 quidquam
822 2209 963 2253 prodire
981 2208 1113 2242 sineret
1129 2207 1186 2242 vel
1204 2205 1340 2249 argenti
1359 2203 1417 2237 vel
1435 2202 1521 2245 auri,
1545 2207 1718 2235 textarum

274 2251 435 2294 vestium,
463 2257 499 2285 et
516 2251 661 2296 plurima
678 2254 827 2298 quidem,
847 2254 944 2287 velut
959 2259 1014 2287 est
1030 2254 1066 2286 in
1083 2251 1264 2296 Aesopicis
1283 2249 1422 2292 fabulis,
1442 2247 1593 2292 vestigia
1610 2258 1717 2291 pecu-

274 2296 408 2330 niarum
427 2296 672 2331 introeuntium
693 2305 920 2343 apparerent,
957 2298 1154 2332 exeuntium
1187 2307 1267 2330 vero
1298 2301 1334 2329 et
1362 2305 1588 2339 expensarum
1615 2292 1720 2335 nulla,

275 2341 401 2376 milites
431 2342 534 2375 etiam
564 2342 691 2377 debitis
717 2343 900 2388 stipendiis
929 2344 1120 2388 spoliabat3
1178 2353 1221 2375 uo
1238 2342 1332 2375 facto
1350 2350 1500 2374 murmur
1519 2338 1720 2376 infaustum,

276 2387 380 2421 noxia
402 2386 529 2420 seditio
543 2413 552 2430 ,
584 2399 689 2422 voces
709 2388 896 2422 insolentes
908 2415 917 2432 ‚
952 2389 1090 2433 linguae
1112 2355 1298 2421 miledicae
1318 2385 1446 2430 passim
1464 2384 1718 2418 excitabantur.

276 2433 434 2477 adeoque
452 2443 620 2467 concursu
642 2434 735 2468 facto
757 2445 831 2468 cum
853 2434 999 2468 clamore
1023 2433 1240 2468 inarticulato
1258 2431 1467 2465 Bardanium
1489 2430 1635 2473 milites,
1659 2429 1718 2473 qui

277 2478 454 2523 copiarum
469 2477 506 2512 id
523 2478 688 2523 temporis
706 2480 774 2513 dux
793 2484 879 2522 erat,
904 2483 942 2512 nt
959 2479 1137 2523 imperium
1155 2480 1198 2512 ab
1216 2490 1255 2512 se
1274 2477 1424 2511 oblatum
1441 2476 1628 2520 acciperet,
1651 2486 1719 2508 non

277 2527 410 2558 tantum
430 2523 592 2568 precibus
613 2525 676 2558 sed
694 2524 797 2558 etiam
815 2524 852 2558 vi
871 2524 1028 2559 adhibita
1046 2525 1230 2568 cogebant.
1277 2528 1314 2557 at
1342 2522 1401 2556 ille
1429 2534 1498 2556 non
1528 2531 1719 2566 agnoscens

276 2568 414 2604 initium
432 2570 498 2603 hoc
517 2569 780 2604 adversissimae
802 2571 980 2613 fortunae,
1016 2575 1054 2604 et
1072 2573 1187 2604 tamen
1203 2569 1414 2603 voluntatem
1433 2569 1507 2602 eius
1524 2566 1720 2602 instabilem

277 2614 451 2648 reveritus
462 2641 472 2658 ‚
494 2614 649 2649 divinum
666 2616 844 2660 quemdam
867 2617 911 2650 ad
929 2616 1097 2650 hominem
1116 2627 1194 2649 sese
1212 2616 1369 2659 confert,
1391 2625 1551 2648 arcanum
1569 2613 1624 2647 sui
1641 2623 1720 2647 cor—

278 2660 333 2694 dis
354 2660 497 2705 aperit„
516 2660 648 2695 indicat
666 2661 795 2703 omnia,
829 2661 1055 2704 seditionem,
1081 2660 1259 2695 tumultum
1279 2660 1471 2703 militarem,
1498 2659 1566 2693 vim
1588 2657 1719 2704 populi,

277 2716 379 2751 quam
395 2705 465 2740 sibi
487 2706 664 2740 adhibeat.
711 2706 808 2741 audit
834 2706 920 2741 baec
939 2718 1045 2741 canus
1069 2706 1128 2740 ille
1149 2710 1219 2740 tam
1243 2705 1375 2751 capillis
1397 2717 1498 2750 quam
1521 2704 1638 2739 animo,
1656 2714 1718 2746 cy-

278 2762 365 2795 gnus
388 2751 597 2796 spiritualis,
620 2751 740 2786 divina
761 2752 913 2787 carmina
931 2753 1135 2787 concinens:
1159 2763 1203 2786 ne
1220 2752 1386 2786 militibus
1407 2753 1624 2796 obtemperet
1643 2748 1719 2782 edi-

277 2797 344 2842 cit,
369 2808 392 2833 a
411 2798 517 2834 rebus
538 2801 578 2834 ut
594 2796 694 2833 novis
714 2797 888 2836 abstineat
904 2798 1080 2846 hortatur,
1110 2810 1155 2834 ne
1172 2799 1265 2834 forte
1286 2797 1453 2834 iacturam
1474 2796 1647 2833 oculorum
1664 2795 1719 2830 fa-
