1898 3242
543 181 922 228 COMPENDIUM
959 182 1312 229 CHRONICUM.
1563 181 1663 229 269

321 296 369 356 (ἦ
391 297 470 356 γὰρ
489 297 714 352 βασίλισσα
732 295 834 352 Ζωὴ
857 295 984 340 πάλαι
1003 296 1327 356 προετεθνήκει),

248 374 250 378 “
318 366 349 424 ἢ
366 371 426 426 τῷ
442 370 518 410 τοῦ
534 363 710 424 κράτους
730 366 834 423 πρὸς
850 366 997 424 μικρὸν
1017 369 1259 423 ἓπαναβᾶσα
1279 368 1438 426 δίφρῳ,

320 437 389 479 καὶ
411 440 547 492 μῆνας
570 436 668 478 δέκα
687 439 761 491 τῆς
779 435 909 494 ἀρχῆς
931 436 1006 479 σῦν
1026 435 1100 479 δύο
1122 435 1421 490 βασιλεύσασα,

320 507 388 549 καὶ
410 505 485 561 τὴν
507 503 703 548 ἀνάλυσιν
723 502 850 560 αὖτῆς
869 509 1022 560 γνοῦσα
1043 505 1118 560 τὴν
1141 507 1184 548 ἐκ
1205 511 1278 548 τοῦ
1301 504 1474 561 σκήνους

181 570 293 620 6330
318 569 390 631 (ἦν
408 575 450 618 δ’
462 607 476 627 ,
512 573 568 625 ὥς
590 591 731 632 φασιν,
760 574 978 631 ἀπείρατος
996 572 1188 628 σώματος
1205 573 1427 631 ῥυπαριάς)

319 643 452 702 ἄνδρα
469 644 559 687 τινὰ
579 642 806 702 μακρόβιον
826 644 1029 698 πέμπελον
1048 644 1275 701 τρομαλὲον

318 712 543 768 ἕπιβιβάζει
563 713 784 771 διφρευτὴν
806 711 958 770 ἅρματι
978 711 1218 771 τηλικούτῳ.

315 784 384 825 καὶ
407 781 540 841 τούτῳ
561 786 703 837 κλῆσις
725 781 926 837 Μιχαήλ,
961 780 1007 832 ὃς
1023 781 1129 826 κατὰ
1151 782 1226 836 μὲν
1244 780 1315 823 τὸν
1328 778 1478 838 χρόνον

317 851 578 910 ἄμετροβιόις
594 850 703 909 ἤριζε
720 850 921 908 κορώναις
937 849 1210 910 μακρογήρῳς
1218 883 1231 903 ,

178 919 291 963 6335
316 918 482 972 ὅποίους
503 920 583 976 ἤδη
605 918 855 978 φθάσαντας
871 922 935 963 ἐπὶ
958 920 1119 975 δυσμὰς
1138 925 1212 963 τοῦ
1231 921 1325 974 βίον

316 991 360 1034 ἐκ
378 995 452 1046 τῆς
471 991 662 1049 λατρείας
681 988 831 1033 ἑαυτοῦ
852 988 1028 1044 πόλεμος
1048 988 1230 1043 ἀπολύει,

315 1059 368 1102 τὰ
391 1060 433 1102 δ’
457 1052 573 1102 ἄλλακ
589 1061 656 1102 καὶ
677 1057 952 1117 σεμνότροπος
973 1060 1039 1101 καὶ
1059 1060 1271 1114 βέλτιστος
1293 1056 1437 1103 ἐδόκει.

298 1138 299 1142 ’
316 1129 423 1171 ἀλλὰ
441 1129 520 1186 γὰρ
543 1129 617 1171 οὐκ
637 1129 819 1184 ἐξίσχυσε
842 1129 918 1179 τὰς
938 1134 1011 1184 τῆς
1033 1131 1206 1186 καρδίας
1225 1126 1411 1183 βλάστας

315 1199 372 1249 εἲς
390 1202 482 1257 φῶς
501 1196 694 1255 προάγειν
715 1200 783 1240 καὶ
807 1200 958 1253 δηλοῦν
980 1197 1051 1240 τὸν
1070 1198 1174 1241 κατὰ
1196 1197 1364 1252 βάθους
1382 1196 1534 1253 στάχυν
1546 1213 1556 1221 ·

177 1264 290 1310 6340
314 1269 381 1310 καὶ
399 1267 479 1325 γὰρ
502 1256 800 1324 ἕσφετερίζοντο
820 1272 959 1309 πᾶσαν
978 1267 1052 1322 τὴν
1072 1269 1311 1311 δυναστείαν

315 1337 355 1379 οἱ
383 1334 605 1393 Θεοδώρας
622 1334 848 1393 πρόσπολοι
869 1340 943 1391 τῆς
961 1334 1404 1394 πορφυροβλαστήτου,

314 1410 666 1464 καταφρονοῦντες
686 1406 866 1460 Μιχαὴλ
888 1404 1078 1462 ἄντικρυς
1102 1403 1158 1455 ὥς
1180 1405 1351 1459 ἀνίκμου

313 1473 506 1532 κράμβης
522 1472 708 1531 ἀφύλλου
733 1477 928 1530 γηραιᾶς,
963 1473 1043 1529 ἤδη
1069 1475 1366 1531 δίερρευκυίας,

312 1542 376 1586 ὅτι
397 1545 465 1586 καὶ
485 1544 720 1586 κατεδέδετο
747 1541 992 1600 φρικώδεσιν
1010 1541 1163 1601 ὃρκιόις

173 1612 285 1656 6345
311 1611 475 1655 πάντων
497 1613 637 1663 αὐτοῖς
658 1613 902 1663 ἐξίστασθαι
924 1614 992 1654 καὶ
1015 1611 1147 1668 λόγων
1171 1613 1239 1654 καὶ
1258 1611 1525 1668 πραγμάτων.

309 1676 361 1738 ἦν
378 1675 451 1725 οὖν
470 1680 595 1731 αὐτὸς
615 1679 709 1723 ὡσεὶ
733 1679 850 1732 σκιά,
887 1683 955 1723 καὶ
974 1679 1110 1737 λόγοις
1128 1678 1270 1734 μόνοις
1292 1680 1471 1739 κράτωρ,

309 1751 363 1793 τὰ
384 1751 427 1794 δ’
453 1750 560 1793 ἄλλα
585 1748 719 1793 πάντα
742 1756 832 1801 ταῖς
850 1751 992 1807 χερσὶν
1017 1751 1177 1792 ἐκείνων
1199 1751 1383 1808 διῳκεῖτο

313 1819 386 1870 οὓς
403 1819 681 1874 παιδοκόμους
701 1819 880 1875 Μιχαὴλ
905 1819 1013 1862 ἔλιπε
1043 1817 1243 1875 Θεοὸώρα

311 1891 379 1932 καὶ
401 1887 589 1946 φύλακας
610 1891 678 1931 καὶ
701 1888 948 1947 φροντιστὰς
969 1891 1036 1931 καὶ
1059 1892 1133 1944 τῆς
1154 1889 1285 1945 ἀρχῆς
1303 1888 1504 1945 πατέρας·

265 2032 303 2056 v.
326 2021 420 2057 6328
440 2032 496 2055 om
518 2021 554 2056 R
706 2021 799 2056 6330
823 2019 1005 2064 σωμάτων
1027 2021 1095 2056 AR
1243 2019 1336 2055 6334
1357 2017 1608 2065 μακρογήροις
1629 2022 1659 2054 Α

262 2068 355 2103 6335
376 2063 487 2112 ἡλίου
507 2067 540 2102 Α
679 2067 772 2102 6338
791 2064 888 2112 ἐξίσχ
889 2079 933 2103 νε
952 2068 987 2102 R
1100 2066 1191 2102 6343
1212 2066 1348 2121 γεηρᾶς
1371 2067 1411 2101 Μ
1529 2064 1661 2111 ἐρρυη-

261 2114 372 2195 ἶὲέὲἓ
376 2079 424 2196 ⁷}
524 2112 616 2150 6345
641 2110 770 2148 αὐτῶν
791 2114 864 2149 ΑΜ
965 2113 1058 2149 6346
1080 2110 1326 2159 μονοκροῖτωρ
1353 2113 1394 2147 Μ
1487 2113 1580 2149 6348
1604 2112 1659 2148 λέ-

171 2275 301 2312 dudum
323 2275 481 2322 obierat,
515 2275 701 2322 imperium
723 2275 845 2311 rediit.
895 2287 966 2310 ιιοιι
995 2275 1056 2310 diu
1075 2277 1183 2311 rebus
1201 2276 1378 2322 praefuit,
1400 2275 1586 2311 duodecim
1603 2275 1660 2310 vi-

172 2321 303 2358 delicet
317 2303 518 2365 mensiblis;
547 2334 694 2368 cumque
717 2335 757 2358 se
780 2322 1008 2367 migraturam
1031 2334 1050 2356 e
1074 2322 1213 2357 mortali
1243 2335 1392 2368 corpore
1418 2322 1664 2368 deprehende-

172 2373 256 2414 ret,
291 2369 479 2405 etiamnum
509 2369 634 2415 virgo,
666 2381 731 2404 ceu
754 2369 987 2415 perhibetur,
1018 2369 1132 2404 virum
1158 2371 1332 2414 quendam
1352 2372 1470 2404 aetate
1491 2373 1666 2414 provecta

171 2426 291 2450 senem
315 2427 360 2451 ue
391 2428 537 2462 prorsus
576 2416 776 2462 capularem
802 2416 840 2450 in
863 2416 975 2450 locum
1006 2427 1105 2451 suum
1135 2416 1334 2451 substituit.
1384 2415 1419 2450 ei
1438 2428 1563 2450 nomen
1587 2419 1666 2450 erat

172 2461 292 2496 Micha
292 2426 348 2497 qlo
327 2474 370 2508 o,
392 2474 538 2509 prorsus
559 2463 760 2509 decrepito,
786 2474 863 2497 cum
887 2462 1087 2497 cornicibus
1107 2463 1307 2498 annositate
1328 2463 1504 2507 certanti,
1537 2473 1662 2497 conse—

173 2512 326 2553 cutoque
347 2510 435 2544 rude
453 2511 650 2545 donandam
669 2515 843 2553 aetatem3
864 2509 924 2555 qui
941 2514 1059 2543 tamen
1078 2509 1211 2555 alioqui
1230 2509 1351 2555 gravis
1365 2514 1402 2544 et
1418 2510 1571 2555 optimus
1584 2520 1664 2543 esse

172 2555 369 2590 videretur.
417 2557 480 2592 sed
504 2556 596 2591 enim
629 2556 746 2591 cordis
780 2555 836 2590 sui
866 2555 968 2601 quasi
1000 2556 1159 2601 germina
1188 2557 1386 2611 producere
1419 2556 1457 2590 in
1483 2555 1596 2590 lucem
1627 2558 1664 2589 et

172 2601 305 2646 spicam
326 2601 366 2635 in
386 2601 456 2636 imo
478 2602 646 2638 latentem
667 2603 857 2637 extrudere
879 2614 950 2636 non
969 2609 1130 2648 poterat.
1154 2603 1287 2648 quippe
1307 2601 1428 2637 famuli
1447 2602 1663 2637 Theodorae

171 2652 385 2694 potestatem
415 2648 616 2684 universam
642 2651 880 2695 usurpabant,
916 2654 1116 2694 contempto
1147 2649 1323 2683 Michaelo
1345 2648 1457 2684 veluti
1482 2649 1579 2683 succi
1598 2660 1661 2683 ex-

173 2700 277 2740 perte
312 2694 492 2740 brassica,
517 2695 613 2730 foliis
648 2697 797 2741 nudata,
828 2697 898 2730 iam
925 2700 1166 2742 putrescente.
1223 2700 1412 2740 praeterea
1442 2694 1663 2731 terribilibus

173 2740 404 2775 sacramentis
425 2753 465 2775 se
491 2741 731 2788 obligaverat,
750 2742 928 2788 pollicitus
953 2754 993 2777 se
1012 2753 1192 2778 cessurum
1216 2741 1306 2787 ipsis
1331 2742 1496 2788 quibust
1486 2754 1516 2776 1s
1540 2741 1578 2775 in
1601 2751 1660 2774 re-

171 2787 253 2822 bus.
301 2793 518 2833 quapropter
542 2789 664 2823 umbra
686 2794 789 2824 tenus
822 2795 859 2824 et
882 2791 993 2824 verbo
1026 2793 1162 2823 tantum
1185 2788 1379 2834 imperator
1399 2792 1493 2824 erat:
1520 2791 1662 2821 caetera

175 2844 241 2879 per
270 2845 330 2868 eos
362 2834 697 2870 administrabantur
730 2847 820 2881 quos
852 2835 1003 2870 diximus
1028 2835 1256 2871 Theodoram
1277 2835 1453 2870 Michaelo
1472 2833 1661 2878 reliquisse

175 2884 342 2926 tanquam
368 2880 472 2927 pueri
493 2884 698 2926 curatores,
729 2882 915 2928 custodes,
947 2886 1083 2928 patres.
1131 2881 1188 2917 bis
1216 2881 1308 2916 enim
1335 2881 1439 2927 pueri
1463 2891 1587 2924 senes,
1620 2883 1660 2913 ut

1691 1473 1814 1508 Ρ129
