<?xml version="1.0" encoding="UTF-8"?>
<!DOCTYPE html PUBLIC "-//W3C//DTD XHTML 1.0 Transitional//EN"
    "http://www.w3.org/TR/xhtml1/DTD/xhtml1-transitional.dtd">
<html xmlns="http://www.w3.org/1999/xhtml" xml:lang="en" lang="en">
 <head>
  <title>
</title>
<meta http-equiv="Content-Type" content="text/html;charset=utf-8" />
  <meta name='ocr-system' content='tesseract 3.04.00' />
  <meta name='ocr-capabilities' content='ocr_page ocr_carea ocr_par ocr_line ocrx_word'/>
</head>
<body>
  <div class='ocr_page' id='page_1' title='image "./corpusscriptorum06niebuoft_0233.png"; bbox 0 0 1872 3236; ppageno 0'>
   <div class='ocr_carea' id='block_1_1' title="bbox 0 0 107 815">
    <p class='ocr_par' dir='ltr' id='par_1_1' title="bbox 0 0 107 815">
     <span class='ocr_line' id='line_1_1' title="bbox 0 0 107 815; baseline 0 0"><span class='ocrx_word' id='word_1_1' title='bbox 0 0 107 815; x_wconf 95' lang='lat' dir='ltr'><strong> </strong></span> 
     </span>
    </p>
   </div>
   <div class='ocr_carea' id='block_1_2' title="bbox 479 180 1583 233">
    <p class='ocr_par' dir='ltr' id='par_1_2' title="bbox 479 180 1583 233">
     <span class='ocr_line' id='line_1_2' title="bbox 479 180 1583 233; baseline -0.002 0"><span class='ocrx_word' id='word_1_2' title='bbox 479 185 856 233; x_wconf 67' lang='lat' dir='ltr'><strong>mmmmm</strong></span> <span class='ocrx_word' id='word_1_3' title='bbox 891 180 1238 232; x_wconf 74' lang='lat' dir='ltr'>CHROMGUM.</span> <span class='ocrx_word' id='word_1_4' title='bbox 1485 183 1583 233; x_wconf 78' lang='lat'><strong>217</strong></span> 
     </span>
    </p>
   </div>
   <div class='ocr_carea' id='block_1_3' title="bbox 129 298 1739 2000">
    <p class='ocr_par' dir='ltr' id='par_1_3' title="bbox 129 298 1739 2000">
     <span class='ocr_line' id='line_1_3' title="bbox 265 298 1212 362; baseline 0 -18"><span class='ocrx_word' id='word_1_5' title='bbox 265 302 367 362; x_wconf 77' lang='grc' dir='ltr'><strong><em>ἅπερ</em></strong></span> <span class='ocrx_word' id='word_1_6' title='bbox 386 302 434 347; x_wconf 79' lang='grc' dir='ltr'><strong>τὸ</strong></span> <span class='ocrx_word' id='word_1_7' title='bbox 451 303 547 360; x_wconf 76' lang='grc' dir='ltr'><strong><em>πρὶν</em></strong></span> <span class='ocrx_word' id='word_1_8' title='bbox 572 298 773 360; x_wconf 76' lang='grc' dir='ltr'><strong><em>Θεόφιλος</em></strong></span> <span class='ocrx_word' id='word_1_9' title='bbox 788 299 971 358; x_wconf 79' lang='grc' dir='ltr'><strong><em>εἷ’ργαστο</em></strong></span> <span class='ocrx_word' id='word_1_10' title='bbox 991 301 1212 358; x_wconf 74' lang='grc' dir='ltr'><strong><em>φιλοτίμως</em></strong></span> 
     </span>
     <span class='ocr_line' id='line_1_4' title="bbox 267 367 1228 428; baseline -0.004 -13"><span class='ocrx_word' id='word_1_11' title='bbox 267 374 324 423; x_wconf 71' lang='grc' dir='ltr'><strong>εἰς</strong></span> <span class='ocrx_word' id='word_1_12' title='bbox 339 370 501 427; x_wconf 80' lang='grc' dir='ltr'><strong><em>λάλημα</em></strong></span> <span class='ocrx_word' id='word_1_13' title='bbox 519 371 795 428; x_wconf 82' lang='grc' dir='ltr'><strong><em>περίλαμπρον</em></strong></span> <span class='ocrx_word' id='word_1_14' title='bbox 811 367 979 424; x_wconf 76' lang='grc' dir='ltr'>ἐσόμενα</span> <span class='ocrx_word' id='word_1_15' title='bbox 995 368 1228 423; x_wconf 62' lang='grc' dir='ltr'><strong>ίΡωμαίοις,</strong></span> 
     </span>
     <span class='ocr_line' id='line_1_5' title="bbox 262 439 1149 500; baseline -0.003 -18"><span class='ocrx_word' id='word_1_16' title='bbox 262 441 411 500; x_wconf 72' lang='grc' dir='ltr'><strong><em>χωνείᾳ</em></strong></span> <span class='ocrx_word' id='word_1_17' title='bbox 433 440 693 496; x_wconf 79' lang='grc' dir='ltr'><strong><em>παρεδίδοντο</em></strong></span> <span class='ocrx_word' id='word_1_18' title='bbox 703 470 717 491; x_wconf 92' lang='grc'><strong><em>,</em></strong></span> <span class='ocrx_word' id='word_1_19' title='bbox 751 442 885 488; x_wconf 79' lang='grc' dir='ltr'><strong><em>κακῶς</em></strong></span> <span class='ocrx_word' id='word_1_20' title='bbox 907 439 1149 488; x_wconf 73' lang='grc' dir='ltr'><strong><em>ἓξεκενοῦντο</em></strong></span> 
     </span>
     <span class='ocr_line' id='line_1_6' title="bbox 266 503 1387 565; baseline 0.001 -15"><span class='ocrx_word' id='word_1_21' title='bbox 266 510 323 559; x_wconf 74' lang='grc' dir='ltr'><strong>εἷς</strong></span> <span class='ocrx_word' id='word_1_22' title='bbox 340 507 550 565; x_wconf 78' lang='grc' dir='ltr'><strong><em>μυσαροῦς</em></strong></span> <span class='ocrx_word' id='word_1_23' title='bbox 565 509 632 551; x_wconf 82' lang='grc' dir='ltr'><strong><em>καὶ</em></strong></span> <span class='ocrx_word' id='word_1_24' title='bbox 655 506 878 564; x_wconf 74' lang='grc' dir='ltr'><strong><em>βδελυροὺς</em></strong></span> <span class='ocrx_word' id='word_1_25' title='bbox 901 509 1084 561; x_wconf 81' lang='grc' dir='ltr'><strong><em>σωλῆνας</em></strong></span> <span class='ocrx_word' id='word_1_26' title='bbox 1101 503 1387 563; x_wconf 79' lang='grc' dir='ltr'><strong><em>πολυτρήτους.</em></strong></span> 
     </span>
     <span class='ocr_line' id='line_1_7' title="bbox 129 572 1255 633; baseline -0.003 -15"><span class='ocrx_word' id='word_1_27' title='bbox 129 574 242 620; x_wconf 80' lang='lat'>5080</span> <span class='ocrx_word' id='word_1_28' title='bbox 263 576 311 619; x_wconf 81' lang='grc' dir='ltr'><strong>οὗ</strong></span> <span class='ocrx_word' id='word_1_29' title='bbox 329 580 457 620; x_wconf 86' lang='grc' dir='ltr'><strong><em>ταῦτα</em></strong></span> <span class='ocrx_word' id='word_1_30' title='bbox 475 576 522 619; x_wconf 76' lang='grc' dir='ltr'><strong>δ’</strong></span> <span class='ocrx_word' id='word_1_31' title='bbox 542 574 565 618; x_wconf 80' lang='grc' dir='ltr'><strong>ὅ</strong></span> <span class='ocrx_word' id='word_1_32' title='bbox 583 574 790 633; x_wconf 83' lang='grc' dir='ltr'><strong><em>χοιρόβιος</em></strong></span> <span class='ocrx_word' id='word_1_33' title='bbox 806 573 1022 630; x_wconf 75' lang='grc' dir='ltr'><strong><em>τετόλμηκε</em></strong></span> <span class='ocrx_word' id='word_1_34' title='bbox 1049 575 1115 616; x_wconf 84' lang='grc' dir='ltr'><strong><em>καὶ</em></strong></span> <span class='ocrx_word' id='word_1_35' title='bbox 1135 572 1255 628; x_wconf 86' lang='grc' dir='ltr'><strong><em>μόνα,</em></strong></span> 
     </span>
     <span class='ocr_line' id='line_1_8' title="bbox 264 641 1215 702; baseline -0.002 -16"><span class='ocrx_word' id='word_1_36' title='bbox 264 644 359 686; x_wconf 70' lang='grc' dir='ltr'><strong><em>ἀλλ’</em></strong></span> <span class='ocrx_word' id='word_1_37' title='bbox 378 645 439 686; x_wconf 73' lang='grc' dir='ltr'><strong>ἐπὶ</strong></span> <span class='ocrx_word' id='word_1_38' title='bbox 459 646 623 701; x_wconf 76' lang='grc' dir='ltr'><strong><em>χείρονα</em></strong></span> <span class='ocrx_word' id='word_1_39' title='bbox 643 645 747 700; x_wconf 83' lang='grc' dir='ltr'><strong><em>ζωὴν</em></strong></span> <span class='ocrx_word' id='word_1_40' title='bbox 765 642 1001 702; x_wconf 81' lang='grc' dir='ltr'><strong><em>προκόπτων</em></strong></span> <span class='ocrx_word' id='word_1_41' title='bbox 1019 641 1215 700; x_wconf 78' lang='grc' dir='ltr'><strong>ὁσημέραι</strong></span> 
     </span>
     <span class='ocr_line' id='line_1_9' title="bbox 265 711 1197 768; baseline -0.002 -13"><span class='ocrx_word' id='word_1_42' title='bbox 265 711 476 768; x_wconf 69' lang='grc' dir='ltr'><strong><em>ἐλύπησεν</em></strong></span> <span class='ocrx_word' id='word_1_43' title='bbox 496 711 518 755; x_wconf 82' lang='grc' dir='ltr'><strong>ὅ</strong></span> <span class='ocrx_word' id='word_1_44' title='bbox 541 711 730 764; x_wconf 82' lang='grc' dir='ltr'><strong><em>κάκιστος</em></strong></span> <span class='ocrx_word' id='word_1_45' title='bbox 744 712 848 755; x_wconf 78' lang='grc' dir='ltr'><strong><em>κατὰ</em></strong></span> <span class='ocrx_word' id='word_1_46' title='bbox 863 716 943 756; x_wconf 74' lang='grc' dir='ltr'><strong>τῶν</strong></span> <span class='ocrx_word' id='word_1_47' title='bbox 965 712 1197 768; x_wconf 76' lang='grc' dir='ltr'><strong><em>μυστηρίων</em></strong></span> 
     </span>
     <span class='ocr_line' id='line_1_10' title="bbox 265 780 1210 839; baseline -0.002 -15"><span class='ocrx_word' id='word_1_48' title='bbox 265 785 347 824; x_wconf 80' lang='grc' dir='ltr'><strong>τῶν</strong></span> <span class='ocrx_word' id='word_1_49' title='bbox 367 782 484 838; x_wconf 72' lang='grc' dir='ltr'><strong><em>ἓερῶν</em></strong></span> <span class='ocrx_word' id='word_1_50' title='bbox 504 783 570 824; x_wconf 82' lang='grc' dir='ltr'><strong><em>καὶ</em></strong></span> <span class='ocrx_word' id='word_1_51' title='bbox 588 784 776 839; x_wconf 74' lang='grc' dir='ltr'><strong><em>Σεραφῗμ</em></strong></span> <span class='ocrx_word' id='word_1_52' title='bbox 798 781 934 832; x_wconf 81' lang='grc' dir='ltr'><strong><em>αὖτοΐς</em></strong></span> <span class='ocrx_word' id='word_1_53' title='bbox 954 780 1210 832; x_wconf 78' lang='grc' dir='ltr'><strong><em>ἅξιοσέπτων,</em></strong></span> 
     </span>
     <span class='ocr_line' id='line_1_11' title="bbox 267 839 1639 906; baseline -0.001 -15"><span class='ocrx_word' id='word_1_54' title='bbox 267 850 334 892; x_wconf 81' lang='grc' dir='ltr'><strong><em>καὶ</em></strong></span> <span class='ocrx_word' id='word_1_55' title='bbox 354 851 489 905; x_wconf 86' lang='grc' dir='ltr'><strong><em>σίνηπι</em></strong></span> <span class='ocrx_word' id='word_1_56' title='bbox 511 849 762 906; x_wconf 79' lang='grc' dir='ltr'><strong><em>ὃριμύχυμον</em></strong></span> <span class='ocrx_word' id='word_1_57' title='bbox 780 850 924 906; x_wconf 65' lang='grc' dir='ltr'><strong><em>ἐγχέων</em></strong></span> <span class='ocrx_word' id='word_1_58' title='bbox 946 851 1002 900; x_wconf 76' lang='grc' dir='ltr'><strong>εἷς</strong></span> <span class='ocrx_word' id='word_1_59' title='bbox 1021 853 1207 906; x_wconf 76' lang='grc' dir='ltr'><strong><em>κρατῆρα</em></strong></span> <span class='ocrx_word' id='word_1_60' title='bbox 1608 839 1639 874; x_wconf 76' lang='lat' dir='ltr'>D</span> 
     </span>
     <span class='ocr_line' id='line_1_12' title="bbox 131 915 1276 976; baseline -0.001 -17"><span class='ocrx_word' id='word_1_61' title='bbox 131 916 242 960; x_wconf 86' lang='grc'>5085</span> <span class='ocrx_word' id='word_1_62' title='bbox 262 917 335 973; x_wconf 80' lang='grc' dir='ltr'><strong>τὴν</strong></span> <span class='ocrx_word' id='word_1_63' title='bbox 360 915 560 974; x_wconf 69' lang='grc' dir='ltr'><strong><em>ἃγιστείαν</em></strong></span> <span class='ocrx_word' id='word_1_64' title='bbox 577 919 651 974; x_wconf 85' lang='grc' dir='ltr'><strong>τὴν</strong></span> <span class='ocrx_word' id='word_1_65' title='bbox 675 919 851 976; x_wconf 77' lang='grc' dir='ltr'><strong><em>φρικτὴν</em></strong></span> <span class='ocrx_word' id='word_1_66' title='bbox 874 919 1000 974; x_wconf 74' lang='grc' dir='ltr'><strong><em>δῆθεν</em></strong></span> <span class='ocrx_word' id='word_1_67' title='bbox 1019 915 1276 973; x_wconf 76' lang='grc' dir='ltr'><strong><em>ἕτελετάρχει,</em></strong></span> 
     </span>
     <span class='ocr_line' id='line_1_13' title="bbox 264 978 1466 1045; baseline -0.006 -17"><span class='ocrx_word' id='word_1_68' title='bbox 264 987 436 1039; x_wconf 78' lang='grc' dir='ltr'><strong><em>παίζων,</em></strong></span> <span class='ocrx_word' id='word_1_69' title='bbox 471 988 617 1045; x_wconf 78' lang='grc' dir='ltr'><strong><em>φασίν,</em></strong></span> <span class='ocrx_word' id='word_1_70' title='bbox 651 988 692 1029; x_wconf 75' lang='grc' dir='ltr'><strong>ἓν</strong></span> <span class='ocrx_word' id='word_1_71' title='bbox 715 987 762 1029; x_wconf 80' lang='grc' dir='ltr'><strong>οὗ</strong></span> <span class='ocrx_word' id='word_1_72' title='bbox 779 993 982 1038; x_wconf 87' lang='grc' dir='ltr'><strong><em>παικτοΐς,</em></strong></span> <span class='ocrx_word' id='word_1_73' title='bbox 1015 990 1141 1042; x_wconf 82' lang='grc' dir='ltr'><strong><em>γελῶν</em></strong></span> <span class='ocrx_word' id='word_1_74' title='bbox 1164 986 1205 1027; x_wconf 74' lang='grc' dir='ltr'><strong>ἐν</strong></span> <span class='ocrx_word' id='word_1_75' title='bbox 1222 978 1466 1040; x_wconf 76' lang='grc' dir='ltr'><strong><em>ἀγελάστοις.</em></strong></span> 
     </span>
     <span class='ocr_line' id='line_1_14' title="bbox 326 1053 1270 1112; baseline -0.003 -14"><span class='ocrx_word' id='word_1_76' title='bbox 326 1054 446 1098; x_wconf 71' lang='grc' dir='ltr'><strong><em>Οὕτω</em></strong></span> <span class='ocrx_word' id='word_1_77' title='bbox 462 1060 632 1110; x_wconf 82' lang='grc' dir='ltr'><strong><em>βιοῦντα</em></strong></span> <span class='ocrx_word' id='word_1_78' title='bbox 650 1055 826 1111; x_wconf 83' lang='grc' dir='ltr'><strong><em>Μιχαὴλ</em></strong></span> <span class='ocrx_word' id='word_1_79' title='bbox 844 1053 871 1110; x_wconf 77' lang='grc' dir='ltr'><em>ἢ</em></span> <span class='ocrx_word' id='word_1_80' title='bbox 890 1053 1024 1112; x_wconf 78' lang='grc' dir='ltr'><strong><em>μήτηρ</em></strong></span> <span class='ocrx_word' id='word_1_81' title='bbox 1045 1058 1270 1110; x_wconf 77' lang='grc' dir='ltr'><strong><em>καθορῶσα</em></strong></span> 
     </span>
     <span class='ocr_line' id='line_1_15' title="bbox 262 1121 1260 1181; baseline -0.002 -16"><span class='ocrx_word' id='word_1_82' title='bbox 262 1124 332 1165; x_wconf 83' lang='grc' dir='ltr'><strong><em>καὶ</em></strong></span> <span class='ocrx_word' id='word_1_83' title='bbox 352 1124 533 1180; x_wconf 80' lang='grc' dir='ltr'><strong><em>παίγνιον</em></strong></span> <span class='ocrx_word' id='word_1_84' title='bbox 549 1122 754 1181; x_wconf 77' lang='grc' dir='ltr'><strong><em>γινόμενον</em></strong></span> <span class='ocrx_word' id='word_1_85' title='bbox 771 1124 841 1167; x_wconf 82' lang='grc' dir='ltr'><strong>τὸν</strong></span> <span class='ocrx_word' id='word_1_86' title='bbox 860 1122 1040 1181; x_wconf 81' lang='grc' dir='ltr'><strong><em>κράτορα</em></strong></span> <span class='ocrx_word' id='word_1_87' title='bbox 1051 1121 1260 1178; x_wconf 86' lang='grc' dir='ltr'><strong><em>Ῥωμαίων</em></strong></span> 
     </span>
     <span class='ocr_line' id='line_1_16' title="bbox 262 1190 1317 1250; baseline -0.001 -17"><span class='ocrx_word' id='word_1_88' title='bbox 262 1190 315 1233; x_wconf 77' lang='grc' dir='ltr'><strong>τὰ</strong></span> <span class='ocrx_word' id='word_1_89' title='bbox 335 1190 541 1248; x_wconf 85' lang='grc' dir='ltr'><strong><em>σπλάγχνα</em></strong></span> <span class='ocrx_word' id='word_1_90' title='bbox 562 1193 846 1250; x_wconf 77' lang='grc' dir='ltr'><strong><em>συνεστρέφετο</em></strong></span> <span class='ocrx_word' id='word_1_91' title='bbox 854 1224 868 1245; x_wconf 92' lang='grc'><strong><em>,</em></strong></span> <span class='ocrx_word' id='word_1_92' title='bbox 899 1192 1040 1247; x_wconf 81' lang='grc' dir='ltr'><strong><em>ψυχὴν</em></strong></span> <span class='ocrx_word' id='word_1_93' title='bbox 1059 1193 1317 1243; x_wconf 73' lang='grc' dir='ltr'><strong><em>συνεδονεΐτο,</em></strong></span> 
     </span>
     <span class='ocr_line' id='line_1_17' title="bbox 130 1255 1176 1319; baseline 0.003 -20"><span class='ocrx_word' id='word_1_94' title='bbox 130 1255 244 1300; x_wconf 86' lang='grc'>5090</span> <span class='ocrx_word' id='word_1_95' title='bbox 265 1261 333 1302; x_wconf 80' lang='grc' dir='ltr'><strong><em>καὶ</em></strong></span> <span class='ocrx_word' id='word_1_96' title='bbox 354 1259 489 1316; x_wconf 86' lang='grc' dir='ltr'><strong><em>λόγοις</em></strong></span> <span class='ocrx_word' id='word_1_97' title='bbox 507 1260 769 1319; x_wconf 74' lang='grc' dir='ltr'><strong><em>ἔσωφρόνιζεν</em></strong></span> <span class='ocrx_word' id='word_1_98' title='bbox 787 1260 975 1319; x_wconf 72' lang='grc' dir='ltr'><strong><em>ἓρύθμιζε</em></strong></span> <span class='ocrx_word' id='word_1_99' title='bbox 995 1259 1176 1318; x_wconf 82' lang='grc' dir='ltr'><strong><em>παρῄνει,</em></strong></span> 
     </span>
     <span class='ocr_line' id='line_1_18' title="bbox 264 1328 1263 1387; baseline 0 -17"><span class='ocrx_word' id='word_1_100' title='bbox 264 1328 569 1384; x_wconf 74' lang='grc' dir='ltr'><strong><em>βδελυροτήτων</em></strong></span> <span class='ocrx_word' id='word_1_101' title='bbox 585 1333 864 1387; x_wconf 75' lang='grc' dir='ltr'><strong><em>αἶσχρουργῶν</em></strong></span> <span class='ocrx_word' id='word_1_102' title='bbox 883 1328 1048 1385; x_wconf 73' lang='grc' dir='ltr'><strong><em>ἀπάγειν</em></strong></span> <span class='ocrx_word' id='word_1_103' title='bbox 1066 1331 1263 1385; x_wconf 72' lang='grc' dir='ltr'><strong><em>ἐπειρᾶτο.</em></strong></span> 
     </span>
     <span class='ocr_line' id='line_1_19' title="bbox 267 1391 1273 1455; baseline 0.001 -18"><span class='ocrx_word' id='word_1_104' title='bbox 267 1395 362 1438; x_wconf 79' lang='grc' dir='ltr'><strong><em>ἀλλ’</em></strong></span> <span class='ocrx_word' id='word_1_105' title='bbox 381 1391 432 1451; x_wconf 77' lang='grc' dir='ltr'><strong>ἦν</strong></span> <span class='ocrx_word' id='word_1_106' title='bbox 446 1397 492 1440; x_wconf 84' lang='grc' dir='ltr'><strong>τὸ</strong></span> <span class='ocrx_word' id='word_1_107' title='bbox 514 1397 566 1453; x_wconf 79' lang='grc' dir='ltr'><strong>δὴ</strong></span> <span class='ocrx_word' id='word_1_108' title='bbox 586 1397 795 1454; x_wconf 81' lang='grc' dir='ltr'><strong><em>λεγόμενον</em></strong></span> <span class='ocrx_word' id='word_1_109' title='bbox 814 1402 942 1455; x_wconf 80' lang='grc' dir='ltr'><strong><em>νεκρῷ</em></strong></span> <span class='ocrx_word' id='word_1_110' title='bbox 955 1401 1273 1454; x_wconf 81' lang='grc' dir='ltr'><strong><em>προσομιλοῦσα,</em></strong></span> 
     </span>
     <span class='ocr_line' id='line_1_20' title="bbox 266 1463 1283 1521; baseline 0.001 -16"><span class='ocrx_word' id='word_1_111' title='bbox 266 1463 378 1520; x_wconf 80' lang='grc' dir='ltr'><strong><em>παρὰ</em></strong></span> <span class='ocrx_word' id='word_1_112' title='bbox 394 1469 522 1520; x_wconf 73' lang='grc' dir='ltr'><strong><em>κωφῷ</em></strong></span> <span class='ocrx_word' id='word_1_113' title='bbox 538 1464 807 1517; x_wconf 81' lang='grc' dir='ltr'><strong><em>ψαλάττουσα</em></strong></span> <span class='ocrx_word' id='word_1_114' title='bbox 822 1465 919 1514; x_wconf 72' lang='grc' dir='ltr'><strong><em>τοὺς</em></strong></span> <span class='ocrx_word' id='word_1_115' title='bbox 939 1466 1283 1521; x_wconf 83' lang='grc' dir='ltr'><strong><em>παραινετηριόυς.</em></strong></span> 
     </span>
     <span class='ocr_line' id='line_1_21' title="bbox 245 1525 1331 1591; baseline 0.002 -19"><span class='ocrx_word' id='word_1_116' title='bbox 245 1525 318 1586; x_wconf 79' lang='grc' dir='ltr'><strong><em>,ἦν</em></strong></span> <span class='ocrx_word' id='word_1_117' title='bbox 341 1532 385 1573; x_wconf 78' lang='grc' dir='ltr'><strong>δὲ</strong></span> <span class='ocrx_word' id='word_1_118' title='bbox 401 1530 687 1589; x_wconf 75' lang='grc' dir='ltr'><strong><em>μητράδελφος</em></strong></span> <span class='ocrx_word' id='word_1_119' title='bbox 713 1532 826 1591; x_wconf 71' lang='grc' dir='ltr'><strong><em>αὐτῷ</em></strong></span> <span class='ocrx_word' id='word_1_120' title='bbox 848 1531 1018 1588; x_wconf 77' lang='grc' dir='ltr'><strong><em>Βάρὸας</em></strong></span> <span class='ocrx_word' id='word_1_121' title='bbox 1035 1532 1331 1586; x_wconf 75' lang='grc' dir='ltr'><strong><em>ὠνομασμένος,</em></strong></span> 
     </span>
     <span class='ocr_line' id='line_1_22' title="bbox 131 1596 1404 1657; baseline 0.002 -18"><span class='ocrx_word' id='word_1_122' title='bbox 131 1596 242 1652; x_wconf 82' lang='grc'>6095</span> <span class='ocrx_word' id='word_1_123' title='bbox 265 1598 804 1656; x_wconf 65' lang='grc' dir='ltr'><strong><em>ἄνθρωπος’κακομήχανος,</em></strong></span> <span class='ocrx_word' id='word_1_124' title='bbox 840 1600 947 1656; x_wconf 76' lang='grc' dir='ltr'><strong><em>ἄγων</em></strong></span> <span class='ocrx_word' id='word_1_125' title='bbox 966 1602 1033 1642; x_wconf 79' lang='grc' dir='ltr'><strong><em>καὶ</em></strong></span> <span class='ocrx_word' id='word_1_126' title='bbox 1053 1602 1236 1657; x_wconf 73' lang='grc' dir='ltr'><strong><em>στρέφων</em></strong></span> <span class='ocrx_word' id='word_1_127' title='bbox 1259 1599 1404 1651; x_wconf 78' lang='grc' dir='ltr'><strong><em>πάντα,</em></strong></span> 
     </span>
     <span class='ocr_line' id='line_1_23' title="bbox 269 1662 1739 1724; baseline 0.002 -14"><span class='ocrx_word' id='word_1_128' title='bbox 269 1666 315 1718; x_wconf 76' lang='grc' dir='ltr'><strong>ὃς</strong></span> <span class='ocrx_word' id='word_1_129' title='bbox 336 1665 526 1710; x_wconf 71' lang='grc' dir='ltr'><strong><em>ὑπελθών</em></strong></span> <span class='ocrx_word' id='word_1_130' title='bbox 542 1667 612 1710; x_wconf 81' lang='grc' dir='ltr'><strong>τὸν</strong></span> <span class='ocrx_word' id='word_1_131' title='bbox 629 1668 804 1723; x_wconf 82' lang='grc' dir='ltr'><strong><em>Μιχαὴλ</em></strong></span> <span class='ocrx_word' id='word_1_132' title='bbox 827 1667 882 1719; x_wconf 79' lang='grc' dir='ltr'><strong>ὡς</strong></span> <span class='ocrx_word' id='word_1_133' title='bbox 903 1662 1062 1724; x_wconf 77' lang='grc' dir='ltr'><strong><em>σκώληξ</em></strong></span> <span class='ocrx_word' id='word_1_134' title='bbox 1084 1669 1208 1724; x_wconf 77' lang='grc' dir='ltr'><strong><em>γλυκὺ</em></strong></span> <span class='ocrx_word' id='word_1_135' title='bbox 1232 1667 1365 1720; x_wconf 79' lang='grc' dir='ltr'><strong><em>ξύλον,</em></strong></span> <span class='ocrx_word' id='word_1_136' title='bbox 1619 1679 1649 1713; x_wconf 89' lang='grc' dir='ltr'><strong>Ρ</strong></span> <span class='ocrx_word' id='word_1_137' title='bbox 1674 1680 1739 1717; x_wconf 84' lang='grc'><strong>104</strong></span> 
     </span>
     <span class='ocr_line' id='line_1_24' title="bbox 260 1734 1350 1794; baseline 0.002 -17"><span class='ocrx_word' id='word_1_138' title='bbox 260 1734 518 1794; x_wconf 73' lang='grc' dir='ltr'><strong><em>καταφαγών</em></strong></span> <span class='ocrx_word' id='word_1_139' title='bbox 532 1754 574 1779; x_wconf 80' lang='grc' dir='ltr'><strong>τε</strong></span> <span class='ocrx_word' id='word_1_140' title='bbox 594 1736 667 1792; x_wconf 75' lang='grc' dir='ltr'><strong>τὴν</strong></span> <span class='ocrx_word' id='word_1_141' title='bbox 690 1737 817 1780; x_wconf 80' lang='grc' dir='ltr'><strong><em>αὐτοῦ</em></strong></span> <span class='ocrx_word' id='word_1_142' title='bbox 838 1739 1007 1793; x_wconf 80' lang='grc' dir='ltr'><strong><em>καρδίαν</em></strong></span> <span class='ocrx_word' id='word_1_143' title='bbox 1029 1739 1096 1779; x_wconf 85' lang='grc' dir='ltr'><strong><em>καὶ</em></strong></span> <span class='ocrx_word' id='word_1_144' title='bbox 1118 1736 1350 1792; x_wconf 76' lang='grc' dir='ltr'><strong><em>συσσήψας,</em></strong></span> 
     </span>
     <span class='ocr_line' id='line_1_25' title="bbox 269 1804 1237 1862; baseline 0.002 -17"><span class='ocrx_word' id='word_1_145' title='bbox 269 1806 399 1847; x_wconf 75' lang='grc' dir='ltr'><strong><em>πείθει</em></strong></span> <span class='ocrx_word' id='word_1_146' title='bbox 417 1804 491 1861; x_wconf 83' lang='grc' dir='ltr'><strong>τὴν</strong></span> <span class='ocrx_word' id='word_1_147' title='bbox 506 1805 579 1859; x_wconf 72' lang='grc' dir='ltr'><strong>μὲν</strong></span> <span class='ocrx_word' id='word_1_148' title='bbox 594 1807 837 1860; x_wconf 79' lang='grc' dir='ltr'><strong><em>βασίλισσαν</em></strong></span> <span class='ocrx_word' id='word_1_149' title='bbox 853 1805 993 1849; x_wconf 72' lang='grc' dir='ltr'><strong><em>ἐλάσαι</em></strong></span> <span class='ocrx_word' id='word_1_150' title='bbox 1018 1805 1237 1862; x_wconf 78' lang='grc' dir='ltr'><strong><em>Θεοὸιῦραν</em></strong></span> 
     </span>
     <span class='ocr_line' id='line_1_26' title="bbox 268 1873 1373 1928; baseline 0.001 -14"><span class='ocrx_word' id='word_1_151' title='bbox 268 1874 334 1914; x_wconf 82' lang='grc' dir='ltr'><strong><em>καὶ</em></strong></span> <span class='ocrx_word' id='word_1_152' title='bbox 352 1875 425 1927; x_wconf 84' lang='grc' dir='ltr'><strong>τὴν</strong></span> <span class='ocrx_word' id='word_1_153' title='bbox 438 1878 631 1916; x_wconf 71' lang='grc' dir='ltr'><strong><em>τεκοῦσαν</em></strong></span> <span class='ocrx_word' id='word_1_154' title='bbox 651 1873 850 1918; x_wconf 67' lang='grc' dir='ltr'><strong><em>ἴκπτωτον</em></strong></span> <span class='ocrx_word' id='word_1_155' title='bbox 866 1875 1023 1917; x_wconf 74' lang='grc' dir='ltr'><strong><em>θέσθαι</em></strong></span> <span class='ocrx_word' id='word_1_156' title='bbox 1043 1879 1124 1917; x_wconf 84' lang='grc' dir='ltr'><strong>τῶν</strong></span> <span class='ocrx_word' id='word_1_157' title='bbox 1143 1874 1373 1928; x_wconf 72' lang='grc' dir='ltr'><strong><em>βασιλείων,</em></strong></span> 
     </span>
     <span class='ocr_line' id='line_1_27' title="bbox 132 1939 1290 2000; baseline 0.002 -18"><span class='ocrx_word' id='word_1_158' title='bbox 132 1939 246 1983; x_wconf 81' lang='lat'>5100</span> <span class='ocrx_word' id='word_1_159' title='bbox 269 1940 456 2000; x_wconf 76' lang='grc' dir='ltr'><strong><em>στεφάνῳ</em></strong></span> <span class='ocrx_word' id='word_1_160' title='bbox 482 1943 525 1984; x_wconf 80' lang='grc' dir='ltr'><strong>δὲ</strong></span> <span class='ocrx_word' id='word_1_161' title='bbox 546 1947 618 1985; x_wconf 86' lang='grc' dir='ltr'><strong>τοῦ</strong></span> <span class='ocrx_word' id='word_1_162' title='bbox 632 1943 845 2000; x_wconf 85' lang='grc' dir='ltr'><strong><em>Καίσαρος</em></strong></span> <span class='ocrx_word' id='word_1_163' title='bbox 867 1943 990 1986; x_wconf 80' lang='grc' dir='ltr'><strong><em>αὐτὸν</em></strong></span> <span class='ocrx_word' id='word_1_164' title='bbox 1008 1945 1290 1998; x_wconf 72' lang='grc' dir='ltr'><strong><em>καταγλαῖσαι.</em></strong></span> 
     </span>
    </p>
   </div>
   <div class='ocr_carea' id='block_1_4' title="bbox 223 2034 1592 2130">
    <p class='ocr_par' dir='ltr' id='par_1_4' title="bbox 223 2034 1592 2130">
     <span class='ocr_line' id='line_1_28' title="bbox 223 2034 1592 2082; baseline 0 -11"><span class='ocrx_word' id='word_1_165' title='bbox 223 2034 316 2071; x_wconf 86' lang='grc'>5086</span> <span class='ocrx_word' id='word_1_166' title='bbox 337 2034 449 2081; x_wconf 74' lang='grc' dir='ltr'><strong><em>φησὶν</em></strong></span> <span class='ocrx_word' id='word_1_167' title='bbox 478 2036 548 2071; x_wconf 87' lang='grc' dir='ltr'><strong>ΑΜ</strong></span> <span class='ocrx_word' id='word_1_168' title='bbox 730 2038 821 2073; x_wconf 88' lang='grc'>5088</span> <span class='ocrx_word' id='word_1_169' title='bbox 842 2035 1038 2082; x_wconf 77' lang='grc' dir='ltr'><strong><em>γενόμενον</em></strong></span> <span class='ocrx_word' id='word_1_170' title='bbox 1062 2037 1128 2074; x_wconf 90' lang='lat' dir='ltr'><strong>AR</strong></span> <span class='ocrx_word' id='word_1_171' title='bbox 1307 2036 1400 2072; x_wconf 84' lang='lat'><strong>5089</strong></span> <span class='ocrx_word' id='word_1_172' title='bbox 1427 2034 1527 2082; x_wconf 78' lang='grc' dir='ltr'><strong><em>ψυχὴ</em></strong></span> <span class='ocrx_word' id='word_1_173' title='bbox 1552 2036 1592 2071; x_wconf 91' lang='grc' dir='ltr'><strong>Μ</strong></span> 
     </span>
     <span class='ocr_line' id='line_1_29' title="bbox 225 2082 974 2130; baseline 0.004 -14"><span class='ocrx_word' id='word_1_174' title='bbox 225 2082 317 2117; x_wconf 83' lang='grc'>5096</span> <span class='ocrx_word' id='word_1_175' title='bbox 336 2083 388 2130; x_wconf 77' lang='grc' dir='ltr'><strong>τῷ</strong></span> <span class='ocrx_word' id='word_1_176' title='bbox 412 2082 556 2128; x_wconf 85' lang='grc' dir='ltr'><strong><em>βασιλεῖ</em></strong></span> <span class='ocrx_word' id='word_1_177' title='bbox 575 2083 615 2118; x_wconf 94' lang='grc' dir='ltr'><strong>Μ</strong></span> <span class='ocrx_word' id='word_1_178' title='bbox 704 2083 912 2130; x_wconf 77' lang='grc' dir='ltr'><strong><em>γλυκυξύλῳ</em></strong></span> <span class='ocrx_word' id='word_1_179' title='bbox 935 2084 974 2119; x_wconf 92' lang='grc' dir='ltr'><strong>Μ</strong></span> 
     </span>
    </p>
   </div>
   <div class='ocr_carea' id='block_1_5' title="bbox 134 2158 1600 2895">
    <p class='ocr_par' dir='ltr' id='par_1_5' title="bbox 134 2158 1600 2895">
     <span class='ocr_line' id='line_1_30' title="bbox 134 2158 1593 2209; baseline 0.001 -16"><span class='ocrx_word' id='word_1_180' title='bbox 134 2158 214 2194; x_wconf 79' lang='lat' dir='ltr'><strong>aula</strong></span> <span class='ocrx_word' id='word_1_181' title='bbox 231 2159 460 2207; x_wconf 73' lang='lat' dir='ltr'><strong>splendebant</strong></span> <span class='ocrx_word' id='word_1_182' title='bbox 477 2165 515 2197; x_wconf 88' lang='lat' dir='ltr'><strong>et</strong></span> <span class='ocrx_word' id='word_1_183' title='bbox 531 2173 553 2196; x_wconf 86' lang='lat' dir='ltr'><strong>a</strong></span> <span class='ocrx_word' id='word_1_184' title='bbox 578 2162 777 2209; x_wconf 89' lang='lat' dir='ltr'><strong>Theophilo</strong></span> <span class='ocrx_word' id='word_1_185' title='bbox 798 2162 981 2208; x_wconf 82' lang='lat' dir='ltr'><strong>magnifice</strong></span> <span class='ocrx_word' id='word_1_186' title='bbox 1011 2163 1151 2196; x_wconf 84' lang='lat' dir='ltr'><strong>fuerant</strong></span> <span class='ocrx_word' id='word_1_187' title='bbox 1171 2161 1214 2196; x_wconf 86' lang='lat' dir='ltr'><strong>ad</strong></span> <span class='ocrx_word' id='word_1_188' title='bbox 1235 2160 1501 2196; x_wconf 76' lang='lat' dir='ltr'><strong>celebrationem</strong></span> <span class='ocrx_word' id='word_1_189' title='bbox 1520 2161 1593 2196; x_wconf 87' lang='lat' dir='ltr'><strong>Ro-</strong></span> 
     </span>
     <span class='ocr_line' id='line_1_31' title="bbox 134 2205 1595 2253; baseline 0 -13"><span class='ocrx_word' id='word_1_190' title='bbox 134 2205 228 2240; x_wconf 79' lang='lat' dir='ltr'><strong>mani</strong></span> <span class='ocrx_word' id='word_1_191' title='bbox 259 2207 406 2242; x_wconf 79' lang='lat' dir='ltr'><strong>nominis</strong></span> <span class='ocrx_word' id='word_1_192' title='bbox 433 2209 613 2253; x_wconf 83' lang='lat' dir='ltr'><strong>confecta,</strong></span> <span class='ocrx_word' id='word_1_193' title='bbox 643 2209 780 2244; x_wconf 82' lang='lat' dir='ltr'><strong>fornaci</strong></span> <span class='ocrx_word' id='word_1_194' title='bbox 812 2208 1037 2243; x_wconf 86' lang='lat' dir='ltr'><strong>conflatoriae</strong></span> <span class='ocrx_word' id='word_1_195' title='bbox 1058 2209 1287 2242; x_wconf 79' lang='lat' dir='ltr'>tradebantur</span> <span class='ocrx_word' id='word_1_196' title='bbox 1310 2212 1347 2241; x_wconf 86' lang='lat' dir='ltr'><strong>et</strong></span> <span class='ocrx_word' id='word_1_197' title='bbox 1367 2206 1536 2241; x_wconf 87' lang='lat' dir='ltr'><strong>scelerate</strong></span> <span class='ocrx_word' id='word_1_198' title='bbox 1558 2207 1595 2241; x_wconf 92' lang='lat' dir='ltr'><strong>in</strong></span> 
     </span>
     <span class='ocr_line' id='line_1_32' title="bbox 135 2252 1596 2300; baseline 0.001 -14"><span class='ocrx_word' id='word_1_199' title='bbox 135 2252 382 2291; x_wconf 67' lang='lat' dir='ltr'><strong>exsecrabiles,</strong></span> <span class='ocrx_word' id='word_1_200' title='bbox 406 2255 547 2288; x_wconf 86' lang='lat' dir='ltr'><strong>uosdam</strong></span> <span class='ocrx_word' id='word_1_201' title='bbox 564 2255 664 2300; x_wconf 85' lang='lat' dir='ltr'><strong>quasi</strong></span> <span class='ocrx_word' id='word_1_202' title='bbox 682 2257 785 2290; x_wconf 82' lang='lat' dir='ltr'><strong>tubos</strong></span> <span class='ocrx_word' id='word_1_203' title='bbox 802 2256 1072 2289; x_wconf 79' lang='lat' dir='ltr'><strong>evacuabantur.</strong></span> <span class='ocrx_word' id='word_1_204' title='bbox 1111 2265 1225 2300; x_wconf 92' lang='lat' dir='ltr'><strong>neque</strong></span> <span class='ocrx_word' id='word_1_205' title='bbox 1240 2258 1372 2287; x_wconf 82' lang='lat' dir='ltr'><strong>tantum</strong></span> <span class='ocrx_word' id='word_1_206' title='bbox 1385 2253 1474 2286; x_wconf 85' lang='lat' dir='ltr'><strong>haec</strong></span> <span class='ocrx_word' id='word_1_207' title='bbox 1492 2265 1596 2287; x_wconf 84' lang='lat' dir='ltr'><strong>ausus</strong></span> 
     </span>
     <span class='ocr_line' id='line_1_33' title="bbox 136 2297 1599 2346; baseline 0 -14"><span class='ocrx_word' id='word_1_208' title='bbox 136 2303 193 2332; x_wconf 72' lang='lat' dir='ltr'><strong>ent</strong></span> <span class='ocrx_word' id='word_1_209' title='bbox 211 2297 365 2333; x_wconf 72' lang='lat' dir='ltr'><strong>imitator</strong></span> <span class='ocrx_word' id='word_1_210' title='bbox 427 2311 446 2333; x_wconf 90' lang='lat' dir='ltr'><strong>e</strong></span> <span class='ocrx_word' id='word_1_211' title='bbox 465 2300 560 2335; x_wconf 83' lang='lat' dir='ltr'><strong>vitae</strong></span> <span class='ocrx_word' id='word_1_212' title='bbox 580 2301 746 2346; x_wconf 80' lang='lat' dir='ltr'><strong>porcinae</strong></span> <span class='ocrx_word' id='word_1_213' title='bbox 761 2301 959 2346; x_wconf 82' lang='lat' dir='ltr'><strong>designare,</strong></span> <span class='ocrx_word' id='word_1_214' title='bbox 984 2302 1047 2335; x_wconf 86' lang='lat' dir='ltr'><strong>sed</strong></span> <span class='ocrx_word' id='word_1_215' title='bbox 1066 2299 1169 2335; x_wconf 83' lang='lat' dir='ltr'><strong>etiam</strong></span> <span class='ocrx_word' id='word_1_216' title='bbox 1182 2299 1339 2345; x_wconf 87' lang='lat' dir='ltr'><strong>quotidie</strong></span> <span class='ocrx_word' id='word_1_217' title='bbox 1359 2300 1537 2344; x_wconf 82' lang='lat' dir='ltr'><strong>profectus</strong></span> <span class='ocrx_word' id='word_1_218' title='bbox 1561 2299 1599 2333; x_wconf 90' lang='lat' dir='ltr'><strong>in</strong></span> 
     </span>
     <span class='ocr_line' id='line_1_34' title="bbox 135 2342 1598 2392; baseline 0.001 -15"><span class='ocrx_word' id='word_1_219' title='bbox 135 2342 350 2389; x_wconf 81' lang='lat' dir='ltr'><strong>turpitudine</strong></span> <span class='ocrx_word' id='word_1_220' title='bbox 373 2347 539 2392; x_wconf 76' lang='lat' dir='ltr'><strong>quosdam</strong></span> <span class='ocrx_word' id='word_1_221' title='bbox 550 2346 682 2382; x_wconf 85' lang='lat' dir='ltr'><strong>faciens</strong></span> <span class='ocrx_word' id='word_1_222' title='bbox 701 2348 867 2382; x_wconf 87' lang='lat' dir='ltr'><strong>adversus</strong></span> <span class='ocrx_word' id='word_1_223' title='bbox 887 2351 1108 2381; x_wconf 82' lang='lat' dir='ltr'><strong>sacrosancta</strong></span> <span class='ocrx_word' id='word_1_224' title='bbox 1129 2345 1309 2390; x_wconf 85' lang='lat' dir='ltr'><strong>mysteria,</strong></span> <span class='ocrx_word' id='word_1_225' title='bbox 1329 2345 1497 2390; x_wconf 86' lang='lat' dir='ltr'><strong>Seraphis</strong></span> <span class='ocrx_word' id='word_1_226' title='bbox 1510 2345 1598 2391; x_wconf 85' lang='lat' dir='ltr'><strong>ipsis</strong></span> 
     </span>
     <span class='ocr_line' id='line_1_35' title="bbox 135 2390 1598 2438; baseline 0.001 -15"><span class='ocrx_word' id='word_1_227' title='bbox 135 2390 369 2436; x_wconf 67' lang='lat' dir='ltr'><strong>venerabilia,</strong></span> <span class='ocrx_word' id='word_1_228' title='bbox 391 2391 448 2426; x_wconf 82' lang='lat' dir='ltr'><strong>vir</strong></span> <span class='ocrx_word' id='word_1_229' title='bbox 466 2392 697 2438; x_wconf 86' lang='lat' dir='ltr'><strong>nequissimus</strong></span> <span class='ocrx_word' id='word_1_230' title='bbox 719 2393 1011 2428; x_wconf 80' lang='lat' dir='ltr'><strong>debacchabatur.</strong></span> <span class='ocrx_word' id='word_1_231' title='bbox 1038 2392 1168 2438; x_wconf 87' lang='lat' dir='ltr'><strong>quippe</strong></span> <span class='ocrx_word' id='word_1_232' title='bbox 1192 2402 1305 2425; x_wconf 85' lang='lat' dir='ltr'><strong>acrem</strong></span> <span class='ocrx_word' id='word_1_233' title='bbox 1321 2390 1436 2436; x_wconf 83' lang='lat' dir='ltr'><strong>sinapi</strong></span> <span class='ocrx_word' id='word_1_234' title='bbox 1460 2402 1598 2425; x_wconf 82' lang='lat' dir='ltr'><strong>succum</strong></span> 
     </span>
     <span class='ocr_line' id='line_1_36' title="bbox 135 2434 1600 2484; baseline 0.001 -15"><span class='ocrx_word' id='word_1_235' title='bbox 135 2434 174 2469; x_wconf 90' lang='lat' dir='ltr'><strong>in</strong></span> <span class='ocrx_word' id='word_1_236' title='bbox 193 2441 360 2471; x_wconf 77' lang='lat' dir='ltr'><strong>craterem</strong></span> <span class='ocrx_word' id='word_1_237' title='bbox 371 2437 519 2473; x_wconf 79' lang='lat' dir='ltr'><strong>fundens</strong></span> <span class='ocrx_word' id='word_1_238' title='bbox 536 2450 670 2473; x_wconf 85' lang='lat' dir='ltr'><strong>sacrum</strong></span> <span class='ocrx_word' id='word_1_239' title='bbox 685 2439 768 2474; x_wconf 88' lang='lat' dir='ltr'><strong>illud</strong></span> <span class='ocrx_word' id='word_1_240' title='bbox 781 2438 998 2474; x_wconf 83' lang='lat' dir='ltr'><strong>formidabile</strong></span> <span class='ocrx_word' id='word_1_241' title='bbox 1012 2439 1312 2484; x_wconf 82' lang='lat' dir='ltr'><strong>repraesentabat,</strong></span> <span class='ocrx_word' id='word_1_242' title='bbox 1333 2436 1466 2480; x_wconf 85' lang='lat' dir='ltr'><strong>ludens,</strong></span> <span class='ocrx_word' id='word_1_243' title='bbox 1480 2442 1518 2470; x_wconf 90' lang='lat' dir='ltr'><strong>ut</strong></span> <span class='ocrx_word' id='word_1_244' title='bbox 1529 2436 1600 2471; x_wconf 85' lang='lat' dir='ltr'><strong>dici</strong></span> 
     </span>
     <span class='ocr_line' id='line_1_37' title="bbox 136 2479 1598 2532; baseline 0.003 -18"><span class='ocrx_word' id='word_1_245' title='bbox 136 2479 238 2525; x_wconf 77' lang='lat' dir='ltr'><strong>solet,</strong></span> <span class='ocrx_word' id='word_1_246' title='bbox 247 2481 284 2515; x_wconf 85' lang='lat' dir='ltr'><strong>in</strong></span> <span class='ocrx_word' id='word_1_247' title='bbox 298 2481 343 2517; x_wconf 74' lang='lat' dir='ltr'><strong>iis</strong></span> <span class='ocrx_word' id='word_1_248' title='bbox 355 2493 443 2528; x_wconf 81' lang='lat' dir='ltr'><strong>quae</strong></span> <span class='ocrx_word' id='word_1_249' title='bbox 452 2483 565 2519; x_wconf 86' lang='lat' dir='ltr'><strong>ludum</strong></span> <span class='ocrx_word' id='word_1_250' title='bbox 572 2484 754 2532; x_wconf 88' lang='lat' dir='ltr'><strong>iocumque</strong></span> <span class='ocrx_word' id='word_1_251' title='bbox 767 2497 836 2520; x_wconf 90' lang='lat' dir='ltr'><strong>non</strong></span> <span class='ocrx_word' id='word_1_252' title='bbox 844 2484 1039 2530; x_wconf 86' lang='lat' dir='ltr'><strong>admittunt,</strong></span> <span class='ocrx_word' id='word_1_253' title='bbox 1053 2490 1089 2518; x_wconf 84' lang='lat' dir='ltr'><strong>ct</strong></span> <span class='ocrx_word' id='word_1_254' title='bbox 1097 2484 1215 2518; x_wconf 87' lang='lat' dir='ltr'><strong>ridens</strong></span> <span class='ocrx_word' id='word_1_255' title='bbox 1227 2483 1263 2517; x_wconf 91' lang='lat' dir='ltr'><strong>in</strong></span> <span class='ocrx_word' id='word_1_256' title='bbox 1276 2483 1414 2516; x_wconf 86' lang='lat' dir='ltr'><strong>minime</strong></span> <span class='ocrx_word' id='word_1_257' title='bbox 1426 2482 1598 2518; x_wconf 81' lang='lat' dir='ltr'><strong>ridiculis.</strong></span> 
     </span>
     <span class='ocr_line' id='line_1_38' title="bbox 189 2527 1596 2575; baseline 0.001 -14"><span class='ocrx_word' id='word_1_258' title='bbox 189 2543 191 2545; x_wconf 89' lang='grc'><em>·</em></span> <span class='ocrx_word' id='word_1_259' title='bbox 227 2527 284 2562; x_wconf 82' lang='lat' dir='ltr'><strong>Ita</strong></span> <span class='ocrx_word' id='word_1_260' title='bbox 306 2527 481 2563; x_wconf 78' lang='lat' dir='ltr'><strong>viventem</strong></span> <span class='ocrx_word' id='word_1_261' title='bbox 509 2530 718 2566; x_wconf 86' lang='lat' dir='ltr'><strong>Michaelum</strong></span> <span class='ocrx_word' id='word_1_262' title='bbox 748 2537 860 2565; x_wconf 88' lang='lat' dir='ltr'><strong>mater</strong></span> <span class='ocrx_word' id='word_1_263' title='bbox 883 2530 1030 2574; x_wconf 83' lang='lat' dir='ltr'><strong>videns,</strong></span> <span class='ocrx_word' id='word_1_264' title='bbox 1066 2535 1102 2564; x_wconf 90' lang='lat' dir='ltr'><strong>et</strong></span> <span class='ocrx_word' id='word_1_265' title='bbox 1133 2530 1376 2575; x_wconf 87' lang='lat' dir='ltr'><strong>imperatorem</strong></span> <span class='ocrx_word' id='word_1_266' title='bbox 1405 2529 1596 2563; x_wconf 87' lang='lat' dir='ltr'><strong>Romanum</strong></span> 
     </span>
     <span class='ocr_line' id='line_1_39' title="bbox 136 2572 1598 2620; baseline 0.002 -14"><span class='ocrx_word' id='word_1_267' title='bbox 136 2572 266 2607; x_wconf 86' lang='lat' dir='ltr'><strong>factum</strong></span> <span class='ocrx_word' id='word_1_268' title='bbox 288 2584 365 2607; x_wconf 81' lang='lat' dir='ltr'><strong>esse</strong></span> <span class='ocrx_word' id='word_1_269' title='bbox 386 2574 574 2620; x_wconf 82' lang='lat' dir='ltr'><strong>ludicrum,</strong></span> <span class='ocrx_word' id='word_1_270' title='bbox 601 2577 686 2611; x_wconf 75' lang='lat' dir='ltr'><strong>totis</strong></span> <span class='ocrx_word' id='word_1_271' title='bbox 711 2577 906 2611; x_wconf 73' lang='lat' dir='ltr'><strong>visceribus</strong></span> <span class='ocrx_word' id='word_1_272' title='bbox 927 2581 963 2611; x_wconf 89' lang='lat' dir='ltr'><strong>et</strong></span> <span class='ocrx_word' id='word_1_273' title='bbox 991 2576 1103 2611; x_wconf 87' lang='lat' dir='ltr'><strong>animo</strong></span> <span class='ocrx_word' id='word_1_274' title='bbox 1127 2576 1427 2619; x_wconf 80' lang='lat' dir='ltr'><strong>commovebatur,</strong></span> <span class='ocrx_word' id='word_1_275' title='bbox 1452 2586 1598 2619; x_wconf 88' lang='lat' dir='ltr'><strong>eumque</strong></span> 
     </span>
     <span class='ocr_line' id='line_1_40' title="bbox 138 2619 1597 2668; baseline 0.002 -17"><span class='ocrx_word' id='word_1_276' title='bbox 138 2619 257 2652; x_wconf 80' lang='lat' dir='ltr'><strong>verbis</strong></span> <span class='ocrx_word' id='word_1_277' title='bbox 281 2619 475 2665; x_wconf 75' lang='lat' dir='ltr'><strong>castigabat</strong></span> <span class='ocrx_word' id='word_1_278' title='bbox 500 2622 700 2667; x_wconf 85' lang='lat' dir='ltr'><strong>corrigebat</strong></span> <span class='ocrx_word' id='word_1_279' title='bbox 727 2623 990 2657; x_wconf 78' lang='lat' dir='ltr'><strong>exhortabatur.</strong></span> <span class='ocrx_word' id='word_1_280' title='bbox 1038 2623 1101 2656; x_wconf 87' lang='lat' dir='ltr'><strong>sed</strong></span> <span class='ocrx_word' id='word_1_281' title='bbox 1129 2622 1220 2668; x_wconf 89' lang='lat' dir='ltr'><strong>quod</strong></span> <span class='ocrx_word' id='word_1_282' title='bbox 1246 2621 1434 2666; x_wconf 75' lang='lat' dir='ltr'><strong>proverbio</strong></span> <span class='ocrx_word' id='word_1_283' title='bbox 1457 2620 1597 2665; x_wconf 89' lang='lat' dir='ltr'><strong>dieitur,</strong></span> 
     </span>
     <span class='ocr_line' id='line_1_41' title="bbox 139 2666 1597 2714; baseline 0.002 -17"><span class='ocrx_word' id='word_1_284' title='bbox 139 2675 214 2698; x_wconf 86' lang='lat' dir='ltr'><strong>cum</strong></span> <span class='ocrx_word' id='word_1_285' title='bbox 233 2669 368 2699; x_wconf 87' lang='lat' dir='ltr'><strong>mortuo</strong></span> <span class='ocrx_word' id='word_1_286' title='bbox 391 2666 650 2713; x_wconf 78' lang='lat' dir='ltr'><strong>colloquebatur</strong></span> <span class='ocrx_word' id='word_1_287' title='bbox 671 2674 707 2704; x_wconf 82' lang='lat' dir='ltr'><strong>et</strong></span> <span class='ocrx_word' id='word_1_288' title='bbox 727 2669 979 2704; x_wconf 82' lang='lat' dir='ltr'><strong>admonitiones</strong></span> <span class='ocrx_word' id='word_1_289' title='bbox 998 2669 1089 2714; x_wconf 87' lang='lat' dir='ltr'><strong>apud</strong></span> <span class='ocrx_word' id='word_1_290' title='bbox 1110 2668 1248 2702; x_wconf 83' lang='lat' dir='ltr'><strong>surdum</strong></span> <span class='ocrx_word' id='word_1_291' title='bbox 1270 2666 1483 2701; x_wconf 85' lang='lat' dir='ltr'><strong>cantillabat.</strong></span> <span class='ocrx_word' id='word_1_292' title='bbox 1521 2672 1597 2700; x_wconf 91' lang='lat' dir='ltr'><strong>erat</strong></span> 
     </span>
     <span class='ocr_line' id='line_1_42' title="bbox 139 2710 1593 2762; baseline 0 -17"><span class='ocrx_word' id='word_1_293' title='bbox 139 2710 312 2745; x_wconf 86' lang='lat' dir='ltr'><strong>Michaelo</strong></span> <span class='ocrx_word' id='word_1_294' title='bbox 334 2711 467 2746; x_wconf 76' lang='lat' dir='ltr'><strong>Bardas</strong></span> <span class='ocrx_word' id='word_1_295' title='bbox 491 2714 679 2749; x_wconf 78' lang='lat' dir='ltr'><strong>avunculus</strong></span> <span class='ocrx_word' id='word_1_296' title='bbox 698 2715 758 2762; x_wconf 88' lang='lat' dir='ltr'><strong>qni</strong></span> <span class='ocrx_word' id='word_1_297' title='bbox 783 2720 951 2760; x_wconf 85' lang='lat' dir='ltr'><strong>occupato</strong></span> <span class='ocrx_word' id='word_1_298' title='bbox 970 2713 1135 2748; x_wconf 78' lang='lat' dir='ltr'><strong>Michaeli</strong></span> <span class='ocrx_word' id='word_1_299' title='bbox 1158 2712 1292 2756; x_wconf 87' lang='lat' dir='ltr'><strong>animo,</strong></span> <span class='ocrx_word' id='word_1_300' title='bbox 1325 2724 1392 2746; x_wconf 93' lang='lat' dir='ltr'><strong>non</strong></span> <span class='ocrx_word' id='word_1_301' title='bbox 1415 2712 1518 2746; x_wconf 88' lang='lat' dir='ltr'><strong>aliter</strong></span> <span class='ocrx_word' id='word_1_302' title='bbox 1540 2716 1593 2746; x_wconf 86' lang='lat' dir='ltr'><strong>at-</strong></span> 
     </span>
     <span class='ocr_line' id='line_1_43' title="bbox 138 2756 1594 2836; baseline 0.001 -47"><span class='ocrx_word' id='word_1_303' title='bbox 138 2766 210 2836; x_wconf 59' lang='lat'><strong>3⁰⁰</strong></span> <span class='ocrx_word' id='word_1_304' title='bbox 231 2756 359 2791; x_wconf 75' lang='lat' dir='ltr'><strong>vermis</strong></span> <span class='ocrx_word' id='word_1_305' title='bbox 381 2756 418 2791; x_wconf 89' lang='lat' dir='ltr'><strong>in</strong></span> <span class='ocrx_word' id='word_1_306' title='bbox 436 2757 535 2792; x_wconf 80' lang='lat' dir='ltr'><strong>dulce</strong></span> <span class='ocrx_word' id='word_1_307' title='bbox 563 2759 691 2804; x_wconf 84' lang='lat' dir='ltr'><strong>lignum</strong></span> <span class='ocrx_word' id='word_1_308' title='bbox 720 2760 869 2806; x_wconf 85' lang='lat' dir='ltr'><strong>irrepit,</strong></span> <span class='ocrx_word' id='word_1_309' title='bbox 894 2761 993 2794; x_wconf 92' lang='lat' dir='ltr'><strong>homo</strong></span> <span class='ocrx_word' id='word_1_310' title='bbox 1020 2760 1155 2794; x_wconf 80' lang='lat' dir='ltr'><strong>scilicet</strong></span> <span class='ocrx_word' id='word_1_311' title='bbox 1176 2758 1436 2803; x_wconf 80' lang='lat' dir='ltr'><strong>fraudulentus,</strong></span> <span class='ocrx_word' id='word_1_312' title='bbox 1461 2769 1594 2792; x_wconf 87' lang='lat' dir='ltr'><strong>sursum</strong></span> 
     </span>
     <span class='ocr_line' id='line_1_44' title="bbox 164 2802 1596 2841; baseline -0.001 -5"><span class='ocrx_word' id='word_1_313' title='bbox 164 2813 299 2836; x_wconf 77' lang='lat' dir='ltr'><strong>eorsum</strong></span> <span class='ocrx_word' id='word_1_314' title='bbox 330 2808 455 2837; x_wconf 79' lang='lat' dir='ltr'><strong>cuncta</strong></span> <span class='ocrx_word' id='word_1_315' title='bbox 478 2803 641 2839; x_wconf 78' lang='lat' dir='ltr'><strong>volvebat</strong></span> <span class='ocrx_word' id='word_1_316' title='bbox 672 2811 708 2841; x_wconf 83' lang='lat' dir='ltr'><strong>et</strong></span> <span class='ocrx_word' id='word_1_317' title='bbox 739 2806 806 2840; x_wconf 89' lang='lat' dir='ltr'><strong>iam</strong></span> <span class='ocrx_word' id='word_1_318' title='bbox 827 2806 991 2840; x_wconf 82' lang='lat' dir='ltr'><strong>Michaeli</strong></span> <span class='ocrx_word' id='word_1_319' title='bbox 1015 2817 1075 2840; x_wconf 78' lang='lat' dir='ltr'><strong>cor</strong></span> <span class='ocrx_word' id='word_1_320' title='bbox 1099 2806 1277 2839; x_wconf 65' lang='lat' dir='ltr'><strong>exederat.</strong></span> <span class='ocrx_word' id='word_1_321' title='bbox 1325 2804 1382 2838; x_wconf 90' lang='lat' dir='ltr'><strong>hic</strong></span> <span class='ocrx_word' id='word_1_322' title='bbox 1405 2805 1543 2838; x_wconf 82' lang='lat' dir='ltr'><strong>tandem</strong></span> <span class='ocrx_word' id='word_1_323' title='bbox 1562 2802 1596 2835; x_wconf 83' lang='lat' dir='ltr'><strong>ei</strong></span> 
     </span>
     <span class='ocr_line' id='line_1_45' title="bbox 137 2848 1595 2895; baseline 0 -13"><span class='ocrx_word' id='word_1_324' title='bbox 137 2848 329 2893; x_wconf 78' lang='lat' dir='ltr'><strong>persuadet</strong></span> <span class='ocrx_word' id='word_1_325' title='bbox 353 2853 392 2883; x_wconf 88' lang='lat' dir='ltr'><strong>ut</strong></span> <span class='ocrx_word' id='word_1_326' title='bbox 420 2848 674 2895; x_wconf 77' lang='lat' dir='ltr'><strong>imperatricem</strong></span> <span class='ocrx_word' id='word_1_327' title='bbox 704 2852 927 2888; x_wconf 83' lang='lat' dir='ltr'><strong>Theodoram</strong></span> <span class='ocrx_word' id='word_1_328' title='bbox 953 2863 997 2888; x_wconf 77' lang='lat' dir='ltr'><strong>ex</strong></span> <span class='ocrx_word' id='word_1_329' title='bbox 1023 2851 1102 2887; x_wconf 78' lang='lat' dir='ltr'><strong>aula</strong></span> <span class='ocrx_word' id='word_1_330' title='bbox 1128 2851 1275 2888; x_wconf 83' lang='lat' dir='ltr'><strong>eiiceret</strong></span> <span class='ocrx_word' id='word_1_331' title='bbox 1293 2862 1335 2885; x_wconf 82' lang='lat' dir='ltr'><strong>ac</strong></span> <span class='ocrx_word' id='word_1_332' title='bbox 1351 2861 1391 2884; x_wconf 88' lang='lat' dir='ltr'><strong>se</strong></span> <span class='ocrx_word' id='word_1_333' title='bbox 1409 2851 1595 2884; x_wconf 83' lang='lat' dir='ltr'><strong>Caesarem</strong></span> 
     </span>
    </p>
   </div>
  </div>
 </body>
</html>
