1924 3242
783 139 1041 220 ANNALEsss
1340 140 1346 146 ’
1575 171 1640 218 29

194 285 424 343 &adm
443 286 573 345 ἄρδην
593 284 801 343 δεσμώτας
820 293 984 344 ποιῆσαι
1005 288 1078 332 σὺν
1096 291 1195 332 πᾶσι
1214 284 1392 340 σκεύεσι,
1430 287 1498 330 καὶ
1518 285 1640 329 αὖτόν

194 344 330 404 δὲ”τόν
351 357 522 412 βασιλέα
541 356 702 414 Πέτρον
721 355 836 413 ἔργον
853 359 1058 414 μαχαίρας
1080 343 1279 413 γενέσθαι.
1345 359 1463 399 τοῦτο
1481 355 1531 411 δὴ
1551 353 1639 398 τότε

190 427 294 484 μέγα
310 432 395 476 τοῖς
406 423 618 479 Ῥωμαίοις
636 423 798 481 ἐγεγόνει
815 423 1029 480 βοήθημα.

0 508 18 562 ᾗ
243 502 246 506 “
333 493 408 539 15·
469 493 582 536 Ἀλλ’
607 491 628 535 ὅ
651 491 766 550 λόγος
787 510 858 548 μοι
880 495 947 534 καὶ
969 491 1089 534 πάλιν
1109 492 1171 534 ἐπὶ
1191 491 1260 535 τὸν
1279 490 1451 546 βασιλέα
1477 487 1640 533 Θεόδω-

0 562 29 615 ’ἐξ
84 552 88 558 „
159 573 266 621 ερον
295 561 365 605 τὸν
394 560 614 619 Λάσκαριν
639 562 813 621 ἓφορμᾷ.
881 555 998 611 οὗτος
1023 560 1100 617 γὰρ
1135 561 1178 602 ἐκ
1208 565 1280 615 τῆς
1309 560 1434 602 αὐτοῦ
1467 562 1640 615 γαμετῆς
1662 566 1695 603 0

0 616 34 650 ”2
184 631 345 687 Ἄννης,
381 627 436 681 ὦς
466 629 567 688 ἔφην
577 662 591 682 ,
625 637 730 688 τρεῖς
754 627 966 685 ἐποιήσατο
986 628 1238 684 θυγατέρας,
1271 626 1447 684 Εἰρήνην
1466 628 1640 684 Μαρίαν

0 696 26 744 75
193 701 261 743 καὶ
280 699 493 742 Εὖδοκίαν.
560 698 633 753 τὴν
652 701 749 754 γοῦν
766 699 940 755 Μαρίαν
958 697 1030 752 τὴν
1051 696 1238 753 δευτέραν
1260 699 1339 738 τῶν
1362 696 1487 737 αὐτοῦ
1506 700 1642 751 θυγα-

0 741 37 823 ξ
190 768 318 825 τέρων
340 771 410 826 ’τῷ
441 766 530 824 ῥηγὶ
557 767 757 823 Οὐγγριάς
784 767 1022 824 διερχομένῳ
1055 764 1127 820 τὴν
1159 764 1286 806 αὐτοῦ
1312 762 1453 820 χώραν
1486 764 1528 805 ἐκ
1562 768 1642 805 τῶν

0 824 30 876 ι)-
186 833 474 892 ιῙεροσολύμων
507 837 563 885 εἷς
591 837 714 890 κῆδος
741 836 803 876 ἐπὶ
823 839 881 893 τῷ
900 835 977 892 υἱῷ
997 835 1272 890 παραδίδωσι,
1306 831 1379 886 τὴν
1406 832 1449 873 δὲ
1479 829 1641 888 πρώτην

0 873 37 955 ἕξ]
138 903 319 948 Ιοαῦτοῦ
346 903 554 959 θυγατέρα
585 903 658 958 τὴν
680 901 854 959 Εἰρήνην
883 903 998 959 ἀνδρὶ
1032 900 1262 957 συζεύγνυσι
1290 904 1348 958 τῷ
1369 898 1642 958 Παλαιολόγῳ

0 949 20 1043 ἐξ
103 985 106 989 ’
183 971 421 1030 Ἀνδρονίκῳ
431 1003 445 1023 ,
477 970 522 1013 ὃν
545 973 613 1013 καὶ
636 970 830 1026 δεσπότην
849 972 1042 1025 τετίμηκε.
1080 970 1171 1024 μετ’
1194 969 1242 1011 οὗ
1265 968 1368 1010 πολὺ
1387 969 1430 1010 δὲ
1450 967 1470 1010 ὃ
1495 966 1641 1010 δεσπό-

187 1053 262 1096 της
291 1037 575 1095 Παλαιολόγος
602 1038 791 1093 θνήσκει,
838 1042 906 1082 καὶ
939 1036 1294 1096 προσλαμβάνεται
1326 1035 1346 1078 ὃ
1371 1037 1563 1090 βασιλεὺς
1585 1039 1642 1086 εἷς

188 1108 375 1165 γαμβρὸν
389 1106 575 1163 Ἰωάννην
595 1108 664 1150 τὸν
682 1106 869 1160 Δούκαν,
911 1102 960 1150 οὗ
986 1106 1198 1161 Βατάτζης
1219 1105 1264 1148 τὸ
1286 1106 1448 1160 ἐπίκλην
1457 1137 1471 1157 ,
1506 1106 1574 1147 καὶ
1597 1106 1641 1146 ἐκ

190 1177 488 1231 Διδυμοτοίχου
509 1171 558 1230 ἦν
580 1174 826 1232 ὡρμημένος,
860 1175 905 1218 τὸ
927 1180 1000 1218 τοῦ
1020 1175 1408 1232 πρωτοβεστιαρίτου
1433 1175 1641 1230 διενεργῶν
1661 1177 1695 1213 D

137 1250 181 1286 15
192 1243 394 1301 ὂφφίκιον.
459 1242 486 1298 ἡ
506 1244 578 1297 μὲν
596 1239 666 1286 οὖν
685 1246 846 1298 βασιλὶς
858 1243 977 1286 Ἄννα
998 1243 1109 1301 ἔφθη
1131 1242 1209 1300 πρὸ
1232 1246 1375 1299 καιροῦ
1395 1246 1640 1296 τελευτῆσαι,

189 1310 357 1368 ἠγάγετο
388 1312 432 1353 δὲ
460 1312 502 1361 ἐξ
525 1311 739 1368 Ἀρμενίων
765 1318 934 1366 γυναῖκα
958 1310 978 1352 ὅ
998 1310 1201 1365 βασιλεύς.
1270 1308 1572 1366 δυσαρεστήσας
1598 1310 1642 1352 δὲ

190 1380 293 1437 πρὸς
323 1379 448 1434 αὐτὴν
477 1380 541 1422 ἐπὶ
570 1379 642 1433 τὴν
665 1380 770 1421 ἰδίαν
795 1381 968 1435 πατρίδά
990 1379 1062 1433 τὴν
1087 1379 1274 1420 Κιλικίαν
1299 1379 1483 1431 ἐκπέμπει
1494 1410 1507 1429 ,
1553 1378 1640 1420 ἔπι-

156 1461 158 1464 ’
191 1449 303 1506 φέρει
337 1448 381 1490 δὲ
412 1447 522 1504 αὐτῷ’
549 1447 724 1502 γαμετὴν
754 1446 826 1501 τὴν
847 1451 920 1489 τοῦ
938 1445 1221 1500 βασιλεύοντος
1240 1450 1319 1488 τῶν
1338 1446 1500 1488 Ἰταλῶν
1521 1446 1641 1488 ἀδελ-

190 1514 285 1572 φήν,
319 1514 367 1565 ὃς
381 1513 644 1572 Ῥομπέρτος,
680 1513 735 1565 ὥς
755 1514 869 1572 ἔφην,
903 1515 1085 1570 ἐκέκλητο
1108 1516 1174 1556 καὶ
1197 1513 1266 1556 τὸν
1284 1518 1398 1556 θεῖον
1413 1514 1538 1571 Ἐρρῆ
1558 1516 1640 1557 διε-

135 1583 348 1634 ωδέξατο.
415 1577 533 1632 οὗτος
558 1583 626 1624 καὶ
659 1582 736 1639 γὰρ
760 1581 781 1624 ὃ
795 1583 941 1639 Ἕρρῆς
959 1583 1089 1625 πολλὰ
1109 1580 1327 1639 πράγματα
1347 1583 1520 1640 παρέσχε
1538 1580 1640 1625 Ῥω-

188 1653 326 1707 μαίοις
351 1652 419 1694 καὶ
452 1651 563 1709 αὐτῷ
592 1654 650 1709 τῷ
678 1654 844 1705 βασιλεῖ
861 1649 1075 1710 Θεοδώρῳ.
1144 1651 1325 1708 ἀνδρεῖος
1343 1650 1421 1708 γὰρ
1443 1650 1512 1703 ὤν,
1548 1652 1641 1709 περὶ

279 1770 304 1806 8
317 1769 397 1810 τοῖς
410 1779 464 1803 om
477 1768 511 1803 D
555 1767 580 1803 4
592 1764 691 1803 Ἀλλ’
705 1788 752 1795 -
767 1769 788 1803 5
799 1766 885 1813 γὰρ]
907 1765 927 1804 ὁ
946 1765 986 1802 δὲ
1004 1765 1174 1814 βασιλεῦς
1192 1765 1386 1811 Θεόδωρος
1405 1765 1592 1812 Λᾶσκαρις
1605 1768 1639 1802 D

280 1816 305 1850 6
320 1811 372 1855 aie
387 1813 482 1859 ἔφην
497 1826 551 1848 om
565 1813 597 1847 D
698 1816 720 1850 7
739 1814 921 1849 secundum
935 1813 1004 1858 τὴν
1021 1819 1058 1848 et
1072 1815 1148 1848 τῶν
1167 1811 1286 1848 αὐτοῦ
1304 1812 1521 1858 θυγατέρων
1538 1825 1591 1848 om
1606 1814 1640 1848 D

281 1862 304 1896 8
319 1857 357 1902 ἐξ
370 1860 404 1894 D
493 1861 516 1894 9
529 1859 582 1893 τιὸ
599 1859 665 1893 add
680 1859 713 1893 D
811 1862 854 1894 10
871 1858 989 1895 αὐτοῦ
1008 1880 1052 1885 -·
1071 1857 1180 1903 ἀνδρὶ
1195 1871 1248 1893 om
1263 1859 1295 1893 D
1396 1861 1439 1894 12
1453 1863 1531 1905 post
1545 1857 1640 1915 fimi-

281 1915 358 1940 σκει
375 1905 428 1939 Dz
452 1901 503 1945 οὖς
523 1893 590 1947 μέν
607 1916 703 1944 τινες
720 1902 891 1948 ἔφασκον,
914 1903 951 1948 ἐξ
967 1903 1148 1949 ἐρωτικῶν
1166 1903 1371 1939 διαθέσεων
1495 1906 1538 1940 13
1553 1916 1642 1940 του·

280 1950 424 1994 πίκλην,
443 1947 480 1984 ἐκ
499 1950 765 1994 Διδυμοτοίχου
784 1948 823 1984 δὲ
843 1948 1176 1997 πρωτοβεστιάριον
1196 1947 1287 1985 ὄντα
1302 1951 1333 1984 D
1393 1950 1434 1985 15
1450 1949 1642 1995 βασίλισσα

271 1993 391 2030 Ἀννα
407 1994 732 2040 προτετελευτήκει,
754 1991 861 2040 ἤγετο
882 1997 914 2030 D
985 1998 1028 2032 17
1043 1995 1112 2040 τὴν
1129 1996 1295 2030 Κιλικίαν
1311 2007 1363 2029 om
1377 1995 1409 2028 D
1480 1997 1522 2032 18
1538 1995 1642 2041 βασι·

281 2040 372 2081 λέως
397 2037 544 2075 Ἰταλῶν
571 2039 791 2084 Ῥομπέρτου
820 2039 996 2086 ἀδελφήν.
1042 2041 1104 2076 καὶ
1132 2040 1201 2076 τὸν
1227 2043 1335 2075 θεῖον
1353 2038 1430 2096 γὰρ
1454 2038 1588 2085 Ἐρρῆν
1617 2039 1639 2077 ὅ

278 2083 495 2132 Ῥόμπερτος
514 2085 700 2130 διεδέξατο
719 2085 836 2122 πολλὰ
852 2084 1049 2132 Ῥωμαίους
1064 2085 1288 2132 riurjamma,
1309 2088 1467 2130 μαλιστα
1484 2085 1524 2122 δὲ
1539 2085 1577 2130 ἐξ
1595 2088 1640 2124 D.

190 2188 318 2234 versis,
354 2189 440 2224 adeo
454 2191 494 2223 ut
508 2200 621 2224 omnes
637 2189 894 2234 comprehensos
909 2189 1050 2223 vinculis
1066 2188 1236 2233 alligarint
1246 2214 1256 2231 ‚
1290 2188 1526 2234 impedimenta
1549 2189 1643 2224 abri-

190 2235 338 2282 puerint,
359 2235 536 2281 ipsumque
552 2235 652 2268 etiam
666 2235 900 2279 imperatorem
916 2235 1054 2269 Petrum
1069 2235 1181 2280 gladio
1198 2234 1412 2281 peremerint.
1451 2236 1515 2270 hao
1529 2235 1642 2274 victo-

190 2280 243 2315 rin.
255 2291 312 2315 res
325 2281 477 2315 Romana
490 2280 577 2314 haud
592 2280 758 2314 minimum
774 2280 951 2314 sublevata
965 2285 1027 2314 est.

285 2325 340 2361 15.
382 2326 508 2360 Verum
533 2337 647 2360 rursus
673 2326 781 2360 oratio
803 2327 837 2359 in
853 2327 1068 2360 Theodorum
1088 2326 1257 2360 Lascarim
1278 2325 1513 2371 imperatorem
1531 2325 1642 2360 defle-

193 2369 266 2405 ctit.
317 2370 394 2404 huie
408 2383 450 2405 ex
465 2373 562 2406 Anna
577 2383 703 2414 uxore,
737 2377 775 2405 ut
799 2371 888 2415 dixi,
920 2372 1009 2406 filiae
1028 2377 1126 2405 natae
1141 2377 1220 2406 sunt
1234 2375 1326 2414 tres,
1362 2371 1462 2405 Irene
1477 2371 1585 2406 Maria
1605 2376 1641 2406 et

193 2415 360 2452 Eudodn.
405 2416 546 2451 Mariam
569 2417 747 2451 secundani
770 2417 939 2461 Ungariae
954 2417 1045 2462 regis
1069 2417 1316 2462 Hierosolymis
1339 2428 1401 2462 per
1422 2417 1510 2451 illius
1535 2417 1641 2451 dicio-

194 2470 270 2495 nem
284 2463 484 2496 revertentis
498 2462 568 2496 filio
582 2467 722 2507 nuptum
738 2463 888 2503 dederat,
916 2464 1054 2508 primam
1068 2463 1197 2497 Irenem
1215 2462 1406 2496 Andronico
1420 2463 1640 2507 Palaeologo,

221 2517 296 2540 uem
322 2511 358 2540 et
380 2506 439 2540 des
464 2513 542 2542 otae
556 2508 719 2552 dignitate
735 2508 972 2553 insigniverat,
1005 2520 1143 2543 uxorem
1168 2509 1317 2543 locarat:
1353 2520 1415 2542 nec
1437 2509 1540 2542 multo
1563 2513 1641 2553 post

194 2518 420 2596 {alneologun
435 2518 575 2598 despota
590 2558 697 2587 morte
714 2554 804 2596 obit,
836 2558 872 2587 et
887 2555 1068 2600 imperator
1083 2566 1154 2588 eam
1169 2554 1286 2588 Ioanni
1298 2553 1417 2587 Ducae
1429 2582 1439 2595 ,
1476 2555 1641 2588 Batatzae

195 2596 402 2642 cognomine,
418 2597 475 2642 qui
493 2610 513 2632 e
530 2598 795 2642 Didymotoecho
810 2605 918 2634 ortum
932 2601 1074 2634 duxerat
1088 2605 1124 2634 et
1137 2600 1213 2633 hinc
1228 2599 1478 2644 protovestiarii
1492 2600 1641 2634 officium

195 2642 469 2686 administrabat,
490 2643 674 2689 despondit.
720 2645 918 2690 imperatrix
941 2648 1038 2680 Anna
1062 2651 1163 2679 antea
1184 2645 1287 2678 vitam
1313 2645 1458 2680 finierat.
1505 2645 1581 2679 hinc
1597 2656 1641 2678 ex

196 2687 359 2722 Armeniis
373 2698 509 2721 uxorem
524 2690 645 2734 accipit
658 2691 857 2735 imperator,
893 2692 946 2725 cui
970 2692 1128 2735 deinceps
1146 2690 1316 2724 subiratus
1335 2690 1368 2724 in
1385 2691 1534 2725 Ciliciam
1553 2691 1641 2723 illius

196 2733 340 2779 patriam
355 2733 506 2774 remittit,
528 2738 563 2768 et
579 2746 652 2768 cum
666 2747 784 2771 sorore
800 2737 958 2770 {talorum
973 2736 1129 2783 principis
1146 2736 1326 2780 (Roberto,
1349 2740 1386 2770 ut
1399 2736 1502 2777 innui,
1523 2747 1640 2769 nomen

197 2783 283 2822 erat,
307 2782 342 2812 et
357 2778 460 2812 Erico
477 2783 595 2823 patruo
609 2784 836 2825 successerat)
852 2783 983 2827 nuptias
998 2782 1092 2816 facit.
1140 2792 1201 2826 per
1214 2781 1351 2815 Ericum
1366 2793 1421 2815 res
1439 2782 1589 2814 Romana
1605 2786 1642 2814 et

195 2823 397 2860 Theodorus
419 2824 604 2870 imperator
622 2826 758 2861 multum
778 2827 968 2863 detrimenti
995 2827 1102 2873 cepit:
1138 2838 1212 2862 cum
1227 2827 1313 2863 enim
1329 2832 1421 2863 esset
1434 2826 1531 2861 fortis
1548 2831 1582 2861 et
1595 2826 1640 2861 ad
