1832 3250
225 1617 256 1650 D

286 206 351 252 58
665 206 1035 252 CONSTANTINI
1065 178 1326 253 mAssm

286 318 393 362 1305
419 315 611 373 συνάψων
627 317 797 373 πόλεμόν
817 336 919 363 τισιν
934 318 1207 377 ’ὗπερμαχοῢσι
1231 318 1397 378 Τρώων,
1418 335 1421 337 ’

418 389 483 429 καὶ
503 385 764 441 συνεπόμενον
787 387 896 445 αὐτῷ
915 390 980 430 καὶ
997 387 1252 444 Παλαμήδην
1267 387 1365 443 εἶχεν
1393 419 1405 434 .

417 452 707 511 (ὗπερεγλιβςετο
725 456 790 497 καὶ
810 455 886 512 γὰρ
907 453 1034 513 πάντῃ
1058 463 1228 499 συνεῖναι
1248 455 1410 513 τούτῳ),

415 522 582 564 ἐνταῦθ’
607 521 627 564 ὃ
651 521 874 577 πάντολμος
893 523 993 580 ἀνὴρ
1019 522 1264 579 δραξάμενος
1285 524 1419 574 ἀδείας

413 589 485 644 τὴν
502 590 804 646 Ἀγαμέμνονος
824 595 928 651 συλᾷ
943 589 1183 648 κουφόνοιαν
1200 593 1240 634 ἕν
1260 589 1444 647 πρώτοις,

285 659 392 699 1310
414 658 481 698 καὶ
505 659 629 712 δῆθεν
648 657 984 715 προσποιούμενος
1003 657 1231 715 ὖπερφιλεΐν
1250 659 1394 700 ἐκεῖνον

410 723 542 784 “ε’ρᾷ”
565 728 705 782 φησίν,
734 721 797 768 “ὦ
813 730 1003 780 βασιλεῦ,
1038 727 1164 783 ἀρχῆς
1186 730 1257 782 τῆς
1277 722 1572 780 τῶν“Ελλη’νων

416 790 437 834 ὃ
459 792 707 849 κραταιόχειρ
719 793 957 848 'Apuanis‘
986 801 1113 838 κεντεῖ
1123 794 1200 851 γὰρ
1218 792 1244 849 ἦ
1264 792 1412 848 νεότης.
1496 804 1498 806 ’

415 861 481 902 καὶ
501 860 758 916 Παλαμήδην
775 860 829 911 ὥς
849 862 973 905 δεινὸν
995 865 1113 904 εἰπεῖν
1132 863 1198 904 καὶ
1219 866 1454 904 κολακεῦσαι

414 930 480 970 καὶ
500 929 733 984 μαστροπὸν
748 931 814 971 καὶ
835 929 1021 986 συνεργὸν
1042 932 1097 980 εἲς
1119 933 1234 972 τοῦτο
1258 924 1571 986 προσλαμβάνει.

286 993 389 1035 1315
414 996 516 1049 μετὰ
532 996 672 1053 μικρὸν
694 997 736 1039 δ’
759 995 982 1040 ἐλεύσονται
998 1002 1068 1052 τῆς
1086 996 1219 1052 μάχης
1235 998 1499 1050 τελεσθείσης,

416 1065 482 1105 καὶ
502 1066 562 1106 σοὶ
580 1065 651 1117 μὲν
664 1067 764 1118 βοῦς
780 1063 1046 1121 προσάξουσιν
1064 1066 1206 1121 ἀγέλας
1226 1082 1266 1108 τε
1286 1062 1543 1121 θρεμμάτων,

417 1131 530 1173 αὐτοὶ
553 1133 595 1173 δὲ
611 1126 906 1189 σφετερίσονται
918 1131 1136 1190 χρημάτων
1160 1131 1255 1183 ὅλας
1271 1131 1418 1187 θήκας,

416 1196 477 1247 οἷς
493 1199 585 1249 τοὺς
596 1198 800 1254 ιΕλλήνων
818 1201 1011 1251 δυνατοὺς
1028 1199 1340 1255 ὖποποιήσονταί
1353 1217 1394 1242 τε

415 1268 481 1307 καὶ
498 1267 600 1318 κατᾲ
614 1272 689 1309 σοῦ
706 1267 931 1322 κινήσουσιν
941 1300 954 1319 ,
984 1267 1038 1318 ὥς
1058 1273 1129 1323 τῆς
1150 1268 1275 1324 ἀρχῆς
1295 1262 1493 1322 {uagom-'²

284 1332 389 1375 1320
412 1333 554 1388 ἤκουσε
578 1336 702 1377 ταῦθ’
723 1334 744 1377 ὅ
761 1334 970 1388 βασιλεύς,
1005 1337 1168 1389 ἐπείσθη
1178 1368 1192 1386 ,
1225 1332 1470 1391 συνηρπάγη,

413 1403 479 1443 καὶ
495 1406 552 1458 τῷ
570 1407 641 1443 τοῦ
658 1401 777 1444 δόλου
801 1407 997 1459 σκευαστῇ
1009 1407 1154 1459 χρῆται
1174 1402 1273 1458 πρὸς
1293 1402 1553 1455 συμβουλίαν.

411 1470 476 1511 καὶ
494 1471 637 1523 γίνεται
659 1469 936 1523 μετάπεμπτος
955 1471 1078 1519 εὐθὺς
1097 1468 1117 1511 ὃ
1138 1467 1407 1524 Παλαμήδης,

413 1537 479 1579 καὶ
498 1539 697 1589 μονωθεὶς
714 1544 801 1592 ταῖς
824 1536 989 1592 ἄρκυσιν
1008 1539 1186 1590 ἐμπίπτει
1205 1543 1293 1586 ταῖς
1312 1540 1385 1579 τοῦ
1406 1533 1577 1593 φθόνου.

413 1611 718 1659 συκοφαντεῖται
739 1611 822 1654 τοῖς
840 1607 1000 1661 Τρωσὶν
1014 1603 1215 1659 ’Έλληνας
1238 1601 1484 1661 προδιδόναι,

278 1670 383 1712 1325
410 1672 474 1712 καὶ
496 1673 641 1726 γίνεται
657 1671 914 1721 λιθόλευστος
934 1674 1043 1728 (φεῦ,
1068 1670 1133 1713 οἷα
1153 1678 1275 1721 ποιεῖς
1295 1669 1422 1728 φθόνε
1435 1671 1475 1726 ἔ)

407 1738 505 1779 ἄλλο
523 1740 647 1793 μηδὲν
666 1738 939 1795 φθεγξάμενος
959 1742 992 1781 εἲ
1010 1739 1067 1793 μὴ
1092 1739 1137 1781 τὸ
1158 1738 1267 1795 ῥῆμα
1288 1743 1406 1781 τοῦτο

402 1800 466 1847 “cd
487 1807 684 1861 δυστυχὴς
704 1805 875 1860 ἀλήθεια
882 1838 896 1858 ,
932 1807 975 1848 σὲ
992 1809 1057 1848 καὶ
1080 1811 1216 1849 πενθῶ
1239 1808 1306 1848 καὶ
1324 1806 1465 1848 στένω’

409 1872 459 1915 σὺ
479 1871 555 1930 γάρ
577 1890 655 1927 μου
679 1872 969 1931 προαπόλωλας
991 1876 1056 1917 καὶ
1079 1872 1457 1931 προεθανατώθης.”

367 2001 456 2036 1307
488 1997 548 2035 αἐὶ
580 2003 742 2037 συνεῖναι
770 2003 854 2046 RR,
889 2000 1104 2037 συναπιέναι
1126 2005 1157 2039 Α
1338 2003 1427 2039 1318
1451 1998 1530 2044 οἷς]
1551 1997 1614 2034 καὶ
1635 1996 1707 2032 MR

368 2047 454 2081 1321
476 2045 624 2090 φθόνου
642 2048 676 2083 R
811 2049 898 2083 1323
920 2046 1040 2093 φόνου
1060 2048 1124 2083 AR

277 2160 398 2193 missus
418 2159 484 2193 fuit
499 2159 623 2194 bellum
641 2163 799 2203 gesturus
818 2172 892 2194 cum
913 2161 1112 2206 quibusdam
1130 2160 1356 2195 Troianorum
1375 2157 1625 2201 defensoribus,
1645 2169 1705 2191 cu-

275 2205 329 2237 ius
352 2205 579 2248 expeditionis
601 2206 757 2239 comitem
774 2217 887 2240 secum
908 2207 1058 2241 habebat
1079 2207 1293 2241 Palamedem
1310 2204 1466 2248 (etenim
1486 2204 1715 2240 vehementer*

275 2249 325 2283 illi
346 2261 481 2293 semper
503 2251 623 2284 adesse
644 2250 841 2294 cupiebat),
865 2257 935 2285 tum
958 2264 1041 2285 vero
1063 2252 1199 2297 quidvis
1221 2252 1348 2285 audens
1370 2249 1438 2292 ille,
1461 2254 1582 2282 nactus
1603 2259 1703 2281 occa-

273 2292 405 2328 sionem
422 2294 565 2338 periculi
583 2301 770 2339 expertem,
792 2296 1052 2339 Agamemnonis
1075 2298 1216 2341 primum
1238 2295 1412 2330 levitatem
1432 2295 1628 2338 praedatur,
1647 2305 1719 2326 se-.

273 2351 342 2383 que
365 2339 524 2372 simulans
550 2340 658 2383 ipsius
682 2352 758 2374 esse
781 2352 942 2385 perquam
965 2343 1152 2376 studiosum
1174 2336 1364 2376 “affectat''
1388 2339 1512 2383 inquit,
1537 2335 1607 2371 “mi
1629 2350 1703 2381 rex,

274 2387 484 2418 Graecorum
504 2385 681 2429 imperium
698 2385 846 2418 Achilles
865 2386 921 2419 ille
941 2387 1114 2430 robustus,
1136 2399 1157 2421 a
1174 2386 1316 2422 iuvenili
1337 2389 1450 2419 aetate
1470 2383 1644 2428 impulsus,
1663 2395 1719 2416 ac.

271 2429 486 2463 Palamedem
511 2441 573 2463 ceu
595 2430 730 2463 dicendi
763 2435 798 2464 et
826 2433 1022 2466 assentandi
1046 2433 1192 2476 peritum
1216 2430 1346 2465 lenonis
1367 2430 1477 2463 instar
1497 2441 1538 2462 ac
1555 2428 1642 2462 socii
1659 2428 1704 2462 ad

271 2474 338 2507 hoe
360 2475 427 2508 sibi
453 2474 621 2518 adiungit.
674 2487 786 2519 neque
807 2476 909 2510 multo
931 2483 1011 2520 post
1033 2477 1208 2511 commisso
1232 2475 1360 2521 praelio
1383 2474 1546 2514 venient;
1576 2485 1617 2506 ac
1638 2473 1703 2506 tibi

270 2520 407 2563 quidem
428 2521 536 2553 boves
559 2521 705 2554 afferent
725 2525 761 2554 et
780 2532 904 2564 greges
926 2522 1056 2555 ovium:
1089 2534 1207 2556 verum
1230 2522 1298 2565 ipsi
1321 2520 1422 2565 plena
1444 2518 1598 2563 pecuniis
1619 2529 1704 2551 vasa

268 2564 387 2598 furtim
407 2566 576 2608 auferent,
596 2565 717 2610 quibus
736 2571 771 2599 et
789 2566 974 2600 subiicient
993 2567 1061 2601 sibi
1072 2569 1282 2601 Graecorum
1299 2565 1512 2610 potentiores
1531 2569 1567 2597 et
1584 2567 1704 2597 contra

269 2615 306 2644 te
330 2610 561 2653 concitabunt,
584 2615 623 2644 ut
641 2610 818 2654 imperium
836 2608 1007 2646 amittas.”
1053 2612 1161 2646 audiit
1178 2612 1262 2645 haec
1278 2622 1360 2644 rex:
1384 2620 1566 2653 persuasus
1591 2613 1628 2642 et
1645 2619 1704 2641 cai-2

269 2660 433 2700 ptusest,
453 2661 625 2688 auctorem
643 2656 773 2690 fraudis
791 2656 827 2689 in
845 2657 1021 2690 consilium
1037 2657 1189 2690 adhibet.
1236 2655 1351 2689 statim
1366 2655 1490 2688 deinde
1503 2653 1713 2687 Palamedes,

269 2700 468 2742 arcessitur,
491 2705 527 2733 et
549 2699 640 2734 solus
662 2700 800 2734 relictus
823 2700 860 2734 in
883 2702 996 2735 caedis
1019 2702 1158 2746 laqueos
1181 2701 1318 2735 incidit:
1342 2712 1406 2744 per
1428 2699 1626 2732 calumniam
1647 2698 1718 2733 ιιι-ι

269 2745 458 2788 simulatur,
480 2745 579 2789 quasi
597 2747 751 2781 Graecos
768 2746 930 2780 Troianis
950 2748 1133 2790 proderet3
1149 2746 1320 2790 lapidibus
1339 2745 1496 2779 obruitur
1514 2745 1598 2786 (heu
1616 2754 1705 2786 quae

269 2795 463 2834 perpetras,
484 2790 677 2835 invidial),
701 2791 785 2824 nihil
806 2803 880 2826 cum
901 2791 1046 2826 dixisset
1066 2792 1156 2825 aliud
1179 2803 1279 2835 quam
1302 2791 1367 2824 hoc
1389 2790 1532 2824 verbum
1552 2785 1705 2823 “infelix

269 2835 413 2881 veritas,
434 2841 470 2870 te
490 2835 591 2880 lugeo
614 2835 825 2882 deploroque
846 2848 998 2882 gemens.
1044 2848 1120 2872 nam
1141 2842 1181 2871 tu
1203 2841 1283 2872 ante
1306 2847 1360 2870 me
1382 2834 1519 2882 periisti
1542 2837 1583 2869 et
1596 2837 1705 2868 morte
