1924 3242
352 197 444 244 128
737 192 968 237 GEORGII
999 191 1378 236 ACROPOLITAE

346 312 414 354 καὶ
432 307 551 359 αυτὸς
568 302 698 364 ἕτερόν
719 324 754 350 τι
775 306 846 349 σὺν
861 310 947 363 θεῷ
966 303 1172 361 νοήσαιμι,
1213 305 1284 348 οὔκ
1310 303 1359 346 ἂν
1386 303 1555 361 δέξησθε
1572 309 1691 349 rotro
1703 302 1779 356 ὥς

347 378 426 420 ἀπὸ
458 374 650 419 δεσπότου
678 379 886 429 νουνεχοῢς
912 375 1112 431 εἰρημένον
1139 375 1205 416 καὶ
1231 371 1344 427 ὑμῶν
1374 371 1428 424 ὡς
1460 375 1547 416 δέον
1573 389 1767 431 προνοου-

345 447 465 500 μένου
475 463 490 499 ,-
536 443 758 500 ’ξυνέφησαν
785 441 954 492 ἅπαντες
985 440 1039 492 ὡς
1067 441 1160 498 ὅπερ
1194 440 1241 482 ἂν
1276 445 1334 498 τῷ
1366 446 1424 498 σῷ
1464 440 1584 492 δόξειε
1619 440 1777 498 κράτει»

348 511 532 568 στερκτόν
570 511 667 553 αῧτὸ
707 512 773 553 καὶ
807 510 1010 553 ἀσπαστὸν
1047 511 1321 566 λογισαίμεθα.
1393 507 1555 559 τούτους
1590 510 1662 563 μὲν
1697 503 1781 560 οὖν

348 579 498 629 πάντας
522 579 712 622 ἀπέλυσεν
745 577 766 620 ὃ
796 579 983 633 βασιλεὺς
1009 580 1063 628 εἷς
1100 578 1172 627 τὰς
1208 577 1399 634 σφετέρας
1432 577 1594 619 ἀπιέναι·Δ
1619 575 1805 631 ommis-5

347 648 413 705 ἐφ’
446 641 479 705 ᾧ
509 649 574 689 καὶ
601 652 729 704 τροφῇ
756 647 822 688 διὰ
843 646 911 689 τὸν
927 651 1106 700 χειμῶνα
1116 643 1350 702 χρήσασθαι
1364 676 1377 696 ,
1421 644 1542 694 αὐτὸς
1562 644 1606 686 δὲ
1627 646 1683 694 εἰς
1701 642 1777 687 τὸν

348 716 471 757 αὗτοῦ
501 719 669 758 κοιτῶνα
694 715 824 757 εἲσιών
850 714 952 768 μετὰ
978 718 1056 756 τῶν
1082 715 1169 769 περὶ
1201 713 1319 755 αὐτὸν
1349 710 1576 766 ἐβουλεύετο
1602 712 1644 753 τί
1665 714 1773 764 μᾶλμ·
1824 711 1827 715 ’

346 787 415 824 λον
433 783 513 839 χρὴ
534 789 667 825 ποιεῖν.
713 783 814 832 τινὲς
830 783 902 835 μὲν
922 781 994 836 τὴν
1011 785 1090 823 τῶν
1111 781 1259 831 ἔξωθεν
1278 781 1603 835 βουλευσαμένων
1621 777 1774 832 βουλὴν

347 853 402 900 εἷς
423 850 535 907 ἔργον
554 849 760 904 ἐβούλοντο
782 854 926 901 θεῖναι,
963 850 1086 906 ἕτεροι
1107 850 1161 900 δέ,
1197 847 1257 899 οἷς
1272 851 1337 890 καὶ
1357 848 1403 890 τὸ
1421 855 1594 904 κρεῖττον
1611 849 1772 900 διανοη-

344 923 467 973 θῆναι
504 922 561 974 τῷ
597 922 758 971 βασιλεῖ
784 919 1044 974 διακέκριται,
1087 917 1312 959 τούναντίον
1339 914 1552 972 εῗρήκασιν.
1619 914 1772 971 ’ἔφησαν
1784 923 1836 957 10’

347 988 412 1028 καὶ
429 986 506 1043 γὰρ
522 984 625 1040 “ὅση
644 987 716 1040 μὲν
730 984 823 1040 ἡμῖν
845 984 936 1035 ὁδός
953 987 1056 1027 ἔστιν
1077 984 1242 1027 ὄπισθεν
1265 986 1319 1032 εἷς
1339 984 1411 1037 τὴν
1437 984 1644 1039 Ἀδριανοῦ
1657 1013 1671 1032 ,
1703 997 1774 1024 το·-

229 1062 259 1095 Ρ
281 1063 326 1098 66
347 1053 472 1108 σαύτη
496 1056 561 1095 καὶ
581 1053 805 1110 ἔμπροσθεν
827 1056 881 1103 εἷς
901 1053 946 1095 τὸ
968 1057 1038 1095 τοῦ
1053 1050 1297 1105 Στενιμάχου
1322 1050 1420 1093 ἄστυ
1439 1051 1678 1104 καθέστηκε·
1708 1049 1774 1090 καὶ

346 1121 477 1179 ὥσπερ
502 1123 583 1163 ἐκεῖ
595 1126 674 1164 τῶν
688 1123 890 1177 χρειωδῶν
912 1122 1142 1176 εὖμοιρῆσαι
1168 1120 1319 1173 ἔχομεν,
1353 1117 1456 1163 οὕτω
1476 1118 1526 1170 δὴ
1545 1119 1611 1160 καὶ
1631 1119 1686 1166 εἷς
1705 1115 1774 1158 τὸν

324 1189 600 1243 ’Στενίμαχοκ
678 1188 782 1229 οὕτω
809 1187 1028 1244 πράξαντες
1059 1187 1104 1227 οὗ
1137 1185 1321 1238 δόξαιμεν
1351 1190 1434 1234 τοῖς
1458 1185 1658 1237 πολεμίοις
1685 1182 1773 1225 οὔτε

346 1258 471 1315 δειλίᾳ
495 1260 545 1312 τῇ
572 1255 672 1311 πρὸς
701 1254 845 1304 αὐτοὺς
875 1253 962 1296 οὔτε
987 1253 1067 1306 μὴν
1093 1257 1143 1307 τῇ
1167 1257 1239 1294 τοῦ
1263 1256 1457 1305 χειμῶνος
1481 1251 1686 1309 δυσχερείᾳ
1702 1250 1827 1304 τὴν15

343 1323 602 1379 ὑποστροφὴν
622 1320 912 1375 ποιήσασθαι.”
985 1319 1149 1376 ἀρεστὸν
1172 1324 1266 1375 γοῦν
1297 1319 1403 1368 ἔδοξε
1426 1323 1482 1376 τῷ
1500 1323 1676 1373 βασιλεῖ’,
1709 1318 1776 1359 καὶ

345 1392 426 1433 ἐπεὶ
454 1395 524 1445 τῆς
556 1388 792 1446 δριμύτητος
815 1391 879 1430 καὶ
910 1387 930 1429 ὅ
955 1387 1107 1442 χειμών
1134 1387 1244 1442 ἔληγε
1275 1389 1340 1428 καὶ
1369 1385 1395 1441 ἡ
1422 1391 1493 1441 τῆς
1518 1384 1654 1440 χιόνος
1683 1384 1775 1438 ἵστη

346 1457 468 1515 φορά,
502 1458 573 1512 τὴν
594 1459 780 1500 ἐπιοῦσαν
802 1457 847 1499 τὸ
866 1455 1123 1510 ἀνακλητικὸν
1144 1456 1290 1510 ἠχῆσαι
1312 1455 1559 1510 προσέταξεν.
1626 1454 1776 1496 ἐκεῖθεν

347 1521 417 1568 οὖν
446 1525 518 1575 τὰς
539 1523 739 1575 συντάξεις
759 1529 838 1567 τῶν
858 1522 1162 1581 στρατευμάτων
1184 1522 1318 1577 λαβὼν
1342 1521 1456 1578 ἀπῄει
1480 1525 1534 1572 εἷς
1552 1520 1621 1564 τὸν
1640 1521 1777 1563 Στενί-

293 1603 324 1638 Β
346 1611 488 1648 μαχον.
554 1593 767 1635 κάντεῦθεν
796 1587 865 1635 οὖν
890 1593 934 1634 τὸ
965 1590 1125 1646 σύμπαν
1151 1592 1423 1634 ἒνσιτίσασθαι
1446 1588 1631 1638 κελεύσας
1649 1586 1830 1644 arod-20

344 1679 470 1715 τευμα
493 1661 667 1702 κατευθὺ
690 1666 761 1715 τῆς
785 1662 1004 1714 Τζεπαίνης
1026 1658 1175 1716 ἐχώρει.
1241 1656 1468 1712 κατηντήκει
1488 1661 1583 1712 γοῦν
1603 1657 1643 1705 ἔς
1661 1654 1775 1698 πόλιν

345 1729 646 1782 ε’πικεκλημένην
668 1728 926 1779 Βατκούνιον,
961 1728 1098 1776 ἱκανὰς
1122 1725 1272 1782 ἡμέρας
1297 1727 1460 1781 μεγίστῃ
1478 1724 1689 1781 ἐξαρκέσαι
1703 1725 1777 1764 δυ·

344 1797 516 1850 ναμένην
535 1798 589 1845 εἷς
612 1795 826 1852 ζωάρκειαν
844 1801 1023 1854 στρατιᾷ.
1058 1796 1206 1836 ἐκεῖθεν
1229 1789 1298 1835 οὖν
1322 1791 1554 1835 ἀπεστάλκει
1575 1791 1644 1834 τὸν
1663 1795 1776 1833 θεῖον

346 1864 471 1907 αὐτοῦ
488 1863 556 1906 τὸν
572 1862 790 1921 Λάσκαριν
806 1861 1008 1917 Μανουήλ
1018 1894 1031 1914 ,
1070 1861 1247 1916 μοναχὸν
1269 1860 1364 1903 ὄντα
1386 1862 1451 1902 καὶ
1468 1858 1663 1913 Μάξιμον
1685 1859 1775 1901 ὄνο-

432 1949 456 1984 3
479 1945 530 1988 ὥς
552 1945 661 1992 ὅπερ]
686 1943 805 1992 ὥσπερ
829 1947 944 1992 vulgo.
1079 1947 1100 1980 8
1123 1946 1198 1981 τῶν
1220 1945 1322 1990 vulgo
1345 1956 1411 1980 om.
1541 1944 1587 1979 22
1606 1943 1774 1988 μεγίστην
1806 1973 1812 1977 .

435 1999 471 2028 et
490 1993 662 2037 στρατιάν
684 1994 797 2038 vulgo.

345 2061 518 2107 probeque
534 2061 755 2096 consuluistis.
801 2070 916 2094 verum
932 2059 961 2093 si
977 2058 1141 2105 quippiam
1157 2058 1254 2092 etiam
1269 2057 1359 2104 ipse,
1383 2057 1446 2091 deo
1464 2056 1614 2101 auspice,
1638 2055 1774 2099 excogi-

346 2108 456 2149 tarim,
481 2118 522 2140 an
539 2118 604 2140 non
620 2107 712 2149 illud,
736 2106 838 2140 veluti
855 2118 874 2140 a
890 2106 1054 2151 prudente
1067 2104 1207 2148 domino,
1234 2115 1338 2149 eoque
1353 2103 1408 2148 qui
1424 2102 1465 2136 de
1479 2102 1587 2143 vobis,
1606 2101 1656 2134 uti
1671 2101 1775 2134 adde-

347 2156 412 2191 cct,
436 2153 598 2196 providet,
615 2152 779 2195 prolatum
794 2162 899 2196 aequo
916 2151 1022 2184 animo
1041 2150 1236 2195 accipietis?
1247 2146 1268 2160 ’³
1290 2159 1400 2182 omnes
1416 2147 1636 2181 acclamarunt
1652 2141 1775 2190 “quid-

346 2197 425 2240 quid
441 2198 543 2230 fuerit
558 2197 722 2230 maiestati
737 2202 816 2230 tuae
830 2198 934 2230 visum
945 2222 954 2238 ,
988 2201 1163 2240 acceptum
1188 2199 1222 2228 et
1244 2194 1406 2237 universis
1421 2192 1650 2236 complacitum
1666 2191 1741 2224 erit.
1751 2188 1775 2202 '’

345 2242 394 2274 sic
414 2252 471 2274 eos
487 2242 526 2274 ad
544 2242 678 2286 propria
692 2243 836 2275 tentoria
848 2267 858 2282 ‚
879 2247 916 2274 ut
932 2251 1052 2286 corpus
1068 2240 1142 2274 cibo
1157 2243 1296 2285 propter
1309 2239 1445 2272 hiemem
1460 2237 1638 2270 reficerent
1649 2259 1658 2276 ,
1682 2247 1776 2270 man-

344 2286 425 2318 dat:
457 2286 530 2330 ipse
547 2286 580 2318 in
599 2287 782 2320 cubiculum
798 2298 891 2320 suum
906 2287 1081 2327 introiens,
1105 2296 1177 2318 cum
1192 2285 1231 2318 iis
1247 2283 1303 2328 qui
1320 2284 1407 2317 circa
1422 2293 1495 2316 eum
1513 2281 1671 2325 aderant,
1694 2281 1774 2326 quid

343 2332 433 2364 facto
450 2341 532 2374 opus
549 2335 638 2364 esset
655 2332 837 2364 consulere.
883 2332 1015 2375 quidam
1035 2330 1201 2364 consilium
1213 2354 1223 2369 ‚
1255 2329 1343 2373 quod
1360 2328 1441 2361 foris
1460 2327 1619 2360 dederant
1631 2354 1641 2370 ,
1672 2337 1776 2371 opere

343 2375 579 2420 praestandum
596 2386 669 2408 esse
686 2376 905 2416 contendere3
939 2376 1018 2419 alii,
1041 2386 1179 2420 quorum
1195 2374 1330 2408 meliora
1343 2373 1464 2406 iudicia
1477 2377 1653 2406 censuerat
1668 2371 1777 2418 impe-

343 2425 447 2462 rator,
472 2420 666 2453 adversari:
689 2416 784 2453 “iter
799 2418 912 2452 enim''
942 2421 1076 2453 aiebant
1101 2417 1221 2453 “retro
1247 2430 1308 2453 nos
1330 2418 1373 2452 ad
1388 2417 1633 2462 Adrianopolim
1649 2417 1775 2450 ducens

344 2470 509 2510 exaequat
523 2465 601 2498 illud
618 2465 705 2509 quod
723 2468 800 2498 ante
816 2465 855 2497 ad
874 2465 1074 2498 Stenimachi
1090 2465 1243 2510 oppidum
1258 2465 1325 2498 sert
1337 2488 1347 2505 ,
1382 2468 1416 2496 et
1440 2461 1707 2507 quemadmodum
1726 2461 1777 2495 ibi

342 2510 601 2544 necessariorum
627 2510 741 2554 copia,
773 2509 822 2543 sic
847 2513 882 2542 et
897 2510 1102 2543 Stenimachi
1125 2509 1242 2544 affluit.
1287 2509 1344 2543 ubi
1358 2508 1408 2542 ita
1423 2508 1587 2552 egerimus
1603 2518 1711 2552 neque
1729 2507 1775 2540 ti-

345 2566 456 2596 more,
491 2567 587 2600 quem
605 2566 646 2588 ex
663 2555 810 2589 hostibus
826 2554 1091 2599 conceperimus,
1124 2565 1232 2598 neque
1254 2554 1460 2599 tempestatis
1480 2553 1660 2598 asperitate
1681 2556 1776 2586 retro

344 2601 420 2644 cogi
447 2597 704 2634 iudicabimus-3³
751 2600 871 2634 dictum
894 2600 1141 2645 approbaverat
1167 2600 1355 2643 imperator.
1403 2603 1438 2632 et
1462 2609 1534 2632 cum
1556 2599 1644 2632 acris
1671 2597 1776 2630 hiems

344 2646 534 2679 mitesceret
549 2645 702 2689 nivisque
716 2645 858 2690 impetus
874 2645 1032 2685 stetisset,
1058 2649 1190 2689 postero
1208 2644 1261 2677 die
1277 2644 1424 2689 receptui
1440 2644 1568 2688 signum
1582 2643 1653 2677 dari
1666 2643 1774 2676 iussit.

340 2690 419 2724 inde
442 2691 610 2735 copiarum
635 2691 790 2725 cohortes
814 2690 986 2724 desumens
1011 2690 1256 2723 Stenimachum
1272 2689 1465 2732 contendit,
1500 2693 1535 2723 et
1558 2699 1629 2722 cum
1654 2687 1774 2722 ibidem

340 2736 521 2770 exercitum
537 2740 775 2778 exsaturasset,
799 2741 892 2769 recta
907 2735 1120 2781 Tzepaenam
1135 2735 1201 2768 iter
1216 2735 1338 2779 dirigit,
1362 2734 1579 2779 pervenitque
1593 2732 1724 2766 tandem
1738 2731 1773 2764 in

340 2781 496 2826 oppidum
510 2781 727 2826 Van-unium,
762 2781 849 2826 quod
871 2792 931 2826 per
952 2781 1063 2830 plures
1087 2780 1159 2813 dies
1175 2780 1315 2815 maximo
1331 2779 1490 2813 exercitui
1503 2779 1634 2812 abunde
1648 2777 1774 2819 effuse-

340 2837 406 2870 que
421 2830 535 2871 posset
549 2826 704 2861 alimenta
718 2826 942 2873 suppeditare.
989 2836 1031 2860 ex
1050 2837 1090 2860 eo
1108 2829 1262 2871 patruum
1279 2836 1371 2860 suum
1390 2824 1579 2859 Manuelem
1594 2822 1774 2863 meatim,
