1924 3242
359 176 423 223 26
750 178 983 222 GEORGII
1008 180 1386 224 ACROPOLITAE

355 285 532 341 Πάνιον,
574 288 645 342 τὴν
668 287 913 342 Ῥαιδεστόν,
954 290 1227 348 Χαριούπολιν
1238 324 1251 344 ,
1295 296 1338 334 Τ
1335 291 1611 348 ραΐανούπολιν
1618 325 1632 345 ,
1676 291 1788 337 Md·-

355 373 473 413 κρην,
516 355 856 411 Κλαυὸιούπολιν,
899 357 1229 412 Μοσυνοῦπολιν,
1270 359 1544 417 Περιθεώριον
1566 363 1633 403 καὶ
1655 359 1782 412 ἄλλοις

357 421 526 474 πολλάς,
561 422 609 473 ιῖς
630 424 815 481 ἀριθμεῖν
836 426 882 468 οὗ
895 425 1037 482 χρεών.
1073 427 1141 469 τὸν
1163 429 1205 469 δὲ
1225 427 1322 469 λαὸν
1342 426 1500 484 ἀπάρας
1518 429 1667 471 ἐκεῖθεν
1682 430 1781 486 ,περὶ

355 490 429 540 τὰς
448 493 697 548 παραρροίας
716 495 867 546 καθίζει
890 498 961 536 τοῦ
971 493 1140 551 Ἴστρου,
1184 496 1226 537 ἔκ
1247 499 1326 537 τῶν
1349 497 1457 537 ῗδίων
1476 500 1555 538 τῶν
1575 495 1774 552 ἠνδραπο-

357 558 548 610 δισμένων
579 563 723 613 κωμῶν
752 563 818 602 καὶ
847 559 995 604 πόλεων
1024 562 1096 612 τὰς
1122 561 1276 615 κλήσεις
1296 563 1445 612 ἐπιθεὶς
1462 569 1550 612 ταῖς
1570 561 1810 618 vimineum-5

355 623 583 678 ἀντάμυναν
613 622 704 679 οὖν,
747 627 801 678 ὥς
820 628 1010 685 ἔφασκεν,
1053 631 1216 671 ἐποιεῖτο
1249 634 1328 671 τῶν
1360 624 1414 672 ὧν
1443 628 1656 686 εἰργάσατο
1675 629 1778 685 πρὸς
1836 670 1838 672 ,

234 689 263 723 P
287 690 330 727 13
354 691 611 750 Βουλγάρους
629 699 760 737 κακῶν
782 694 802 738 ὃ
820 697 1006 750 βασιλεὺς
1025 699 1254 748 Βασίλειος,
1288 699 1353 739 καὶ
1374 701 1583 740 καλεῖσθαι
1602 697 1674 751 μὲν
1692 695 1780 740 ἕλε-
1815 711 1819 714 ’

350 777 415 816 γεν
439 761 581 803 ἐκεῖνον
601 763 948 820 Βουλγαροκτόνον
958 797 971 815 ,
1007 763 1317 818 Ῥωμαιοκτόνον
1340 766 1383 806 δὲ
1403 763 1600 818 ὠνόμαζεν
1624 761 1784 807 {amour-⁷

347 828 463 885 μέχρι
496 833 590 884 γοῦν
621 830 867 886 καταντήσας
896 834 961 873 καὶ
987 831 1109 886 αὐτῆς
1129 837 1200 886 τῆς
1224 833 1514 886 Θεσσαλονίκης
1535 833 1654 874 ἐκεῖσε
1673 829 1778 886 θνή-

349 912 432 937 σκει
451 898 665 953 πλευρίτιδι
685 897 789 956 νόσῳ
809 901 1090 953 κατασχεθείς,
1126 899 1179 949 ὡς
1200 900 1245 941 δέ
1263 917 1363 950 τινες
1384 899 1514 955 ἔλεγον
1533 899 1594 942 ὅτι
1617 900 1659 941 ἔκ
1678 903 1776 942 3⁶0.-
1789 905 1832 940 10

347 964 491 1017 μηνίας
525 964 634 1022 αὐτῷ
665 963 685 1007 ὃ
717 964 895 1017 θάνατος
925 967 1098 1022 γέγονεν·
1146 967 1252 1017 ἔδοξε
1276 968 1352 1024 γὰρ
1378 968 1487 1024 ἀὐτῷ
1507 967 1608 1009 καθ’
1629 965 1778 1016 ὕπνους

349 1029 511 1074 ἔνοπλον
530 1031 658 1088 ἄνδρα
679 1034 880 1088 ἐπιστῆναι
902 1035 1011 1092 αὐτῷ
1030 1037 1096 1076 καὶ
1119 1034 1256 1090 δόρατι
1275 1037 1423 1089 πλῆξαί
1441 1035 1478 1076 οἱ
1498 1034 1570 1089 τὴν
1588 1025 1776 1090 πλευράν.

347 1092 397 1152 ’ἦν
425 1099 500 1155 γὰρ
530 1102 594 1141 καὶ
616 1100 780 1155 ἀληθῶς
801 1100 854 1152 ὥς
875 1102 1058 1144 οὐδέποτε
1083 1107 1133 1158 τῇ
1149 1101 1353 1155 Ῥωμαίων
1375 1106 1551 1144 τοσαῦτα
1573 1099 1682 1158 παρά
1703 1116 1774 1143 του

346 1167 488 1221 ’ξυνέβη
510 1165 635 1219 κακά,
684 1167 737 1217 ὥς
758 1171 822 1210 καὶ
845 1169 971 1222 ὄνομα
990 1174 1154 1224 τεθῆναι
1177 1168 1304 1226 τούτῳ
1328 1171 1370 1210 ἐκ
1392 1169 1508 1218 κυνὸς
1525 1168 1596 1223 τὴν
1615 1169 1775 1222 ἐπίκλη-

346 1250 409 1274 σιν
431 1233 539 1287 ἕχον·
574 1235 873 1291 Σκυλοὶιοάννης
907 1239 972 1278 καὶ
1004 1237 1080 1293 γὰρ
1115 1235 1312 1291 ἐπεκλήθη
1343 1243 1424 1286 τοῖς
1455 1240 1565 1277 πᾶσι.
1630 1235 1676 1279 τὸ
1695 1234 1773 1291 γὰρ
1786 1237 1829 1273 15

291 1303 323 1339 Β
346 1304 424 1342 τῶν
443 1304 617 1343 Σκυθῶν
644 1303 753 1356 γένος
774 1301 1116 1357 ἷὸιοποιησάμενος
1137 1306 1202 1344 καὶ
1226 1301 1466 1357 κοινωνήσας
1483 1302 1618 1351 αὐτοῖς
1634 1318 1774 1357 συγγε-

343 1369 449 1417 νείας
482 1371 547 1410 καὶ
587 1368 735 1424 τρόπον
768 1370 976 1424 μετασχὼν
1003 1372 1045 1412 ἐκ
1074 1369 1231 1426 φύσεως
1259 1370 1604 1427 θηριωδεστέρου,
1638 1367 1775 1426 φόνοις

343 1434 537 1492 ἔνετρύφα
553 1434 770 1489 Ῥωμαίων.
839 1436 893 1487 ὡς
921 1442 1015 1493 γοῦν
1046 1435 1179 1480 οὗτοσὶ
1210 1436 1433 1492 ἐτεθνήκει,
1469 1435 1578 1492 ὁτῆς
1599 1437 1775 1493 ἀδελφῆς

342 1503 468 1544 αὐτοῦ
489 1511 582 1554 παῖς
599 1506 775 1560 Βορίλας
797 1505 971 1558 τοῦνομα
983 1537 997 1556 ,
1033 1505 1104 1559 τὴν
1128 1507 1313 1547 Σκυθίδα
1333 1507 1449 1547 θείαν
1468 1505 1641 1560 γαμετὴν
1665 1507 1772 1558 εἰλη-

342 1569 451 1626 φώς,
490 1576 560 1625 τῆς
589 1572 714 1628 ἀρχῆς
746 1577 825 1614 τῶν
846 1571 1090 1629 Βουλγάρων
1108 1573 1258 1628 γέγονεν
1277 1571 1478 1628 ἐγκρατής.
1544 1571 1612 1613 τὸν
1635 1571 1678 1613 δὲ
1698 1574 1826 1612 τοῦ20

333 1637 454 1680 Ἀσιὶν
487 1641 611 1680 παῖδα
635 1638 819 1694 Ἰωάννην
852 1639 1029 1697 ἀφήλικα
1059 1639 1154 1682 ὄντα
1184 1639 1240 1682 ἔτι
1270 1638 1406 1696 κρύφα
1437 1656 1497 1688 τις
1518 1636 1677 1692 λαβών,
1719 1636 1773 1687 ὥς

426 1777 450 1811 3
470 1774 607 1816 πολλάς
629 1788 680 1811 om
703 1777 735 1811 D
898 1779 921 1813 4
951 1777 1019 1812 τοῦ
1043 1773 1185 1822 Ἴστρου
1214 1777 1357 1819 καθίζει
1378 1777 1411 1811 D
1569 1774 1674 1811 ἰδίων
1696 1775 1772 1810 τῶν

428 1832 480 1876 om
504 1822 534 1855 D
626 1822 647 1857 5
671 1820 813 1862 ἐπιθεὶς
832 1819 899 1862 τοὶς
920 1821 1059 1866 κλήσεις
1083 1824 1113 1856 D
1202 1824 1224 1857 6
1251 1817 1340 1867 οὖν]
1361 1820 1427 1866 μὲν
1445 1815 1514 1856 οὖν
1535 1821 1568 1855 D
1659 1822 1683 1856 9
1707 1819 1770 1854 καὶ

427 1867 542 1910 αντῆς
555 1867 784 1911 καταντήσας
802 1868 1064 1912 Θεσσαλονίκης
1078 1868 1109 1901 D
1180 1868 1222 1902 13
1244 1862 1289 1910 ἧν
1308 1888 1347 1893 -
1365 1866 1461 1901 κακά
1477 1878 1530 1900 om
1543 1866 1575 1900 D
1644 1865 1687 1901 14
1700 1863 1770 1909 τήν

426 1910 608 1969 ἐπίκλησιν
632 1911 713 1970 ἔχον
736 1914 842 1992 omDD
942 1910 1206 1993 1716gnrc5v‘6222229
1231 1914 1393 1991 ἕπιὶυῧῶν
1414 1910 1456 1948 τὸ
1473 1912 1515 1991 1Ιέ
1591 1967 1610 1990 ο
1636 1921 1768 1990 ἅέγγῖ

423 1959 760 2038 ἔῗιίέῗιέάῑῖῗτῖοᾝαν
830 2001 883 2038 ἔτι
904 1999 995 2039 ὄντα
1017 2003 1049 2037 D
1068 1971 1119 2002 φυ
1161 1969 1212 2042 aig
1236 2001 1434 2047 εἰρήκειμεν
1456 2013 1509 2036 om
1530 1967 1588 2036 g?
1613 1968 1633 2000 Q
1696 1967 1714 1996 ς

334 2123 519 2168 universas,
544 2125 770 2167 Heraclei-am,
794 2127 954 2170 Panium,
977 2125 1200 2168 Raedestum,
1224 2123 1466 2169 chariupolim‚
1501 2121 1763 2167 Traianupolim,

332 2169 492 2209 Macrem,
518 2169 766 2216 Claudiupolim‚
789 2172 1047 2216 Mosynupolim,
1071 2170 1313 2211 Peritheori0n‚
1337 2170 1482 2212 aliasque
1498 2167 1762 2212 quamplurimas,

332 2225 415 2257 quas
431 2225 621 2249 enumerare
644 2228 767 2261 operae
791 2219 931 2261 pretium
955 2228 1020 2250 non
1045 2221 1107 2251 est.
1153 2215 1388 2249 multitudinem
1410 2213 1546 2256 abigens
1570 2212 1659 2245 circa
1681 2212 1763 2246 Istri

333 2258 461 2292 fluenta
476 2260 636 2302 collocat,
673 2266 708 2294 et
722 2273 764 2295 ex
782 2262 843 2295 iam
860 2262 998 2306 direptis
1014 2261 1143 2305 oppidis
1161 2266 1196 2294 et
1214 2260 1349 2293 urbibus
1365 2258 1496 2291 nomina
1512 2258 1654 2302 propriis
1670 2258 1763 2291 colo-

333 2304 396 2337 niis
412 2304 559 2348 imponit,
582 2305 710 2350 damna,
737 2311 772 2340 ut
787 2307 858 2351 ipse
874 2307 1061 2346 dictitabat,
1085 2316 1312 2351 compensans,
1335 2304 1452 2348 quibus
1471 2302 1651 2347 imperator
1669 2302 1762 2336 Basi-

331 2348 393 2382 lius
409 2349 572 2392 Bulgaros
587 2350 766 2392 afflixerat,
790 2362 930 2395 eumque
946 2351 1113 2385 fatebatur
1129 2350 1194 2383 dici
1209 2350 1486 2393 Bulgaroctonum
1496 2374 1506 2391 ‚
1538 2359 1575 2381 se
1592 2359 1671 2381 vero
1688 2348 1761 2381 Ro-

330 2397 558 2428 maeoctonum
572 2394 781 2439 indigitabat.
834 2396 863 2429 is
882 2407 987 2440 usque
1002 2395 1270 2429 Thessalonicam
1287 2393 1481 2438 perveniens
1500 2392 1630 2426 laterali
1645 2393 1760 2426 morbo

329 2439 433 2473 vitam
457 2439 554 2483 finit,
586 2441 642 2474 vel
668 2444 705 2474 ut
729 2441 784 2474 alii
809 2442 1017 2481 asserebant,
1050 2441 1099 2474 ira
1123 2440 1261 2473 numinis
1283 2439 1372 2472 tristi
1395 2442 1503 2471 morte
1524 2438 1680 2471 multatus
1695 2441 1758 2472 est.

329 2484 506 2518 somniavit
521 2484 606 2519 enim
623 2486 665 2519 ab
681 2490 808 2519 armato
824 2486 887 2518 sibi
903 2486 1056 2519 adstante
1070 2486 1166 2518 hasta
1181 2485 1268 2518 latus
1283 2483 1429 2518 confodi:
1461 2494 1555 2516 nemo
1570 2483 1674 2525 enim,
1696 2493 1759 2516 nec

328 2530 480 2572 mentior,
504 2542 523 2563 e
539 2531 695 2565 memoria
711 2531 872 2564 hominum
887 2535 938 2564 tot
952 2542 991 2564 ac
1005 2531 1070 2564 iste
1085 2530 1323 2563 calamitatibus
1340 2530 1507 2562 Romanos
1523 2527 1656 2570 afflixit,
1672 2527 1757 2561 adeo

328 2579 366 2608 ut
379 2586 398 2608 a
413 2587 493 2610 cane
508 2586 627 2609 nomen
642 2576 689 2609 illi
704 2576 892 2621 impositum
906 2576 968 2618 sit,
1001 2580 1037 2608 et
1051 2575 1154 2618 Scylo
1165 2575 1330 2608 -Ioannes
1351 2575 1393 2607 ab
1414 2574 1563 2607 omnibus
1579 2573 1758 2618 compella-

326 2625 430 2654 retur.
477 2632 548 2654 cum
568 2621 653 2655 enim
669 2621 814 2664 Scythas
838 2621 901 2654 sibi
926 2620 1130 2654 devinxisset
1153 2619 1318 2653 affinitate
1341 2631 1412 2653 cum
1432 2619 1494 2652 illis
1512 2623 1698 2660 contracta,
1721 2619 1757 2650 et

327 2676 434 2700 mores
449 2665 512 2700 sibi
525 2666 712 2700 vindicaret
727 2668 770 2700 ob
786 2667 979 2701 ferociorem
994 2670 1143 2698 naturam
1157 2665 1362 2698 immaniores
1375 2690 1384 2704 ‚
1416 2664 1572 2698 caedibus
1586 2663 1755 2696 Romano-

326 2721 398 2744 rum
414 2711 586 2744 admodum
608 2712 848 2747 delectabatur.
894 2711 957 2745 hoc
981 2710 1060 2744 fatis
1086 2711 1199 2743 functo
1221 2710 1344 2743 sororis
1365 2709 1451 2742 illius
1475 2709 1562 2742 filius
1587 2707 1756 2741 Phrorilas

326 2755 467 2799 nomine,
490 2757 655 2801 Scythide
673 2757 749 2791 avia
761 2758 796 2791 in
811 2755 1052 2791 matrimonium
1068 2755 1165 2788 ducta
1176 2780 1187 2795 ‚
1209 2766 1346 2798 regnum
1361 2755 1582 2798 Bulgarorum
1598 2757 1752 2796 occupat.

324 2801 412 2836 filius
426 2812 508 2836 vero
523 2802 625 2836 Asani
640 2802 781 2838 Ioannes
796 2803 880 2837 clam
896 2804 1050 2846 ereptus,
1085 2804 1123 2834 ut
1138 2800 1276 2834 diximus
1287 2825 1297 2845 ,
1329 2799 1372 2834 ad
1388 2800 1535 2843 Scythas
1551 2800 1752 2843 asportatur.
