1924 3242
0 616 54 723 ἕ

0 766 25 870 3

0 899 81 981 'a‘

67 637 1573 743 THEODosslnoUSAE

804 809 893 844 ΕΤ

121 892 731 971 LEONIS
852 896 1574 968 ALLATII

216 1034 300 1085 IN
348 1018 804 1087 GEORGIUM
849 1036 1470 1087 ACROPOLITAM

551 1156 590 1200 N
691 1155 733 1198 O
833 1154 871 1198 T
970 1157 1004 1199 A
1105 1155 1152 1197 E.

119 1439 319 1508 Plurima
346 1462 413 1502 hic
442 1470 558 1514 sunt,
587 1464 780 1503 benevole
802 1465 946 1514 lector,
977 1477 1068 1502 cum
1086 1463 1129 1501 in
1147 1475 1328 1502 sermone
1346 1468 1433 1500 tum
1451 1461 1493 1500 in
1512 1475 1578 1500 ar-

0 2280 7 2334 ¹„

0 2266 28 2438 .1·’·v,

0 2779 37 2907 ᾞεΔΞ
0 2466 33 2738 πλέθςιζἼ

11 1916 26 1928 ,κ
4 1899 6 1902 v
0 1806 27 1884 ⁸⁹⁴.
2 1765 25 1790 ·ae
0 1723 23 1750 ἰ
0 1605 36 1706 ξηᾲϊ
0 1547 18 1588 ’ἢ

123 1527 313 1572 gumento
343 1521 455 1569 libri,
489 1534 591 1573 quae
613 1523 744 1560 virum
767 1523 887 1559 etiam
911 1517 1020 1562 πάνυ
1043 1521 1181 1574 ’ἵστορα
1203 1521 1391 1558 remorari
1410 1520 1576 1571 possint,

123 1589 178 1615 ex
202 1577 408 1629 utriusque
434 1579 626 1615 nimirum
651 1579 875 1617 insolentia.
933 1578 1148 1616 insolentes
1173 1579 1215 1614 in
1240 1590 1422 1615 sermone
1443 1589 1575 1624 voces,

121 1646 184 1672 res
212 1634 431 1685 plurimum
462 1634 678 1672 abstrusae.
738 1634 979 1672 difficultatis
1014 1635 1120 1671 illius
1149 1634 1190 1670 in
1216 1646 1332 1671 causa
1355 1639 1446 1670 sunt
1471 1633 1576 1669 auti-

121 1690 272 1743 quitas,
299 1692 475 1738 novitas,
504 1692 778 1742 peregrinitas.
835 1705 937 1743 quae
954 1692 1028 1728 tria
1048 1691 1220 1728 sermoni
1234 1691 1395 1737 vitium,
1427 1690 1484 1725 rei
1503 1690 1577 1726 ob-

122 1747 350 1784 scuritatem
382 1745 536 1784 adferre
571 1749 714 1785 solent.
771 1749 944 1785 sermoni
962 1749 1104 1785 vitium
1122 1759 1144 1783 a
1162 1747 1324 1784 vocibus
1346 1745 1576 1796 vulgaribus

122 1809 163 1840 et
191 1815 216 1839 a
241 1803 389 1840 saeculi
413 1802 623 1855 phrasibus
655 1803 827 1852 accedit3
858 1817 943 1841 rem
971 1804 1151 1841 obscurat
1179 1801 1367 1840 historiae
1394 1803 1576 1850 varietas,

122 1871 226 1912 quae
246 1865 286 1896 et
302 1872 383 1897 non
404 1872 546 1911 parum
564 1858 631 1898 hic
654 1859 817 1898 distorta
839 1868 898 1898 est
919 1867 958 1898 et
981 1861 1173 1911 implexa.
1232 1872 1326 1898 sane
1358 1859 1578 1896 accuratio-

123 1928 210 1953 rem
235 1921 462 1967 temporum
491 1923 530 1954 et
557 1930 689 1954 rerum
713 1916 1007 1955 distinctionem
1035 1916 1231 1954 desidero.
1289 1914 1361 1953 sed
1382 1913 1579 1967 quemad-

62 1978 84 1990 ''
122 1970 290 2010 modum
317 1972 388 2010 illo
421 1985 519 2010 aevo
546 1974 724 2011 omnium
742 1986 875 2011 rerum
895 1980 934 2011 et
952 1974 1110 2024 imperii
1130 1973 1309 2010 confusio
1329 1978 1413 2009 erat
1433 1970 1578 2008 distra-

84 2059 93 2062 ,.
123 2029 280 2082 otioque
315 2034 355 2066 et
386 2030 500 2081 quasi
535 2028 655 2068 chaos
683 2028 886 2082 quoddam
910 2031 1138 2078 nationum,
1167 2030 1223 2067 ita
1248 2030 1369 2066 etiam
1390 2028 1576 2065 existimo

121 2082 227 2124 hanc
255 2083 478 2123 historiam.
536 2099 638 2139 quae
661 2093 794 2124 tamen
819 2100 871 2124 ne
902 2099 1059 2138 semper
1092 2099 1183 2124 cum
1210 2086 1329 2123 tineis
1350 2091 1514 2123 certaret
1537 2090 1577 2121 et

123 2142 303 2194 opimum
321 2142 512 2194 pabulum
530 2143 665 2181 blattis
685 2143 909 2194 praeberet,
942 2155 1108 2180 manum
1132 2141 1293 2180 admovi
1319 2139 1575 2192 extergendis

122 2198 205 2236 illis
232 2197 413 2236 sordibus
440 2205 480 2236 et
507 2199 807 2238 obscuritatibus
840 2198 1102 2251 explicandis.
1160 2197 1303 2251 quodsi
1326 2210 1406 2235 non
1427 2198 1575 2246 omnia,

124 2266 296 2308 quorum
313 2253 528 2308 equidem
517 2269 712 2308 lmparem
730 2269 796 2294 me
819 2257 943 2294 fuisse
958 2256 1087 2294 libens
1105 2256 1309 2307 profiteor,
1340 2253 1492 2306 aliquid
1509 2267 1575 2291 me

122 2317 260 2349 tamen
285 2318 509 2350 assecutum
535 2326 664 2365 spero.
723 2325 825 2365 quae
853 2327 917 2351 me
947 2313 1177 2350 fefellerunt
1203 2313 1247 2349 in
1267 2317 1376 2350 tanta
1397 2311 1576 2348 obscuri-

124 2372 230 2416 tate,
283 2369 487 2407 excusabit
521 2370 639 2407 facile
678 2371 857 2422 quisquis
878 2367 1098 2417 „humanus
1139 2375 1212 2407 est.
1276 2366 1408 2420 prodit
1439 2368 1576 2420 itaque

126 2422 263 2477 (quod
286 2424 390 2462 felix
415 2425 668 2479 faustumque
688 2427 738 2464 sit
759 2433 798 2464 et
819 2426 916 2464 utile
938 2428 995 2464 rei
1019 2426 1203 2478 publicae
1231 2422 1455 2476 literariae)
1487 2437 1579 2461 mea

127 2493 247 2532 opera
272 2479 482 2533 studioque
504 2495 610 2521 nunc
637 2485 811 2534 primum
833 2496 887 2521 ex
912 2484 1075 2535 pulvere
1095 2484 1252 2534 situque
1274 2488 1407 2519 erutus
1427 2487 1466 2517 et
1486 2482 1580 2518 vin-

127 2535 281 2575 dicatus
310 2538 501 2588 Georgius
528 2538 789 2591 Logothetes,
821 2546 957 2578 auctor
979 2541 1212 2592 neutiquam
1240 2535 1510 2589 aspernandus
1540 2543 1579 2574 et

125 2594 291 2633 meliore
332 2593 597 2647 (Herculesl)
641 2597 722 2635 fato
758 2595 1036 2648 dignissimus,
1079 2597 1147 2648 qui
1176 2595 1293 2632 rebus
1323 2594 1445 2644 gestis
1479 2606 1579 2645 quas

126 2651 341 2692 memoriae
378 2649 510 2702 prodit
535 2665 615 2691 non
640 2653 820 2691 interfuit
856 2652 1126 2700 solummodo,
1174 2650 1246 2689 sed
1274 2651 1509 2702 plerumque
1542 2658 1579 2687 et

125 2706 322 2758 praefuit·
311 2734 323 2754 ,
352 2705 461 2759 quod
479 2719 558 2746 non
580 2710 743 2748 obscure
764 2710 860 2747 alibi
878 2711 1047 2762 ipsemet
1065 2707 1227 2746 indicat.
1285 2705 1383 2759 quid
1402 2707 1580 2758 pluribus

102 2774 107 2779 ’
127 2775 227 2814 opus
248 2761 334 2801 est.
365 2765 503 2815 quanti
528 2778 598 2804 suo
620 2779 717 2804 aevo
741 2765 901 2804 habitus
919 2768 992 2814 sit,
1025 2764 1197 2803 ostendit
1218 2765 1285 2817 qui
1308 2776 1400 2801 eum
1419 2764 1580 2815 propius

60 2821 67 2831 ⁸
87 2851 89 2855 ,
125 2821 251 2870 novit,
279 2821 447 2858 maximi
466 2823 641 2861 nominis
660 2828 699 2862 et
720 2822 923 2875 dignitatis
943 2824 1004 2862 vir
1020 2823 1233 2875 Gregorius
1253 2821 1434 2875 Cyprius,
1463 2832 1581 2871 prae-
