1924 3242
701 158 705 162 “
743 154 1003 199 ΑΝΝΑΕΕΒι
1532 151 1598 196 89

152 270 291 328 αᾶῐῷ)
318 267 376 312 ἔτι
407 268 450 312 δὲ
473 271 639 323 ποιῆσαι
660 269 726 311 καὶ
749 268 899 326 ἀγορὰν
920 268 999 320 ἔξω
1020 271 1092 323 τῆς
1112 264 1264 316 πόλεως
1286 265 1596 320 Θεσσαλονίκης,

151 337 211 389 ὥς
239 336 290 381 ἄν
318 337 444 392 ἔχοιεν
461 334 665 380 Ιὠνεῖσθαι
694 337 746 379 τὰ
770 336 944 394 χρειώδη
974 337 1025 380 τὰ
1049 333 1343 394 στρατεύματα.
1410 332 1432 376 ὅ
1453 334 1496 376 δὲ
1515 341 1599 383 τοῖς

150 403 378 460 ἐπιβούλοις
403 405 649 461 συμβούλοις
673 404 881 462 χρώμενος
910 406 1025 448 οὐδέν
1042 398 1092 447 ’τι
1122 409 1203 448 τῶν
1225 402 1416 446 τοιούτων
1433 407 1597 457 ποιῆσαι

151 480 433 532 παρεχωρεῖτο.
501 473 604 516 πάνυ
637 475 680 516 δὲ
708 474 850 529 ὀλίγων
881 471 1040 530 ἡμερῶν
1073 475 1427 530 παραδραμουσῶν
1461 470 1594 526 ὀλίγου
1618 480 1648 515 C

118 542 260 593 ὅτινός
277 540 576 599 στρατεύματος
593 544 758 598 πλησίον
775 542 985 596 ἱσταμένου
1004 545 1076 595 τῆς
1092 545 1240 597 μικρᾶς
1254 539 1382 595 πύλης
1399 543 1470 594 τῆς
1487 539 1601 596 παρὰ

151 609 424 668 τῇηθαλάσσῃ
461 613 549 664 [καὶ
581 608 942 665 ἐπονομαζομένης]
980 610 1047 651 διὰ
1080 609 1126 651 τὸ
1157 609 1214 663 μὴ
1236 607 1472 665 ἄπροόπτως
1492 609 1600 658 ἐξελ-

151 683 243 722 θεῖν
269 679 381 731 τινὰς
415 684 496 722 τῶν
528 684 600 734 τῆς
625 678 777 729 πόλεως
808 680 879 721 καί
906 695 1019 728 τινας
1051 679 1318 730 λυμαίνεσθαι
1348 681 1427 718 τῶν
1457 678 1499 718 ἐκ
1530 679 1604 718 τοῦ
1627 702 1634 707 -

152 752 354 804 στρατοῦ,
386 749 571 803 ἐξαπίνης
595 749 638 790 ἐκ
664 746 814 802 ταύτης
842 745 1005 803 ἐγεγόνει
1034 745 1113 800 βοὴ
1145 743 1199 795 ὡς
1231 744 1408 799 ἤνοικται
1438 742 1464 797 ἦ
1498 742 1602 798 πύλη

153 813 267 872 παρά
289 833 398 867 τινος
421 820 500 859 τῶν
524 814 656 868 ἐντός,
689 818 755 858 καὶ
777 820 828 872 τῇ
849 820 930 872 βοῇ
954 816 1154 858 συνείπετο
1179 811 1205 868 ἡ
1228 810 1604 869 παραφυλάττουσα

100 891 144 926 10
155 882 344 938 δύναμις,
385 886 452 927 καὶ
488 883 650 938 σύμπαν
681 885 724 927 δὲ
751 885 796 926 τὸ
823 882 1053 940 στράτευμα
1076 881 1268 924 ὁπλισθέν
1286 881 1388 934 μετὰ
1408 884 1482 922 τοῦ
1503 897 1604 936 κρα-

153 956 317 1002 τοῦντος
346 953 501 1009 ἐφοίτα.
570 955 637 995 καὶ
657 953 697 994 ἐν
720 953 865 1009 ἀκαρεῖ
877 950 1031 1001 πάντας
1051 948 1192 1005 εἶχενῆ
1216 950 1490 1003 Θεσσαλονίκη
1511 949 1607 998 τοὺς

152 1023 227 1063 τοῦ
242 1021 444 1073 βασιλέως
463 1018 583 1070 ἐντός.
641 1019 662 1062 ὅ
683 1022 726 1063 δὲ
744 1020 936 1076 βασιλεὺς
955 1019 1046 1074 ἵστη
1066 1019 1177 1076 παρὰ
1198 1018 1270 1073 τὴν
1288 1017 1388 1075 πρὸς
1406 1017 1606 1066 ἀνατολὰς

151 1088 381 1142 βλέπουσαν
403 1087 531 1144 πύλην
551 1092 623 1144 τῆς
646 1088 822 1140 πόλεως,
858 1091 924 1131 καὶ
945 1087 970 1143 ἦ
992 1092 1065 1131 τοῦ
1085 1088 1323 1143 Δημητρίου
1353 1085 1510 1142 ἀδελφὴ
1532 1087 1606 1127 Εἷ-

153 1154 254 1213 ρήνη
264 1188 279 1209 ,
310 1155 337 1211 ἦ
356 1162 430 1200 τοῦ
446 1157 693 1214 Βουλγάρων
709 1158 830 1200 Ἀσὰν
850 1156 1024 1213 γαμετή,
1054 1160 1324 1212 γονυπετοῦσα
1344 1156 1410 1197 καὶ
1431 1171 1601 1196 ποτνιωῄ
1624 1160 1657 1194 D

102 1232 145 1268 15
156 1225 256 1280 μένη
283 1226 340 1279 μὴ
367 1229 514 1268 παθεῖν
532 1226 602 1268 τὸν
623 1226 798 1283 ἀδελφὸν
824 1227 948 1280 αὐτῆς
968 1230 1048 1267 τῶν
1069 1225 1300 1282 ὀφθαλμῶν
1318 1224 1516 1279 στέρησιν.
1585 1219 1606 1264 ὅ

156 1293 200 1335 δὲ
228 1291 465 1350 Δημήτριος
493 1293 603 1350 ἔφθη
629 1296 684 1344 εἷς
712 1295 785 1348 τὴν
810 1293 1026 1350 ἀκρόπολιν
1048 1288 1215 1346 ἀναβᾶς.
1284 1290 1427 1347 ἐγγύας
1447 1291 1490 1332 δὲ
1510 1291 1609 1332 ἐνω-

155 1359 308 1414 μότους
332 1362 433 1418 πρὸς
458 1366 531 1404 τοῦ
559 1363 758 1415 βασιλέως
786 1366 970 1416 λαβοῦσα
997 1359 1052 1411 ὥς
1079 1361 1152 1402 οὐκ
1179 1360 1362 1402 ἀπολέσει
1382 1354 1499 1408 οὗτος
1515 1358 1609 1408 τοὺς

148 1428 424 1486 ὀφθαλμούς,
460 1428 576 1486 ἀπῄει
609 1448 651 1473 τε
685 1431 797 1487 παρὰ
831 1430 900 1472 τὸν
928 1429 1103 1486 ἀδελφὸν
1131 1430 1197 1470 καὶ
1227 1427 1329 1485 πρὸς
1351 1427 1420 1470 τὸν
1439 1427 1610 1481 βασιλέα

95 1532 101 1536 .
155 1501 299 1540 τοῦτον
324 1497 530 1554 ἐξήγαγεν·
558 1493 608 1553 ἦν
639 1499 682 1541 δὲ
710 1500 843 1556 φέρων
874 1492 990 1548 οὗτος
1020 1498 1092 1552 τὴν
1121 1495 1278 1551 ἡλικίαν
1305 1500 1379 1538 τοῦ
1406 1497 1609 1552 μείρακος,

102 1571 363 1622 ΞΟπροσεχῶς
394 1568 450 1616 εἷς
477 1567 602 1620 αὐτὴν
630 1569 900 1624 παραγγείλας
925 1568 993 1608 καὶ
1020 1564 1142 1621 μήπω
1166 1563 1348 1619 χνοάζων
1374 1564 1419 1606 τὸ
1451 1565 1610 1620 γένειον,

158 1631 308 1690 ὡραῖος
326 1634 369 1676 δὲ
386 1634 431 1676 τὸ
451 1632 556 1684 εἶδος
571 1637 638 1676 καὶ
656 1636 728 1689 τὴν
746 1634 866 1692 φυήν.
934 1636 1114 1689 τετίμηκε
1133 1635 1176 1676 δὲ
1192 1632 1341 1688 ταύτην
1361 1631 1381 1674 ὃ
1400 1631 1611 1687 βασιλεύς·

160 1699 217 1750 ὥς
244 1701 322 1759 γὰρ
353 1702 483 1758 ἀπέβη
515 1703 618 1757 αὐτὴ
650 1708 723 1745 τοῦ
746 1705 894 1754 ἵππου,
929 1707 1147 1757 τηνικαῦτα
1179 1704 1243 1744 καὶ
1277 1700 1298 1743 ὅ
1328 1701 1519 1755 βασιλεὺς
1539 1704 1613 1742 τοῦ

161 1771 305 1812 οἰκείου
331 1769 533 1825 ὀχήματος
552 1771 709 1826 ἀποβὰς
731 1771 846 1824 πεζὸς
862 1772 998 1826 ἕστηκε
1019 1770 1093 1813 σὺν
1111 1770 1225 1828 αὐτῇ.
1274 1764 1300 1824 ἦ
1314 1770 1387 1823 μὲν
1408 1764 1479 1812 οὖν
1498 1767 1612 1818 πόλις

251 1889 275 1923 6
303 1887 366 1923 καὶ
394 1886 713 1935 ἐπονομαζομένης
739 1902 793 1925 om
814 1891 847 1924 D
999 1892 1040 1925 11
1071 1886 1095 1934 ἦ
1129 1901 1181 1924 om
1212 1889 1244 1922 D
1400 1889 1444 1923 12
1471 1886 1554 1930 περὶ
1582 1887 1613 1920 D

253 1934 298 1970 14
320 1932 343 1978 ἡ
365 1935 468 1980 vulgo
486 1946 539 1970 om
684 1939 725 1972 17
750 1933 801 1975 αἱς
817 1956 863 1964 —-
882 1932 1105 1979 ὀφθαλμούς
1123 1947 1176 1969 orn
1192 1935 1224 1968 D
1364 1935 1406 1969 18
1431 1945 1470 1968 τε
1488 1930 1613 1976 παρὰ]

251 1978 347 2023 πρὸς
370 1981 402 2014 D
540 1981 586 2017 22
608 1985 688 2016 ante
709 1979 760 2021 εὸς
779 1982 832 2015 D:
867 1979 930 2016 οἷα
954 1979 1093 2025 ἐκείνης
1116 1978 1422 2026 σχηματιζόμενος
1451 1977 1520 2023 τὴν
1550 1990 1613 2012 zot-

251 2026 435 2061 πείνωσιν.
572 2028 641 2063 τοῦ
662 2027 798 2063 οἰκείου
815 2049 861 2055 -
878 2025 973 2073 αὐτῇ
993 2039 1046 2062 om
1060 2027 1104 2062 D.

161 2128 358 2175 imperatori
375 2130 508 2173 suerat,
534 2130 576 2165 ad
592 2142 630 2165 se
645 2126 808 2173 accersit,
835 2131 1084 2177 emporiumque
1105 2130 1268 2176 poscebat
1283 2131 1382 2163 extra
1395 2126 1616 2162 Thessaloni-

162 2186 260 2219 cam,
281 2175 317 2209 in
341 2187 407 2220 quo
434 2177 577 2218 milites,
602 2187 689 2222 quae
704 2177 769 2210 sibi
784 2177 857 2211 usui
873 2183 1007 2221 essent,
1031 2177 1141 2222 pretio
1158 2179 1363 2210 coemerent.
1410 2173 1468 2207 ine
1494 2184 1514 2207 a
1534 2183 1618 2207 con-

162 2221 325 2255 mitorum
340 2221 469 2256 insidiis
482 2223 546 2256 sibi
562 2234 629 2256 non
645 2234 871 2268 praecavens,
894 2223 992 2258 dictis
1007 2234 1121 2257 eorum
1138 2221 1369 2256 obsecundans
1379 2247 1390 2263 ‚
1413 2219 1494 2254 nihil
1508 2230 1550 2252 ex
1566 2217 1621 2253 hia

164 2276 252 2311 quae
264 2267 450 2312 imperator
465 2269 630 2303 indixerat
646 2274 806 2303 executus
823 2274 883 2303 est.
930 2268 1150 2315 paucissimos
1170 2275 1247 2314 post
1269 2267 1339 2300 dies
1358 2277 1464 2312 parva
1480 2264 1618 2298 militum

165 2322 281 2346 manns
297 2314 386 2358 apud
398 2314 550 2359 pusillam
567 2315 659 2349 urbis
674 2319 804 2359 portam
820 2320 854 2349 et
870 2327 961 2350 mare
975 2318 1182 2360 spectantem
1205 2313 1359 2348 adsidens
1373 2339 1381 2352 ,
1406 2311 1618 2345 custodiens-

166 2367 234 2402 que
246 2369 290 2391 ne
304 2359 378 2403 quis
395 2372 435 2394 ex
452 2361 537 2394 urbe
551 2373 593 2394 ex
608 2361 790 2406 improviso
805 2361 957 2406 irrepens
974 2360 1110 2394 militem
1127 2359 1295 2402 laederet,
1319 2359 1440 2392 oborto
1455 2357 1532 2391 inde
1550 2357 1620 2390 cla-

167 2413 262 2457 more
277 2408 410 2448 portam
423 2406 466 2439 ab
480 2406 523 2440 iis
540 2407 596 2451 qui
611 2407 702 2441 intus
718 2411 816 2441 erant
836 2413 987 2453 apertam
1003 2407 1106 2441 fuisse
1117 2431 1127 2450 ,
1152 2406 1326 2440 clamorem
1351 2403 1537 2452 insequitpr
1549 2428 1559 2444 ‚
1584 2406 1620 2434 et

167 2459 346 2502 universus
364 2451 531 2485 exercitus
553 2457 630 2498 post
645 2464 716 2487 eam
733 2457 878 2487 armatus
895 2465 968 2487 cum
983 2453 1184 2498 imperatore
1201 2450 1378 2485 confestim
1403 2447 1620 2483 Thessaloni-

169 2505 242 2528 cam
258 2506 434 2548 Jngressun
451 2498 560 2532 omnia
576 2504 754 2544 occupant.
799 2499 980 2543 imperator
993 2499 1026 2532 in
1042 2503 1143 2544 porta
1158 2498 1250 2531 urbis
1261 2523 1270 2540 ‚
1294 2495 1428 2542 quaein
1445 2494 1621 2529 Orientem

169 2546 284 2584 vergit
295 2566 306 2582 ‚
335 2542 440 2576 stetit.
493 2544 613 2578 aderat
637 2551 672 2578 et
695 2546 856 2579 Demetrii
881 2557 978 2579 soror
1004 2546 1101 2578 Irene
1113 2571 1122 2589 ,
1146 2544 1366 2587 Bulgarorum
1393 2541 1496 2576 Asani
1522 2551 1619 2579 uxor,

168 2585 323 2631 supplex,
342 2587 484 2631 genibus
499 2590 578 2624 nixa
593 2595 627 2624 et
641 2591 891 2625 lacrimabunda
905 2602 1048 2625 exorans
1063 2603 1106 2624 ne
1121 2591 1230 2624 frater
1244 2589 1349 2622 oculis
1365 2587 1619 2621 obcaecaretur.

169 2632 362 2686 Demetrius
386 2633 422 2667 in
442 2645 553 2670 arcem
578 2636 670 2681 prius
684 2649 760 2670 sese
775 2642 964 2683 receperat.
1011 2648 1129 2677 soror,
1152 2635 1337 2680 spondente
1352 2645 1392 2668 ac
1407 2631 1619 2667 iureiurando

168 2683 388 2722 pronnttente
410 2678 610 2725 imperatore
627 2683 741 2717 oculos
757 2694 830 2716 eum
847 2695 913 2717 non
928 2682 1123 2717 amissurum
1135 2707 1145 2723 ‚
1168 2682 1307 2715 fratrem
1325 2677 1545 2713 adolescentis
1561 2687 1620 2709 ae-

170 2729 274 2778 tatem
290 2729 454 2759 maturam
470 2725 642 2762 admodum
658 2740 740 2773 prae
754 2740 791 2763 se
806 2730 971 2763 ferentem
983 2757 992 2773 ‚
1016 2728 1075 2762 sed
1099 2728 1206 2761 adhuc
1229 2727 1428 2769 imberbem,
1453 2725 1561 2758 forma
1583 2725 1620 2755 et

168 2781 281 2814 specle
308 2771 502 2815 egregium,
526 2772 569 2806 ad
591 2772 633 2807 im
661 2778 829 2809 eratorem
853 2775 986 2809 detulit.
1033 2784 1104 2807 eam
1130 2774 1257 2807 honore
1272 2771 1407 2806 ornavit
1420 2771 1619 2814 imperator:

169 2820 207 2850 ut
223 2817 311 2858 enim
327 2817 384 2853 ina
402 2828 487 2864 equo
504 2817 625 2854 descen
651 2819 694 2865 it,
711 2819 893 2867 imperator
908 2820 1008 2856 etiam
1023 2831 1044 2854 a
1058 2818 1195 2866 proprio
1212 2818 1366 2854 vehiculo
1382 2815 1521 2851 exiliens
1531 2839 1541 2856 ‚
1560 2825 1620 2860 pe-
