1864 3242
0 659 14 839 --sv-<u-psn—:1-
0 641 3 647 ν
0 462 8 626 ν-πα-ςι-ψ
0 368 8 451 -v—«m-
0 344 2 358 -
0 323 3 334 η
0 304 2 309 <
0 258 3 260 -
4 231 6 237 ,

0 2996 23 3033 3⁷

0 3063 25 3093 a>

545 191 946 239 ACROPOLITAM
977 191 1179 238 NOTAE.
1482 191 1579 239 243

123 315 201 345 sna
223 302 422 357 legatione
450 304 628 357 asperius
649 304 832 342 functum
847 303 994 354 fuisse,
1024 302 1203 359 adeoque
1226 315 1357 359 neque
1377 302 1483 357 apud
1501 306 1581 343 im-

122 366 347 414 pen-amem
382 373 514 414 neque
554 359 662 412 apud
696 361 866 400 Graecos
903 360 1057 414 aliquid
1089 362 1305 414 profecisse
1329 361 1449 401 tradit
1473 361 1582 400 idem

124 415 363 471 Spondanus
381 429 486 457 anno
509 419 617 460 1213
635 430 747 456 num.
763 418 833 460 24.
888 416 992 457 Au..

211 498 279 548 ''.p
299 498 355 538 32
374 508 415 534 v.
434 498 476 538 7.
533 495 737 554 ἔρυθροβι
742 494 827 549 φ’ἥ]
855 508 909 534 ex
935 510 1067 535 rerum
1083 498 1315 536 Latinarum
1334 498 1581 550 ignoratione

124 552 276 591 factum
301 559 361 591 est
387 558 432 590 ut
459 553 708 604 Acropoffla,
739 551 847 606 quod
874 566 928 591 ex
950 566 1060 592 more
1088 554 1197 599 illius
1227 527 1374 605 gentis&
1377 561 1501 604 esset,
1531 554 1584 593 ad

124 609 275 648 fastum
305 612 345 647 et
379 609 637 647 insolentiam
667 607 853 647 traheret.
912 611 1001 662 qula
1032 612 1141 648 enim
1164 612 1291 648 nescit
1318 611 1436 649 rubra
1462 610 1584 650 indu-

124 673 260 704 menta
300 671 340 703 et
377 663 530 718 reliqu'a
564 664 823 704 cardinalium
855 667 1113 718 supellectilis
1150 667 1266 705 rubro
1299 668 1429 705 colore
1459 669 1583 706 infici.

125 734 208 760 non
229 728 364 760 tamen
388 721 484 760 inde
513 723 712 774 sequitur,
743 724 969 776 quicunq'ue
995 721 1103 775 apud
1125 736 1214 761 eam
1233 724 1437 766 nationem
1454 725 1583 763 rubris

125 785 291 817 utuntur
319 779 517 828 vestibus,
550 777 769 817 cardinales
795 792 902 828 esse,
931 786 976 818 ut
997 780 1261 831 nugacissime
1280 787 1483 831 argutatur
1502 783 1584 819 Za-

127 833 281 878 charias
311 835 515 887 Gergenus
541 836 583 872 in
613 848 684 873 sua
714 833 939 885 Catechesi,
970 837 1039 889 qui
1066 849 1156 874 cum
1182 835 1347 874 vidisset
1369 850 1516 888 papam
1541 836 1585 875 in

127 890 223 930 sede
250 890 394 930 deferri
420 891 468 929 ab
495 890 725 930 hominibus
747 892 875 930 rubris
898 894 1050 931 amictis
1067 893 1264 942 vestibus,
1294 893 1585 932 inconsiderate

128 955 168 986 et
192 947 312 1000 plane
335 946 500 986 ridicule
517 949 735 997 enuntiavit
742 962 901 999 papam
918 949 1187 987 cardinalium
1207 956 1395 1001 quattuor
1411 950 1586 988 humeris

127 1003 300 1042 subvehi·
321 1003 508 1042 satellitio
537 1005 745 1054 sapatum,
773 1003 846 1046 τόν
867 1001 1110 1058 βασι-ἄξουσι
1128 1004 1314 1061 τέσσαρες
1333 1005 1589 1060 καρδινοῖλεις

127 1057 176 1113 μὲ
205 1056 470 1113 δορυφόρους.
526 1062 630 1098 Am..

240 1137 295 1176 ib.
318 1137 448 1180 v.15.
505 1135 577 1180 τᾶν
592 1153 733 1179 παπαν
748 1140 909 1190 πρῶτον
927 1135 1131 1193 ἀρχιερέα]
1159 1151 1305 1194 nempe
1324 1141 1406 1180 iam
1421 1143 1517 1180 olim
1534 1141 1585 1181 de

127 1195 303 1248 primatu
325 1195 522 1235 contentio
545 1195 622 1233 fuit
643 1196 748 1232 inter
770 1197 995 1237 Romanum
1017 1197 1244 1248 pontificem
1261 1205 1300 1236 et
1319 1198 1583 1249 patriarcham

130 1252 404 1303 Cpolitanum3
435 1263 556 1303 quam
572 1250 719 1288 decidit
737 1253 977 1290 lastinianus
999 1260 1038 1290 et
1057 1255 1206 1291 Romae
1228 1255 1383 1305 Cpolim
1403 1256 1583 1293 subiecit.

127 1314 240 1360 patet
257 1319 310 1344 ex
328 1307 494 1345 Novella
514 1307 609 1349 131.
652 1307 746 1344 fecit
767 1306 876 1344 idem
895 1306 1048 1347 Phocas
1067 1317 1230 1360 rogante
1253 1312 1458 1349 Bonifacio
1476 1314 1584 1349 Pon-

129 1363 256 1412 tifice3
291 1361 341 1401 de
373 1376 453 1416 quo
485 1364 635 1402 Paulus
668 1363 949 1402 warnefridus
981 1363 1030 1402 de
1064 1366 1172 1403 Gest.
1200 1367 1451 1418 Lougobard.
1468 1368 1539 1405 lib.
1559 1367 1586 1408 4

131 1422 219 1472 c'ap.
238 1421 306 1462 37.
365 1421 647 1472 Romanusque
673 1420 859 1471 pontifex
886 1434 1043 1472 semper
1066 1423 1282 1472 primatum
1301 1436 1475 1461 asserere
1500 1431 1586 1462 stu-

132 1476 242 1525 duit,
272 1477 511 1516 reclamante
539 1477 634 1514 licet
655 1484 695 1514 et
717 1477 890 1514 multum
914 1485 1159 1529 repugnante
1184 1478 1428 1530 patriarcha,
1459 1479 1586 1518 donec
1634 1494 1637 1497 ·

132 1534 207 1572 sub
235 1533 432 1572 Balduiuo
461 1531 632 1570 Flandro
661 1540 774 1584 capta
801 1534 898 1571 urbe
920 1534 1136 1586 fugatoque
1164 1534 1386 1586 patriarcha
1419 1538 1584 1585 Graeco,

130 1591 363 1643 Venetoque
381 1587 541 1627 Thoma
557 1590 794 1627 Mauroceno
824 1589 970 1641 (primo
991 1604 1043 1628 ex
1060 1592 1211 1629 Latinis
1230 1591 1471 1644 patriarcha)
1502 1593 1588 1631 ele-

132 1653 220 1695 cto,
257 1645 472 1684 orientalis
498 1645 678 1692 ecelesia,
707 1647 820 1683 cuius
845 1646 940 1683 olim
961 1647 1184 1698 metropolis
1205 1655 1290 1685 erat
1314 1649 1464 1699 Cpolis,
1494 1663 1587 1687 eum

132 1704 368 1754 imperatore
389 1709 427 1739 et
447 1703 627 1740 universo
650 1703 812 1752 imperio
838 1704 921 1740 eius
949 1705 1073 1754 capiti
1098 1718 1169 1741 suo
1187 1705 1372 1742 Romano
1383 1706 1588 1756 pontifici,

132 1761 237 1797 sicut
247 1759 340 1811 fuit
357 1759 580 1810 antiquitus
596 1759 804 1804 renodata,
833 1760 1043 1796 Romanae
1060 1759 1245 1798 ecelesiae
1263 1775 1343 1798 sese
1361 1775 1439 1798 esse
1445 1762 1589 1810 filiam

133 1822 437 1867 recognosceret;
466 1816 550 1865 ipse
576 1816 695 1852 etiam
717 1814 954 1866 patriarcha
978 1815 1073 1854 huic
1101 1818 1287 1866 aspirans
1315 1820 1423 1868 operi
1449 1826 1486 1854 et
1509 1833 1587 1868 ap·-

128 1872 349 1924 plaudens,
377 1885 418 1909 se
444 1871 651 1922 dignitatis
673 1885 769 1909 suae
780 1871 960 1922 pallium
979 1886 1006 1909 a
1027 1887 1178 1910 summo
1200 1874 1384 1911 Romano
1399 1876 1589 1924 pontifice

134 1935 381 1979 recepturum
405 1929 663 1978 promitteret.
723 1928 844 1965 verba
888 1935 979 1966 sunt
1019 1930 1180 1966 Henrici
1219 1929 1312 1982 (qui
1340 1931 1501 1981 Meyero
1529 1938 1589 1969 est

134 1984 280 2036 Hugo)
311 1985 465 2022 comitis
484 1983 532 2021 de
551 1985 694 2023 Sancto
712 1985 857 2032 Paulo,
888 1997 941 2021 ex
960 1986 1125 2035 epistola
1140 1987 1283 2036 scripta
1301 1987 1434 2037 Cpoh,
1466 2000 1589 2039 quam

136 2041 344 2081 annalibus
372 2042 452 2079 suis
479 2041 618 2078 inserit
651 2039 890 2078 Godefridus
917 2040 1159 2089 monachus3
1204 2043 1273 2094 qui
1306 2049 1415 2081 extat
1439 2045 1589 2081 Rerum

137 2097 461 2137 Germanicarum
486 2103 595 2134 tomo
624 2095 863 2134 Freheriano
890 2098 1032 2148 primo.
1100 2096 1199 2135 haec
1228 2098 1454 2136 acciderunt
1483 2112 1587 2137 anno

142 2155 263 2196 1203.
319 2152 390 2191 sed
410 2154 562 2201 statim,
592 2159 635 2190 ut
654 2152 811 2190 videtur
824 2182 834 2202 ‚
866 2151 1036 2191 dissiluit
1049 2152 1149 2191 haec
1169 2154 1397 2204 concordia,
1425 2157 1588 2206 iugum—

138 2221 217 2261 que
250 2208 498 2248 Occideutale
526 2209 788 2247 detrectarunt
814 2211 1046 2247 Orientales.
1103 2223 1181 2262 quo
1211 2213 1373 2249 nomine
1405 2210 1504 2249 haec
1536 2211 1589 2249 ad

137 2266 246 2316 ipsos
273 2278 296 2303 a
321 2266 504 2318 pontifice
531 2267 708 2303 Romano
734 2265 891 2303 videtur
913 2267 1091 2303 instituta
1114 2267 1284 2318 legatio,
1315 2267 1364 2305 de
1389 2280 1466 2319 qua
1486 2269 1587 2306 insi—

139 2323 230 2373 gnis
251 2321 496 2373 Logothetae
515 2322 640 2360 locus.
697 2321 769 2359 sed
796 2323 981 2373 Pelagius
1003 2323 1158 2373 legatus
1178 2323 1308 2362 surdis
1329 2326 1490 2372 cecinit,
1523 2325 1589 2362 fa-

139 2384 257 2419 vente
279 2379 494 2430 Cpolitanis
510 2379 747 2430 imperatore
768 2380 937 2416 Hem-ico
957 2378 1144 2416 Balduini
1164 2380 1298 2418 fratre.
1356 2393 1588 2432 quanquam

140 2446 244 2472 anno
268 2433 394 2484 1215,
421 2441 598 2487 tempore
621 2436 787 2473 concilii
804 2436 996 2483 Romani,
1034 2435 1248 2473 Orientali-s·
1273 2437 1453 2481 ecclesia,
1482 2437 1592 2486 quod

139 2498 261 2528 antea
286 2491 512 2530 inauditum
527 2492 638 2542 ficit,
666 2505 706 2528 se
733 2491 934 2529 subditam
956 2492 1167 2530 Romanae
1194 2493 1377 2529 eeclesiae
1394 2492 1582 2530 exhibuit.

141 2561 238 2585 nam
274 2547 388 2598 Cpoli
416 2547 494 2585 cluo
526 2549 570 2586 in
589 2532 867 2599 patriarcham
898 2547 1010 2585 electi
1041 2549 1216 2585 Romam
1248 2555 1455 2593 venerunt,
1491 2563 1589 2600 quos

141 2602 280 2642 ambos
295 2617 411 2654 papa
435 2604 596 2643 consilio
622 2604 892 2642 cardinalium
922 2604 1119 2654 deposuit,
1149 2611 1187 2640 et
1210 2612 1258 2641 tet
1260 2606 1367 2642 tium
1387 2604 1589 2642 substituit

142 2667 181 2696 et
193 2661 391 2698 investivit
409 2666 447 2696 et
461 2660 519 2702 ad
529 2661 656 2699 sedem
667 2662 876 2712 propriam
892 2662 1053 2699 remisit.
1113 2661 1232 2699 refert
1249 2660 1358 2698 idem
1370 2660 1592 2699 monachus

142 2717 186 2754 in
206 2717 440 2754 Annalibus.
494 2717 657 2756 nousA.

257 2783 311 2821 ib.
370 2777 515 2824 τούτου
551 2798 627 2836 την
664 2779 828 2837 μνήμην
862 2783 906 2826 ἐν
943 2782 1236 2834 ἰεροτελεστίαις
1259 2781 1477 2835 ἐκφωνεῖν]
1515 2782 1592 2821 hac

147 2838 197 2878 de
236 2853 300 2890 re,
341 2853 486 2892 nempe
523 2847 566 2878 ut
593 2842 636 2878 in
671 2843 790 2879 sacris
823 2839 1052 2892 hymnodiis
1088 2840 1328 2878 Graecorum
1358 2853 1484 2892 papae
1510 2843 1591 2879 Ro·-
