1924 3242
401 179 497 225 208
918 180 978 223 IN
1010 180 1306 226 GEORGIUM

615 285 731 339 φήμη
752 282 790 328 δ’
810 285 919 336 οὔτις
936 286 1103 341 πάμπαν
1126 285 1362 339 ἅπόλλυται,
1390 286 1445 341 ἥν
1460 306 1550 334 τινα
1566 290 1705 338 πολλοὶ
1735 292 1758 312 ’”“

611 342 699 383 λαοὶ
717 345 942 394 φημίξουσι.
998 342 1092 393 θεὸς
1110 343 1161 386 νύ
1180 361 1238 393 τις
1257 346 1335 387 ἐστὶ
1354 346 1422 389 καὶ
1445 346 1557 402 αὐτῇ.
1764 369 1771 379 ·
1791 370 1817 386 ..κ

399 395 450 434 ad
477 397 584 434 cuius
615 399 844 450 exemplum
865 402 1028 439 Famam
1049 403 1167 439 etiam
1187 401 1302 439 deam
1320 405 1472 442 vocavit
1491 403 1679 456 Virgilius
1698 401 1726 445 4
1743 403 1828 449 Ase-

399 452 559 490 neidos:

609 508 707 547 haec
723 511 875 561 passim
896 510 970 549 dea
979 506 1106 563 foeda
1123 513 1251 551 virum
1270 513 1461 565 dc‘ff'undit
1478 515 1522 552 in
1537 527 1620 553 ora.
1664 514 1827 555 Donu-

507 575 548 614 p.
576 565 601 604 6
629 578 667 602 v.
696 568 732 606 1.
798 562 967 616 Ἀλεξίου
996 570 1068 608 τοῦ
1095 569 1334 621 Κομνηνοῦ]
1375 583 1437 608 res
1469 576 1597 621 gestas
1623 568 1758 609 Alexii
1788 578 1828 610 et

397 620 536 657 Isaacii
554 621 796 671 Angelorum
812 623 995 672 fratrum,
1025 630 1064 661 et
1086 624 1281 676 quomodo
1305 626 1497 664 Isaacium
1516 626 1680 665 Alexius
1697 628 1828 679 imper·

399 677 455 713 rio
482 675 627 727 pulerit
654 678 1017 732 obcaecaveritque,
1045 680 1132 718 fuse
1149 682 1396 734 prosequitur
1420 674 1668 728 Choniatain
1682 682 1828 725 Aiexio

399 738 437 770 et
456 734 624 782 Isaacio,
654 746 773 786 quem
788 733 893 773 vide.
948 737 1049 774 Am..
1694 743 1698 747 '

511 788 564 825 ib.
587 802 625 827 v.
644 792 684 829 2.
739 786 930 845 Ἀγγέλων
948 791 1016 831 καὶ
1042 787 1196 844 οἷμφοῖν
1223 787 1549 846 ὀνομαζομένων]
1577 792 1681 838 'hinc
1697 789 1829 848 Ἀγγε-

398 839 573 895 λῶνυμοι
596 845 844 898 κασίγνητοι,
884 842 1049 898 ἀδελφοὶ
1077 856 1349 899 nuncupantur
1377 863 1400 887 a
1431 848 1621 888 Choniata
1643 850 1714 889 lib.
1733 853 1759 892 3
1785 851 1828 888 in

398 900 540 937 Alexio
561 901 782 952 Comneuo3
814 909 852 940 et
869 904 963 940 alibi
977 904 1130 954 saepius
1145 900 1442 957 Ἀγγελωνυμία.
1497 907 1600 944 Am..
1766 942 1770 946 ,

510 955 564 994 ib.
607 970 644 995 v.
684 960 724 998 3.
792 956 1014 1010 Ῥωμαίων]
1064 960 1334 997 Romanorum
1375 961 1635 1012 appellatione
1672 959 1827 1013 accipit,

399 1011 733 1062 quemadmodum
774 1021 811 1051 et
844 1015 960 1052 multi
993 1016 1060 1052 alii
1092 1017 1174 1052 elus
1210 1018 1296 1053 aevi
1326 1019 1555 1067 scriptores,
1602 1017 1828 1068 cpolitanos

398 1068 580 1106 Graecos.
639 1075 678 1107 et
707 1070 908 1108 Romania
936 1084 1006 1122 pro
1037 1073 1201 1122 imperio
1231 1073 1417 1110 Orientali
1440 1074 1484 1110 iu
1507 1086 1583 1111 usu
1613 1079 1693 1121 est,
1733 1073 1827 1124 quia

399 1123 554 1173 imperii
581 1131 695 1175 caput
721 1126 852 1176 Cpolis
878 1127 999 1163 Nova
1028 1128 1160 1163 Roma
1192 1128 1386 1178 appellata
1410 1134 1482 1166 est.
1536 1129 1662 1166 Roma
1689 1130 1828 1180 utique

401 1177 550 1229 duplex
572 1181 752 1218 statuitur
776 1183 816 1218 in
840 1183 1176 1219 constitutionibus
1196 1184 1484 1234 imperialibus,
1513 1197 1592 1222 una
1614 1189 1727 1237 vetus
1745 1186 1828 1222 lta-

397 1234 472 1271 lica
484 1264 493 1282 ,
524 1236 644 1272 altera
661 1248 763 1273 nova
774 1266 783 1284 ‚
813 1236 856 1274 id
876 1245 934 1274 est
951 1238 1080 1288 Cpolis
1092 1266 1102 1285 ,
1133 1251 1251 1288 quam
1269 1240 1410 1276 veteris
1428 1245 1467 1276 et
1483 1240 1663 1292 antiquae
1679 1241 1830 1278 Romae

397 1293 667 1340 praerogativa
691 1292 829 1329 laetari
855 1294 979 1343 impp.
1008 1293 1232 1341 voluerunt,
1264 1294 1334 1332 lib.
1365 1297 1389 1336 6
1422 1295 1483 1332 C.
1523 1293 1572 1332 de
1595 1302 1828 1334 sacrosanct-

396 1347 546 1383 Eccles.
573 1347 600 1394 1.
630 1345 683 1386 40
709 1348 752 1384 C.
811 1346 859 1384 de
886 1350 1069 1399 Episcop.
1094 1355 1132 1385 et
1153 1350 1254 1386 Cler.
1282 1351 1310 1387 l.
1330 1348 1369 1389 4.
1427 1348 1476 1387 de
1502 1352 1650 1402 operib.
1677 1351 1827 1402 public.

396 1401 426 1438 l.
456 1402 527 1441 ult.
557 1402 600 1439 C.
664 1403 706 1438 iu
742 1404 850 1454 quib.
882 1417 986 1441 caus.
1016 1405 1124 1455 pign.
1158 1405 1187 1441 l.
1213 1406 1284 1443 ult.
1314 1405 1357 1443 C.
1424 1404 1473 1443 de
1507 1407 1746 1458 temporibus
1783 1409 1828 1444 in

396 1457 517 1507 integ.
547 1459 718 1495 Zonaras
750 1459 894 1511 aliique
924 1460 1066 1497 infiniti
1093 1467 1266 1499 auctores
1291 1474 1382 1498 cum
1401 1459 1495 1502 νέαν
1510 1460 1660 1516 Ῥώμην
1679 1461 1827 1512 dicunt,

394 1513 550 1564 Cpolim
572 1514 808 1564 intelligunt.
868 1514 973 1567 quod
991 1523 1129 1553 notum
1149 1524 1219 1554 est.
1276 1518 1435 1556 DousA.

505 1568 558 1606 ib.
581 1583 619 1606 v.
638 1571 678 1610 4.
735 1569 920 1621 κατέβαλε
941 1569 1036 1623 μὲν]
1066 1572 1206 1610 accidit
1224 1571 1266 1610 id
1282 1586 1383 1611 anno
1405 1572 1555 1611 domini
1573 1572 1692 1616 1195·
1745 1573 1828 1611 im-

391 1637 551 1675 perasse
571 1632 704 1663 autem
721 1628 914 1664 Isaacium
930 1629 1085 1666 Nicetas
1103 1630 1156 1665 ait
1174 1642 1294 1667 annos
1315 1632 1339 1670 9
1360 1639 1514 1668 menses
1531 1632 1571 1671 7.
1599 1636 1688 1680 post
1708 1642 1826 1682 quem

392 1683 565 1719 OrientIs
594 1681 646 1722 58
685 1683 897 1732 imperator
931 1684 1057 1721 factus
1095 1685 1237 1722 Caesar
1266 1685 1432 1723 Alexius
1462 1687 1487 1726 3
1519 1686 1696 1736 Angelus
1731 1687 1828 1723 Pius

392 1737 510 1774 Felix
531 1739 751 1787 Augustus,
781 1739 848 1790 qui
864 1740 1071 1790 imperavit
1091 1753 1212 1777 annos
1230 1742 1255 1782 8
1277 1754 1432 1779 menses
1455 1744 1479 1782 3
1501 1739 1583 1778 dies
1602 1744 1664 1782 10.
1719 1743 1828 1785 venit

396 1793 438 1829 in
458 1794 612 1830 Italiam
630 1794 795 1832 Alexius
826 1795 950 1846 (puer
971 1796 1071 1833 forte
1093 1795 1300 1835 duodecim
1325 1795 1542 1848 annorum)
1570 1797 1667 1848 imp.
1688 1798 1827 1835 Isaacii

394 1850 562 1899 Angeli,
593 1851 697 1886 caeci
718 1857 757 1887 et
773 1852 915 1901 captivi
935 1864 979 1888 ac
998 1853 1161 1902 imperio
1183 1851 1323 1889 deiecti
1342 1853 1467 1901 filius,
1499 1853 1640 1890 auxilii
1664 1866 1687 1889 a
1714 1854 1827 1892 Lati-

393 1906 457 1941 nis
487 1907 568 1942 sive
598 1904 909 1944 Occidentalibus
938 1914 1070 1944 contra
1094 1907 1342 1959 tyrannidem
1364 1910 1497 1946 Alexii
1513 1910 1642 1960 patrui
1666 1907 1827 1959 petendi

398 1973 538 2008 causa,
570 1973 671 1998 anno
694 1962 814 2003 1201.
872 1965 1070 2000 Romanae
1095 1962 1199 2002 sedis
1219 1972 1304 2001 tum
1324 1966 1504 2015 pontifex
1526 1971 1608 2002 erat
1627 1975 1826 2002 summus—

396 2028 474 2067 que
495 2018 654 2054 antistes
678 2019 927 2056 Innocentius
947 2021 1016 2056 III.
1076 2018 1124 2057 de
1143 2026 1225 2058 tota
1242 2019 1317 2058 hac
1338 2034 1378 2058 re
1397 2022 1499 2058 inter
1519 2021 1614 2058 alios
1632 2018 1826 2058 videndus

392 2074 548 2109 Nicetas
579 2080 618 2110 et
641 2075 866 2112 Vincentius
894 2076 1183 2114 Bellovacensis
1213 2090 1317 2128 spec.
1337 2075 1474 2115 histor.
1491 2075 1561 2113 lib.
1580 2078 1633 2116 30
1650 2088 1733 2126 cap.
1756 2076 1826 2117 64.

393 2140 473 2178 quo
501 2130 542 2164 in
571 2129 657 2166 loco
684 2131 911 2168 Vincentius
935 2138 1087 2182 patrem
1109 2133 1220 2183 pueri
1253 2134 1442 2171 Conrezass
1461 2130 1681 2183 prodigiose
1698 2138 1826 2180 vocat,
1875 2134 1880 2137 ⁴

393 2184 568 2234 itemque
589 2197 672 2235 cap.
694 2187 749 2226 90
769 2192 808 2223 et
826 2188 877 2228 91
907 2187 1122 2232 Thur-suth,
1152 2195 1190 2225 et
1209 2201 1290 2239 cap.
1313 2189 1388 2228 101
1420 2188 1607 2225 lezmmc.
1652 2189 1828 2238 peccavit

394 2251 537 2289 nempe
562 2241 647 2290 ipse
676 2247 742 2277 aut
767 2242 915 2279 librarii
947 2245 1029 2280 eius
1051 2251 1209 2295 propter
1224 2244 1460 2294 imperitiam
1477 2244 1634 2293 linguae
1655 2243 1827 2280 Graecae

391 2295 579 2344 vulgaris.
636 2296 884 2334 scribendum
906 2299 995 2335 Kar
1014 2300 1121 2345 Isac,
1154 2302 1239 2350 Κῦρ
1255 2295 1392 2339 Ἰσαάκ.
1432 2298 1539 2336 idem
1557 2297 1746 2335 mendum
1767 2305 1827 2336 est

392 2350 499 2400 apud
536 2356 709 2388 veterem
749 2351 1088 2404 chronographum
1132 2357 1304 2406 regium,
1351 2356 1582 2405 magistrum
1610 2353 1826 2406 Rigordum

391 2405 586 2455 Gothum,
618 2405 666 2443 de
698 2407 825 2444 Gestis
856 2407 1030 2460 Philippi
1060 2412 1227 2461 Augusti
1253 2412 1490 2447 Francorum
1516 2412 1641 2461 regis,
1675 2409 1726 2447 ad
1753 2423 1827 2446 an-

390 2474 490 2499 num
521 2465 646 2510 1201,
679 2463 748 2499 ubi
774 2463 918 2513 legitur
948 2465 1152 2503 Conzerac.
1215 2468 1309 2518 quin
1331 2467 1452 2504 immo
1473 2469 1514 2503 iu
1535 2467 1631 2517 ipsis
1651 2466 1827 2517 epistolis

391 2518 577 2555 Balduini
607 2519 704 2569 imp.
746 2526 784 2555 et
822 2522 872 2556 H.
903 2522 1054 2558 comitis
1086 2523 1219 2559 Sancti
1246 2523 1377 2570 Pauli,
1426 2522 1532 2573 apud
1568 2521 1826 2560 Godefridum

393 2574 531 2611 Goion.
554 2574 597 2611 S.
625 2575 874 2613 Pantaleonis
901 2575 1161 2625 monachum,
1192 2576 1243 2614 ad
1269 2591 1414 2615 annum
1440 2579 1567 2626 1201,
1595 2578 1665 2615 ubi
1692 2578 1827 2614 Tirsa-

397 2629 510 2667 chius
529 2631 719 2680 scriptum
735 2638 807 2669 est.
862 2644 943 2669 non
961 2634 1092 2670 minus
1107 2634 1287 2683 imperite
1308 2633 1413 2684 apud
1434 2635 1677 2672 Antoninum
1696 2632 1826 2671 archi-

397 2687 567 2738 episcop.
587 2687 758 2724 Florent.
775 2688 919 2737 legitur
938 2689 1085 2725 volum.
1109 2692 1134 2730 3
1165 2691 1225 2726 tit.
1246 2691 1295 2729 19
1315 2703 1399 2740 cap.
1420 2693 1447 2731 2
1468 2687 1490 2742 ξ
1513 2694 1531 2732 1
1562 2690 1738 2727 C'lzorean
1755 2700 1828 2739 pro

395 2740 675 2796 κῦρ”Αγγελος.
717 2749 893 2782 truncata
912 2742 1183 2782 huiuscemodi
1201 2746 1390 2783 vocabula
1410 2747 1534 2784 multa
1550 2745 1827 2797 posterioribus

397 2800 554 2837 Graecis
574 2800 729 2837 usitata.
786 2796 829 2840 τὸ
844 2801 919 2853 mio
937 2813 1007 2852 pro
1026 2796 1150 2855 κόρος
1168 2807 1234 2839 aut
1251 2797 1408 2856 κύριος,
1436 2801 1635 2848 dominus,
1661 2801 1828 2853 propriis
