1872 3236
313 199 408 247 156
695 204 1070 253 CONSTANTIM
1108 209 1372 257 MANASSIS

443 309 559 367 οὗτος
579 319 752 374 Ναρσῆν
771 319 842 362 τὸν
862 320 1097 378 στρατηγόν,
1127 323 1172 367 τὸ
1193 329 1273 368 τῶν
1284 324 1494 381 Ῥωμαίων
1511 315 1672 391 θαῦμα,

441 384 568 439 πυρὸς
585 386 741 443 τροφὴν
757 390 965 444 πεποίηκε,
999 393 1066 433 καὶ
1084 391 1130 435 τὸ
1149 397 1220 447 τῆς
1242 398 1482 452 παροιμίας,
1712 389 1715 391 ¹

439 456 568 494 νεᾶνιν
589 454 922 514 καλλιπρόσωπον
941 459 1149 517 ἓστέρησεν
1169 460 1374 516 ὀμμάτων,

437 521 597 574 τηλίκον
617 521 748 581 ἄνδρα
765 526 988 583 στρατηγὸν
1002 525 1225 582 Ῥωμαίους
1248 528 1472 587 ζημιώσας,

303 586 412 629 3625
436 590 503 629 καὶ
524 591 647 646 μέρος
667 594 822 650 καίριον
841 595 970 648 τεμὼν
991 597 1034 638 ἐκ
1055 601 1128 651 τῆς
1151 594 1380 651 ὃλομελείας

435 657 482 698 τὸ
508 656 720 702 κάλλιστον
740 659 760 702 ὃ
780 659 968 714 κάκιστος
987 662 1229 721 ἦνθράκωσε
1249 668 1417 726 καμίνῳ,

436 724 505 768 τὸν
521 728 588 768 καὶ
609 728 711 783 ζωῆς
727 729 902 781 ἐπάξιον,
934 733 968 773 εἰ
991 731 1174 784 δυνατόν,
1210 732 1371 789 ἀλήθου

438 792 459 835 ὅ
481 799 725 853 τρισμυρίων
744 797 856 849 ἄξιος
873 797 1036 852 πότμων
1059 801 1382 857 πικροθανάτων.

443 862 546 905 ἀλλὰ
568 863 643 920 γὰρ
666 864 836 920 ἤλγησεν
856 864 881 920 ἦ
904 871 956 922 γῆ
976 870 1238 925 λιμναζομένη
1261 869 1413 928 φόνοις,

302 934 413 974 5630
436 934 502 973 καὶ
526 933 884 989 λυθροστάλακτος
904 935 1013 993 αὐτῷ
1034 937 1138 978 καθ’
1167 937 1277 995 ὥραν
1296 942 1480 997 γινομένη

435 1000 539 1054 βοὰς
557 1002 761 1058 ἐξέρρηξεν
783 1003 946 1059 οἷκτρὰς
964 1006 1006 1047 ἐκ
1027 1003 1226 1059 στόματος
1248 1005 1414 1059 ἀλάλου,

436 1070 503 1110 καὶ
527 1074 597 1123 τῆς
618 1070 968 1127 τιγροπαρόάλεως
990 1080 1147 1115 κατεῖπε
1168 1078 1240 1129 τῆς
1258 1075 1504 1128 λυσσώὸους.

439 1136 567 1192 ἤνοιξε
589 1139 777 1195 βλέφαρα
797 1136 917 1190 θεός,
953 1140 1099 1194 ἔβλεψε
1121 1141 1193 1197 τὴν
1213 1145 1368 1195 κακίαν,

438 1208 504 1246 καὶ
527 1209 799 1263 κατοικτείρας
814 1207 887 1257 τὰς
906 1208 1068 1265 σφαγὰς
1088 1214 1167 1251 τῶν
1187 1212 1540 1267 κρεανομουμένων

301 1273 410 1317 3635
437 1275 508 1328 τὴν
529 1275 644 1328 δίκην
667 1276 897 1331 ἐψηφίσατο
919 1277 991 1330 τὴν
1013 1281 1084 1331 τῆς
1103 1281 1415 1330 ταυτοπαθειάς.

436 1346 515 1384 τῶν
534 1342 610 1398 γὰρ
633 1344 674 1384 έν
695 1343 794 1384 τέλει
815 1345 882 1384 καὶ
903 1347 1098 1400 λαμπρῶν
1119 1346 1220 1395 τινὲς
1240 1348 1306 1388 καὶ
1325 1352 1398 1401 τῆς
1417 1346 1654 1404 συγκλήτου,

437 1408 492 1459 ὡς
512 1410 637 1466 ἄρνας
655 1410 867 1462 βλέποντες
887 1416 1039 1468 πικρῶς
1056 1412 1299 1469 ἀνθρώπους
1315 1416 1554 1468 θυομένους,

437 1479 733 1534 δημευομέιόυς
755 1478 936 1533 ἀπηνῶς,
971 1482 1140 1536 οἰκτρῶς
1159 1484 1537 1539 σπαρασσομένους,

434 1548 503 1587 καὶ
526 1550 604 1602 πῦρ
622 1544 802 1603 ὖφέρπον
823 1550 1115 1601 πανταχοῦκαὶ
1138 1548 1291 1606 φλόγας
1312 1549 1553 1608 ἕριβρόμους

300 1612 410 1657 3640
435 1614 584 1671 ἀποτεᾳ
594 1613 744 1671 ρούσας
765 1615 815 1657 τὰ
836 1616 1002 1671 λαμπρὰ
1022 1621 1101 1658 τῶν
1122 1618 1469 1673 οἰκοδομημάτων,

436 1686 500 1723 καὶ
522 1688 636 1737 θῆρα
656 1683 725 1724 τὸν
747 1681 972 1737 ὠμόθυμον
991 1686 1151 1726 πίνοντα
1169 1687 1242 1739 μὲν
1263 1687 1357 1736 τοὺς
1376 1685 1538 1744 φόνους,

435 1750 546 1804 ὅμως
562 1752 620 1806 μὴ
643 1750 926 1808 κορεννύμενον
947 1752 1050 1794 ἀλλὰ
1075 1755 1262 1806 διψῶντα
1282 1755 1414 1807 πλέον,

390 1881 482 1915 3627
505 1880 568 1916 καὶ
592 1878 660 1914 τόν
682 1881 713 1916 Α
823 1878 969 1916 α’λύθου
993 1882 1044 1927 M,
1070 1883 1380 1927 consentientibus,
1405 1888 1445 1918 ut
1467 1885 1619 1928 videtur,
1643 1885 1756 1925 libris.

389 1939 434 1962 an
459 1923 624 1961 ‹izv'vovsst
645 1927 739 1971 quod
762 1933 818 1961 est
839 1939 876 1961 V.
901 1927 1005 1963 4434.
1061 1942 1063 1944 ·
1143 1929 1236 1963 3630
1260 1927 1355 1974 αὐτή
1379 1931 1448 1966 RR
1585 1932 1673 1966 3631
1699 1942 1757 1964 πι-

391 1970 483 2013 κρὰς
506 1973 540 2007 R
661 1972 753 2008 3634
773 1974 1032 2018 κατοικτείρων
1052 1974 1126 2008 MR
1238 1975 1331 2010 3636
1354 1974 1416 2010 καὶ
1438 1976 1520 2021 τῆς]
1544 1973 1582 2010 ἐκ
1602 1977 1758 2021 τῆς.ΒΒ.

392 2018 483 2053 3639
507 2014 628 2062 φλόγα
650 2016 869 2063 ’ὑψουμένην
889 2018 928 2054 Μ

299 2131 441 2174 ducem,
477 2132 537 2177 qui
567 2132 765 2167 miraculum
787 2133 1018 2167 Romanorum
1040 2138 1138 2177 erat,
1170 2133 1244 2179 igni
1267 2134 1521 2177 concremayit3
1557 2137 1666 2181 atque
1691 2135 1758 2169 hoc

298 2177 391 2210 facto
411 2177 640 2221 iuvenculam,
663 2190 727 2212 ceu
750 2177 820 2212 dici
840 2180 1028 2222 proverbio
1046 2180 1146 2223 solet,
1173 2180 1323 2224 eleganti
1341 2180 1438 2216 vultu
1460 2181 1652 2224 praeditam
1673 2193 1755 2215 ocu-

298 2220 341 2255 lis
361 2222 529 2266 privavit.
576 2224 664 2269 proh
687 2224 819 2267 qualem
840 2225 906 2258 hoc
924 2225 1000 2258 viro
1021 2226 1175 2260 extincto
1198 2227 1318 2260 ducem
1339 2225 1504 2259 Romanis
1528 2226 1676 2260 ademit!
1701 2227 1754 2260 ni-

299 2267 420 2302 mirum
440 2280 459 2303 e
481 2274 555 2301 tota
574 2271 802 2303 membrorum
820 2270 913 2303 serie
932 2273 1117 2304 membrum
1141 2271 1243 2315 longe
1266 2271 1479 2305 utilissimum
1506 2271 1680 2315 exsecuit,
1716 2283 1758 2306 ac

298 2313 354 2346 vir
372 2313 657 2348 sceleratissimus
677 2315 853 2358 optimum,
875 2315 1029 2350 infinitas
1053 2317 1362 2361 acerbissimasque
1386 2322 1514 2351 mortes
1539 2317 1758 2351 commeritus

297 2365 486 2404 perpetua,
519 2359 550 2392 si
578 2359 657 2392 fieri
678 2366 816 2404 posset,
853 2361 925 2394 vita
943 2361 1083 2406 (lignum
1107 2362 1142 2395 in
1166 2364 1334 2396 carbones
1361 2374 1402 2395 ac
1428 2362 1582 2396 favillam
1604 2363 1756 2407 redegit.

296 2404 473 2438 enimvero
498 2404 598 2438 tellus
622 2405 700 2449 ipsa
727 2406 891 2440 caedibus
909 2414 1114 2455 restagnans
1138 2409 1332 2450 maerebat,
1369 2413 1406 2441 et
1423 2408 1600 2451 sanguinis
1621 2407 1758 2443 stillici-

296 2450 354 2485 dio
380 2462 568 2495 conspersa
588 2450 732 2495 singulis
755 2451 867 2494 horis,
902 2453 1071 2486 hominem
1094 2453 1242 2496 intuita,
1279 2464 1385 2486 voces
1413 2453 1516 2498 plane
1541 2453 1759 2488 miserabiles

297 2508 340 2530 ex
361 2508 421 2531 ore
442 2502 536 2530 muto
559 2497 781 2540 proferebat,
817 2502 854 2530 et
878 2497 1139 2541 tigropardalim
1162 2500 1334 2534 furentem
1357 2500 1557 2534 accusabat.
1605 2510 1758 2544 quapro-

296 2547 376 2587 pter
397 2542 513 2576 oculos
539 2543 624 2576 dens
653 2542 809 2587 aperuit,
844 2548 880 2576 et
908 2544 1054 2577 hominis
1084 2545 1305 2589 improbitate
1333 2550 1538 2589 perspecta,
1574 2545 1758 2579 miseratus

297 2599 415 2621 eorum
442 2588 668 2622 mactationes
696 2588 756 2633 qui
786 2587 1058 2633 dilaniabantur,
1093 2590 1162 2624 tale
1184 2589 1389 2634 supplicium
1417 2590 1450 2624 ei
1475 2590 1688 2635 destinavit,
1720 2595 1759 2624 ut

297 2639 387 2678 quae
406 2633 482 2679 ipse
504 2634 734 2678 designasset,
757 2646 799 2668 ea
819 2633 972 2668 vicissim
991 2635 1034 2667 ab
1053 2635 1129 2670 aliis
1150 2641 1406 2681 perpeteretur.
1454 2635 1574 2681 itaque
1592 2647 1758 2680 proceres

301 2685 338 2713 et
360 2679 511 2713 illustres
534 2691 574 2713 ac
597 2679 765 2715 senatorii
786 2680 923 2724 quidam
946 2680 1077 2714 ordinis
1091 2681 1192 2724 ⁴viri,
1223 2692 1297 2715 cum
1325 2680 1480 2715 homines
1508 2693 1674 2726 agnorum
1701 2681 1757 2715 in-

300 2730 375 2760 star
392 2724 583 2760 miserrime
602 2725 762 2770 iugulari,
783 2725 953 2771 proscribi
973 2725 1170 2770 crudeliter,
1196 2726 1427 2761 miserandum
1449 2727 1486 2762 in
1507 2727 1642 2761 modum
1664 2727 1757 2762 lace-

300 2770 373 2805 rari
392 2776 587 2814 cernerent,
609 2771 793 2817 ignemque
812 2772 902 2805 hunc
922 2772 1009 2805 adeo
1033 2783 1107 2805 cum
1129 2772 1274 2806 flammis
1294 2772 1444 2808 illustres
1468 2773 1586 2807 domos
1605 2773 1642 2806 in
1661 2772 1756 2806 cine-

301 2828 358 2851 res
383 2817 622 2861 redigentibus
649 2817 817 2852 latissime
847 2829 1009 2863 serpere,
1044 2817 1225 2853 immanem
1248 2818 1400 2863 denique
1426 2818 1573 2853 belluam
1595 2818 1759 2853 caedibus

294 2862 441 2910 vquidem
465 2862 652 2899 crudeliter
674 2864 784 2909 pasci,
811 2875 880 2900 non
903 2870 1018 2900 tamen
1041 2863 1206 2900 exsatiari
1227 2865 1292 2901 sed
1309 2864 1419 2910 magis
1443 2863 1691 2908 etiam'sitire,
1715 2864 1761 2899 ‹le
