1924 3242
323 182 346 227 1
355 181 384 226 6
952 179 1134 225 IOELIS

268 302 300 336 D
459 294 586 338 Μετὰ
614 288 684 336 οὖν
715 294 756 334 Γ
753 293 923 336 οθολίαν
944 291 1136 350 ἕπταετὴς
1152 293 1398 349 βασιλεύσας
1413 294 1529 347 ’Ῑωάς
1547 295 1770 354 υἱὸς-,Ὀχο-

316 363 400 415 ζίου
434 360 501 417 ἕτη
533 360 577 416 μ’
609 362 730 404 ἐποίει
758 361 805 404 τὸ
839 361 956 413 εὖθές
987 361 1154 405 ἐνώπιον
1183 364 1345 420 κυρίου,
1379 361 1463 406 εἶτα
1494 368 1770 423 παρατραπεὶς

315 429 472 487 ἐσφάγη
495 431 536 472 ἓν
555 434 614 488 τῷ
635 429 732 488 οἷ’κῳ
757 430 894 473 αὐτοῦ.
963 429 1009 481 ὃς
1030 433 1095 473 καὶ
1117 431 1315 474 ἀπέκτεινε
1338 434 1551 488 Ζαχαρίαν
1573 433 1644 476 τὸν
1665 451 1767 492 προ-

313 498 467 555 φήτην,
512 497 584 540 τὸν
615 497 704 540 υἱὸν
737 502 811 540 τοῦ
841 497 1086 542 διδασκάλου
1121 500 1260 542 αὐτοῦ.
1328 500 1398 557 ἐφ’
1442 494 1491 542 οὗ
1524 499 1552 556 ἦ
1585 503 1768 557 Σίβυλλα

314 567 555 624 ε’γνωρίζετο.
1683 571 1686 575 ’
1777 576 1799 610 5

450 634 576 677 Iste-cci
609 635 653 676 δὲ
677 634 792 685 Ἰωάς
823 634 1076 689 ἐβασίλευσεν
1095 635 1292 690 Ἀμασίας
1318 634 1408 684 υἶός
1435 635 1562 678 αὐτοῦ’
1588 635 1656 692 ἔζεη
1684 636 1766 691 κθ’,

313 704 380 745 καὶ
402 703 560 758 ἐποίησε
581 702 627 745 τό
650 703 767 753 εῧθὲς
788 701 954 745 ἐνώπιον
973 705 1136 760 κυρίου,
1176 701 1332 761 ἐσφάγη
1354 703 1398 745 δὲ
1417 703 1460 745 ἓν
1479 708 1540 762 τῷ
1559 705 1736 764 πολέμῳ.

448 771 574 814 Μετὰ
598 771 641 813 δὲ
657 771 854 825 Ἀμασίαν
875 770 1129 825 ἐβασίλευσεν
1144 771 1279 823 Ὀζίας
1287 803 1301 823 ,
1329 769 1351 813 ὅ
1369 773 1436 813 καὶ
1450 771 1656 829 Ἀζαρίας,
1681 773 1769 825 υἱὸς

311 837 438 881 αὐτοῦ
457 838 523 893 ξ’τη
542 837 620 892 νβ’,
655 841 722 881 καὶ
744 840 902 894 ἐποίησε
919 839 965 881 τὸ
988 840 1107 889 εὐθές
1129 838 1296 882 ἐνώπιον
1315 841 1477 896 κυρίου,
1513 842 1580 882 καὶ
1602 840 1767 884 εὖοδού-

310 924 429 961 μενος
452 905 627 963 ἐπήρθη,
653 909 719 949 καὶ
743 907 793 961 δὴ
813 905 994 962 θελήσας
1013 912 1218 961 θυμιᾶσαι
1236 912 1296 965 τῷ
1313 912 1402 964 θεῷ
1423 907 1546 958 αὐτὸς
1565 908 1644 966 ἀφ’
1670 907 1768 952 ἓαυ-
1778 918 1824 954 10

309 979 386 1018 τοῦ
404 977 471 1017 καὶ
491 973 703 1028 θυμιάσας
724 974 849 1025 εὐθὺς
868 974 1080 1032 ἐλεπρώθη
1090 1008 1103 1027 ,
1137 977 1204 1018 καὶ
1221 975 1349 1026 οὕτως
1369 975 1631 1031 ἐτελεύτησεν.

169 1046 198 1080 Ρ
227 1047 293 1084 157
450 1042 576 1086 Μετὰ
607 1044 651 1085 δὲ
675 1044 811 1095 Ὀζίαν
842 1044 1096 1097 ἐβασίλευσεν
1126 1042 1305 1086 Ἶωάθαν
1335 1043 1422 1094 υἱὸς
1451 1044 1578 1086 αὐτοῦ
1607 1045 1674 1100 ἔτη
1702 1045 1765 1098 ις’,

309 1112 377 1153 καὶ
400 1111 558 1166 ἐποίησε
582 1111 628 1153 τὸ
654 1111 773 1161 εὗθὲς
793 1109 960 1153 ἐνώπιον
979 1113 1117 1168 κυρίου
1128 1143 1142 1163 ,
1177 1114 1244 1154 καὶ
1265 1109 1528 1166 ἐτελεύτησεν.

444 1179 571 1222 Illac}
598 1179 641 1220 δὲ
661 1177 838 1221 Ἰωάθαν
862 1180 1117 1233 ἐβασίλευσεν
1131 1179 1256 1233 Ἀχάζ
1269 1179 1357 1229 υἱὸς
1374 1179 1500 1222 αὐτοῦ
1519 1179 1586 1234 ἔτη
1607 1178 1672 1232 15²,
1697 1183 1766 1224 καὶ

308 1245 480 1302 ποιήσας
502 1246 549 1289 τὸ
569 1247 744 1302 πονηρὸν
763 1245 930 1288 ἐνώπιον
952 1248 1092 1303 κυρίου
1113 1247 1328 1289 ἀπέθανεν.
1777 1251 1819 1295 15

441 1314 568 1356 Mer&
590 1315 634 1356 δὲ
647 1314 773 1368 Ἀχὰζ
789 1315 1045 1368 ἐβασίλευσεν
1056 1314 1231 1366 Ἐζεκίας
1250 1314 1338 1364 υἱὸς
1358 1313 1485 1356 αὐτοῦ
1503 1312 1570 1370 ἕτη
1589 1313 1674 1368 κθ’,
1698 1317 1766 1358 καὶ

308 1382 467 1436 ἐποίησε
486 1382 532 1424 τὸ
552 1381 671 1431 εὖθές
691 1379 859 1423 ἐνώπιον
882 1383 1021 1438 κυρίου
1033 1413 1046 1433 ,
1082 1384 1150 1423 καὶ
1173 1380 1436 1437 ἐτελεύτησεν.
1505 1383 1576 1440 ἔφ’
1601 1377 1650 1425 οὗ
1671 1377 1722 1438 ἦν
1742 1382 1765 1426 ὃ

307 1449 536 1499 Μωσαϊκός
561 1453 742 1502 χαλκοῦς
769 1447 864 1505 ὄφις
885 1448 942 1491 ἔτι
963 1449 1075 1506 παρὰ
1092 1450 1298 1493 Ἰουδαίων
1317 1448 1556 1504 σεβόμενος,
1591 1449 1637 1493 ὃν
1652 1449 1765 1508 ἠφά-

301 1534 409 1559 νισεν
430 1517 604 1569 Ἐζεκίας
614 1549 627 1567 ,
658 1516 792 1573 ὥσπερ
811 1517 861 1571 δὴ
884 1519 951 1559 καὶ
974 1517 1048 1567 τὰς
1066 1522 1236 1571 βίβλους
1255 1522 1330 1560 τοῦ
1347 1521 1624 1572 Σολομῶντος.
1690 1520 1762 1575 ἐφ’

302 1579 359 1627 ὧν
386 1584 546 1643 χρόνων
570 1583 725 1638 Ῥῶμος
755 1586 823 1626 καὶ
841 1583 980 1639 Ῥέμος
995 1587 1228 1639 ἐβασίλευον
1247 1587 1288 1627 ἓν
1303 1583 1463 1642 Ῥώμῃ,
1490 1588 1558 1628 καὶ
1578 1587 1819 1640 Σίβυλλαὲο

249 1663 280 1697 Β
302 1651 330 1707 ἢ
350 1653 578 1710 Ἔρυθραία
599 1654 840 1709 ε’γνωρίζετο.
910 1654 980 1710 ἐφ’
1010 1647 1060 1694 οὗ
1080 1655 1146 1694 καὶ
1169 1654 1418 1710 Σεναχηρεῂι
1439 1654 1544 1696 κατὰ
1558 1652 1762 1711 Ἰερουσα-

394 1807 418 1840 9
444 1802 564 1840 αὐτοῦ
589 1805 691 1849 vulgo
715 1816 767 1838 om

395 1954 592 1989 Gotholiam
620 1954 746 1999 excipit
766 1954 844 1989 Ioas
872 1956 1047 1990 Ochoziae
1067 1956 1157 1991 filius
1182 1957 1374 2002 septennis,
1407 1956 1628 2002 regnavitque
1652 1968 1758 1991 annos

303 1999 537 2078 gumiz-aginta.
585 1999 639 2034 hic
660 2000 755 2046 prius
780 2001 823 2034 ob
846 2000 1006 2055 piet-atem
1034 2001 1099 2035 deo
1122 2007 1241 2045 gratus
1265 2002 1394 2043 extitit,
1429 2002 1553 2057 deinde
1576 2002 1758 2056 eben-ravit:

305 2056 461 2124 ⁶533&
485 2045 1457 2137 ”3⁸13ssoessssssfsszsshgsszffiapcfizsskessssffebz‘tzssfepffl
1479 2059 1531 2082 “¹¹¹
1555 2047 1657 2082 ’Μ’
1683 2058 1757 2082 '¹⁰⁰¹

398 2147 485 2180 Post
498 2147 576 2181 Ioas
590 2146 731 2191 imperio
746 2147 895 2193 praefuit
910 2149 1061 2183 Amasias
1076 2150 1166 2184 filius
1180 2161 1285 2184 annos
1303 2149 1421 2195 viginti
1439 2160 1558 2184 novem
1570 2176 1581 2193 ‚
1605 2149 1656 2183 vir
1676 2161 1756 2195 spe-

303 2195 419 2226 ctatae
434 2192 468 2226 in
484 2192 582 2226 deum
598 2192 746 2237 pietatis.
792 2193 827 2226 in
843 2194 972 2239 proelio
987 2196 1208 2229 obtruncatus
1224 2200 1289 2231 est.

394 2247 548 2282 Amasiae
575 2249 726 2283 succedit
748 2249 782 2283 in
807 2261 911 2294 regno
934 2251 1039 2284 Ozias
1064 2252 1172 2294 filius,
1196 2251 1255 2296 qui
1270 2255 1304 2285 et
1319 2251 1478 2295 Azarins,
1504 2250 1598 2285 annis
1621 2252 1678 2286 52.
1726 2251 1756 2286 is

299 2293 440 2327 numinis
466 2294 734 2328 benevolentiam
758 2300 956 2337 assecutus,
979 2308 1053 2330 cum
1075 2307 1243 2342 prospera
1264 2301 1386 2331 cuncta
1406 2297 1469 2330 sibi
1489 2297 1594 2330 fluere
1609 2297 1755 2339 videret,

299 2338 386 2373 flatu
402 2344 534 2372 tumens
549 2339 654 2372 voluit
668 2339 811 2384 ipsemet
829 2340 893 2374 deo
910 2340 1080 2376 incensum
1097 2343 1237 2377 offerre.
1282 2342 1331 2376 sic
1355 2353 1429 2377 cum
1444 2342 1479 2377 in
1495 2342 1619 2388 templo
1639 2342 1754 2376 adole-

299 2384 426 2427 visset,
449 2387 592 2429 repente
604 2384 701 2430 lepra
715 2385 844 2419 obsitus
860 2390 912 2419 est
930 2391 966 2420 et
982 2387 1086 2421 vitam
1103 2387 1235 2421 effudit.

388 2440 476 2474 Post
500 2439 620 2474 Oziam
646 2451 786 2486 regnum
812 2440 958 2475 obtinuit
982 2442 1166 2477 Ioatbanus
1181 2442 1270 2478 filius
1284 2454 1389 2478 annos
1405 2443 1591 2487 sexdecim,
1617 2443 1691 2489 pius
1711 2454 1754 2478 ac

297 2485 473 2531 religiosus
488 2485 561 2530 vir,
585 2490 621 2519 et
635 2488 786 2519 mortuus
803 2491 867 2520 est.

389 2543 474 2576 Post
490 2542 685 2576 loatbanum
701 2540 837 2587 imperio
854 2542 1004 2587 praefuit
1018 2544 1174 2578 Achazus
1189 2544 1277 2578 filius
1291 2556 1396 2579 annos
1411 2546 1600 2589 sexdecim,
1625 2546 1677 2580 vir
1692 2557 1753 2580 ne-

300 2599 399 2634 quam
413 2593 448 2622 et
462 2587 583 2632 impius
593 2612 603 2630 ,
627 2592 663 2621 et
678 2593 828 2621 mortuus
844 2593 908 2623 est.

389 2644 517 2679 Acbazi
540 2654 681 2688 regnum
704 2643 839 2689 excepit
863 2644 1031 2679 Ezechias
1059 2645 1164 2687 filius,
1186 2646 1313 2693 pietate
1327 2647 1360 2681 in
1375 2647 1474 2682 deum
1491 2648 1751 2683 commendatus.

296 2690 395 2735 regni
410 2702 497 2725 anno
514 2689 677 2733 vigesimo
694 2700 781 2723 nono
799 2689 886 2723 diem
902 2690 995 2726 obiit.
1038 2690 1127 2726 illius
1152 2698 1266 2727 aetate
1286 2693 1457 2727 Mosaicus
1471 2705 1594 2728 aeneus
1609 2704 1748 2739 serpens

298 2736 409 2770 adbuc
430 2740 607 2782 supererat
623 2745 644 2767 a
659 2734 790 2768 Iudaeis
804 2735 839 2768 in
853 2736 1074 2771 veneratione
1102 2737 1245 2773 habitus.
1293 2750 1367 2772 eum
1394 2739 1581 2779 Ezechias,
1605 2740 1692 2774 sicut
1714 2743 1749 2772 et

297 2781 485 2816 Salomonis
506 2781 627 2821 libros,
652 2780 816 2824 expunxit
831 2784 867 2814 et
882 2781 926 2815 de
942 2782 1050 2816 medio
1067 2783 1212 2817 sustulit,
1262 2784 1313 2818 his
1337 2784 1546 2830 temporibus
1563 2786 1690 2819 Romus
1713 2787 1750 2818 et

298 2827 422 2862 Remus
446 2827 577 2862 Romae
601 2825 773 2871 imperium
799 2827 980 2871 tenebant,
1004 2832 1039 2862 et
1067 2828 1202 2874 Sibylla
1217 2827 1413 2875 Erythraea
1427 2829 1567 2865 illustris
1583 2835 1668 2866 erat.
1713 2833 1749 2863 et
