1864 3242
0 1153 15 1287 ξ

0 1631 1 1638 ⁴
0 1599 3 1607 w
0 1436 14 1584 νᾌᾙκμμ

559 130 960 176 ACROPOLITAM
991 131 1190 174 NOTAE.
1493 126 1588 174 245

139 241 184 285 in
209 253 327 309 opere
354 237 542 279 historico
570 240 749 280 versibus
774 241 946 293 politicis
968 248 1155 293 concepto
1178 244 1292 278 vocat
1310 238 1504 278 Iustinum
1525 235 1592 280 τὸν

115 300 118 302 ’
139 290 418 349 dominum«
444 298 672 336 Iustiniani:

354 351 477 394 ἔνθεν
493 369 556 394 τοι
575 352 725 406 μέλλων
745 355 928 395 τελευτᾶν
942 353 1010 394 καὶ
1027 355 1156 406 γηθεν
1173 351 1425 405 μεταβαίνειν

353 407 420 450 ἐπὶ
437 406 509 451 τόν
526 370 804 462 οἷδελφόπαιδα
823 409 957 461 βλέπει
973 405 1046 451 τόν
1059 407 1285 450 Ἰουστῖνον.

138 464 245 516 elige
272 471 407 504 utrum
432 467 562 508 malis.
620 479 716 505 sane
741 465 1058 504 evidentissimus
1089 478 1197 504 error
1224 463 1437 518 (Scriverii
1469 462 1588 502 verba

136 519 255 573 sunt)
283 522 328 561 in
343 522 430 561 loco
453 529 538 560 tam
556 524 766 574 conspicuo
783 523 944 564 tolerari
961 536 1042 561 nou
1062 520 1192 560 debet.
1249 522 1412 559 DousA.

247 591 290 629 p
309 579 362 619 33
386 580 511 620 v.17.
567 578 820 632 Ῥομπέρτος]
851 578 1008 617 videtur
1035 579 1230 618 Robertus
1256 576 1323 615 hic
1348 578 1391 615 in
1422 577 1588 627 imperio

136 631 448 677 administrando
480 635 603 676 fuisse
641 637 830 684 tenerior,
872 635 1150 687 amoribusque
1182 641 1221 672 et
1253 635 1332 672 otio
1359 631 1588 671 indulsisse.

136 690 201 727 cui
217 691 395 742 opinioni
410 691 558 730 Paulus
574 693 771 730 Aemilius
792 692 1002 730 subscribit
1022 691 1092 728 lib.
1113 694 1160 739 7,
1189 690 1258 728 ubi
1284 689 1402 727 verba
1426 690 1510 726 eius
1531 690 1587 726 sic

134 743 306 784 habent:
337 746 535 787 Robertus
563 747 908 786 Alassiodorensis
941 748 1184 787 Graecorum
1215 747 1432 798 Augustus
1460 746 1588 796 virgi-

134 815 225 840 nem
243 801 460 841 nobilitatis
477 803 700 855 Byzantiae
709 805 1046 856 formosissimam
1048 832 1064 850 ,
1092 803 1164 841 sed
1177 816 1280 855 quae
1297 802 1490 852 desponsa
1505 802 1588 839 iam

121 858 268 910 suerat
284 859 572 912 Burgundioni
590 861 751 898 cuidam
771 862 908 898 iuveni
909 860 1194 910 florentissimo
1197 887 1213 905 ,
1241 858 1319 896 sibi
1337 859 1588 895 matrimonio

133 916 390 962 consociavit,
417 923 544 954 matre
554 916 720 967 puellae
736 924 890 963 autore,
917 916 1100 968 laetaque
1118 915 1182 953 his
1200 915 1324 953 multo
1344 914 1587 965 splendidio-

131 969 243 1013 ribus
264 973 428 1023 nuptiis.
488 972 640 1010 laetitia
657 974 701 1010 in
719 986 852 1010 necem
872 974 999 1010 vertit.
1061 971 1304 1023 Burgundio
1325 972 1479 1008 iniuria
1497 985 1585 1008 rna-

127 1027 194 1079 gio
220 1028 400 1066 &rixatus
432 1042 556 1080 quam
587 1029 768 1066 Caesaris
795 1027 952 1066 nornine
978 1029 1203 1073 deterritus,
1231 1041 1356 1065 manu
1379 1033 1516 1064 macta
1543 1028 1586 1075 in

129 1083 292 1122 domum
304 1098 449 1122 ..socrus
468 1086 685 1135 irruptione
695 1085 840 1136 facta,
868 1099 1013 1123 novam
1033 1092 1202 1135 nuptam
1220 1082 1387 1120 auribus
1405 1083 1585 1128 desectis,

129 1141 280 1177 truncis
296 1140 463 1178 naribus
480 1142 734 1192 dcy‘brmavit,
762 1155 887 1179 anum
906 1143 1013 1178 mari
1019 1142 1202 1191 proximo
1222 1141 1358 1177 mersit
1372 1147 1444 1179 etc.
1502 1146 1584 1176 tra-

127 1198 264 1247 gicmn
292 1195 370 1235 hoc
397 1199 629 1249 exemplum
652 1200 773 1236 etiam
795 1200 905 1236 Ioan.
922 1199 1100 1248 Baptista
1122 1198 1337 1247 Egnatius,
1373 1196 1584 1246 Cuspinia-

126 1265 203 1291 nus
223 1253 371 1306 aliique
392 1262 722 1303 commemorant,
751 1256 806 1292 ita
828 1261 871 1292 ut
892 1253 1074 1292 videatur
1097 1253 1290 1291 Robertus
1309 1253 1432 1290 fuisse
1452 1250 1583 1290 Vene-

127 1310 182 1348 ris
201 1321 325 1361 quam
343 1311 481 1348 Martis
498 1309 722 1349 studiosior.
780 1324 875 1349 sane
898 1308 974 1348 hoc
994 1311 1082 1348 loco
1101 1316 1235 1348 noster
1252 1309 1389 1360 paucis
1413 1309 1498 1345 eius
1516 1309 1582 1344 in-

127 1363 261 1403 dolem
287 1379 499 1419 moresque
533 1365 695 1404 denotat
724 1369 838 1419 quasi
864 1366 1139 1418 degenerantis
1165 1379 1187 1402 a
1205 1367 1348 1403 virtute
1368 1365 1579 1402 maiorum.

124 1421 345 1461 Balduinus
379 1426 402 1464 1
437 1425 493 1461 ita
525 1436 567 1461 se
595 1425 738 1474 gessit,
777 1430 820 1460 ut
848 1424 946 1475 ipsis
971 1423 1020 1460 ab
1045 1421 1225 1460 hostibus
1255 1422 1387 1458 Latini
1409 1421 1581 1458 nominis

123 1477 437 1530 praeclarissime
464 1479 647 1517 laudatus
677 1481 740 1517 sit.
797 1493 893 1516 nam
917 1478 1023 1517 hunc
1049 1481 1206 1517 Nicetas
1225 1479 1280 1515 ita
1305 1475 1578 1515 commendat·

122 1536 187 1573 vir
205 1542 291 1572 erat
301 1537 400 1586 pius
418 1543 457 1575 et
473 1536 687 1581 modestus,
716 1549 765 1574 ne
786 1536 986 1587 impudico
1011 1536 1169 1587 quidem
1189 1541 1351 1585 aspectu
1375 1533 1581 1571 mulierem

121 1592 308 1637 intuitus,
346 1592 542 1643 quamdiu
573 1591 625 1629 ab
652 1606 727 1629 sua
754 1594 920 1644 coniuge
944 1591 1132 1643 abfuerat
1165 1591 1235 1644 (in
1266 1589 1343 1628 hac
1374 1596 1485 1642 parte
1513 1590 1578 1627 vel

120 1649 199 1699 ipsi
227 1648 406 1700 Scipioni
428 1647 752 1700 praeferendus).
811 1648 984 1686 vacabat
1004 1647 1151 1690 divinis
1173 1647 1381 1692 laudibus,
1409 1647 1578 1684 necessi-

121 1703 270 1742 tatibus
291 1705 561 1755 conflictantes
581 1704 827 1743 sublevabat.
888 1718 984 1742 suae
1003 1705 1215 1742 sententiae
1233 1703 1486 1746 adversantes
1507 1715 1577 1739 ae-

121 1775 199 1812 quo
219 1762 353 1799 animo
369 1761 570 1804 audiebat.
633 1768 670 1803 et
690 1761 798 1812 quod
813 1763 1031 1798 maximum
1050 1768 1123 1807 est,
1153 1759 1212 1797 bis
1230 1758 1409 1812 qualibet
1427 1757 1587 1797 hebdo-.

120 1817 237 1856 made
261 1819 413 1868 vesperi
427 1818 676 1868 proclamari
701 1816 860 1854 iubebat
883 1832 932 1854 ne
954 1818 1042 1869 quis
1062 1819 1104 1854 in
1121 1831 1191 1854 suo
1211 1815 1374 1856 Palatio
1395 1814 1574 1860 cubaret,

120 1875 191 1925 qui
206 1873 381 1912 alienam
398 1873 600 1914 mulierem
616 1875 821 1924 attigisset.
883 1873 998 1913 rebus
1017 1871 1201 1910 humanis
1221 1871 1462 1910 valedixisse
1478 1884 1573 1921 per-

118 1929 277 1968 hibetur
305 1930 499 1969 Robertus
526 1943 628 1968 anno
656 1931 784 1980 1228,
814 1931 973 1981 imperii
998 1931 1110 1969 annis
1137 1932 1163 1971 7
1190 1927 1358 1967 vixdum
1385 1927 1572 1978 expletis.

117 1987 281 2028 Densi.

227 2056 268 2093 p.
285 2040 339 2084 34
359 2056 397 2080 v.
418 2045 458 2084 7.
513 2049 608 2081 nota
625 2043 894 2094 Acropolitam
911 2056 1035 2082 unum
1051 2043 1176 2079 filium
1193 2040 1415 2078 masculum
1433 2045 1570 2076 octen-

115 2112 210 2137 nem
227 2097 440 2137 Theodoro
462 2100 632 2137 tribuere
652 2113 705 2136 ex
720 2101 907 2141 Armenia
925 2112 1050 2137 uxore
1071 2105 1298 2149 susceptum
1310 2125 1321 2145 ,
1353 2097 1570 2146 Gregoram

115 2169 157 2207 p.
178 2154 232 2197 24
261 2159 286 2197 3
315 2157 473 2193 nullum
492 2157 608 2194 illum
628 2155 813 2195 habuisse
839 2169 1027 2193 asserere.
1087 2157 1188 2192 Am..

225 2210 283 2254 ih
304 2225 343 2250 v.
365 2213 430 2253 13.
489 2211 554 2263 ἔτη
579 2207 799 2263 δεκαοκτώ]
830 2214 1024 2262 Gregoras
1047 2226 1085 2262 p.
1109 2210 1163 2251 24
1196 2213 1232 2250 1.
1290 2209 1392 2246 Am..

227 2267 282 2305 ib·
304 2281 342 2308 V.
365 2271 426 2310 16.
485 2268 682 2321 μοιχείας]
715 2269 875 2319 elegans
893 2281 986 2306 sane
1006 2274 1044 2306 et
1062 2266 1259 2319 quantivis
1273 2265 1391 2316 pretii
1407 2260 1565 2299 divina-

114 2325 170 2364 tio
196 2323 382 2362 Scriverii
410 2326 558 2374 nostri,
588 2326 755 2376 legentis
779 2322 920 2376 μάχας.
977 2326 1039 2362 cui
1059 2337 1153 2362 suae
1174 2320 1440 2360 emendationi
1456 2317 1565 2355 hunc

112 2379 327 2450 Nicephori
345 2381 542 2431 Gregorae
560 2383 692 2419 locum
711 2381 953 2432 apponebat,
982 2382 1097 2419 Rom.
1121 2380 1266 2416 Histor.
1287 2377 1356 2416 lib.
1369 2379 1395 2416 2
1414 2388 1498 2425 cap.
1515 2377 1562 2413 1:

111 2436 138 2478 o‘
163 2435 236 2503 μὲν
259 2451 334 2477 ουν
361 2434 543 2488 βασιλεῦς
564 2435 770 2490 Θεόδωρος
789 2436 813 2477 ὁ
828 2433 1034 2489 Λασκαρις
1052 2431 1142 2485 ὄξυς
1163 2432 1235 2486 μὲν
1255 2428 1308 2486 ἦν
1331 2447 1407 2483 την
1432 2426 1565 2484 ἇρμην

111 2493 178 2534 καὶ
198 2489 492 2541 ἀνυπόστατος,
516 2493 584 2534 καὶ
604 2495 785 2540 πλείστας
806 2491 878 2543 μὲν
897 2487 1255 2558 προκεκινδυνενκε
1275 2485 1425 2540 μάχᾱςι
1451 2487 1566 2526 πλδῖ“

109 2562 205 2596 σῑᾱς
230 2545 273 2590 δ’
298 2545 521 2617 οἶνωρθωσε
548 2548 678 2598 πόλεις
700 2551 922 2596 καλλίσταις
943 2550 1173 2613 οἰκοδομαῖς
1190 2544 1258 2589 καὶ,
1278 2547 1454 2591 πολλοῖς
1462 2538 1563 2582 οἴνα-

109 2602 308 2658 λῶμασιν,
322 2602 554 2673 οἷνασοβαῖν
578 2607 645 2647 καὶ
675 2603 933 2657 οἷναχαιτίζων
959 2603 1026 2644 διὰ
1059 2618 1209 2644 τουτων
1233 2616 1305 2652 την
1330 2603 1410 2640 ταῖν
1434 2599 1562 2643 Λατί-

107 2677 194 2703 νων
221 2658 369 2726 ὄρμηον.
425 2663 636 2714 imperator
659 2677 750 2701 vero
782 2662 957 2702 leeodor
958 2675 1004 2698 us
1024 2660 1213 2706 Las-caris
1236 2657 1459 2702 celerrimus
1469 2655 1562 2706 ficii

108 2725 229 2770 atque
247 2719 437 2762 invictus,
467 2726 504 2756 ec
521 2719 708 2770 plurimis
727 2734 770 2770 pt
772 2718 892 2758 aelus
915 2723 1129 2769 spectatus,
1151 2715 1429 2766 plurimusque
1448 2711 1561 2748 tit-·bes·

103 2774 386 2825 pulc-“lienimis
413 2775 604 2826 aedificiis
634 2778 867 2827 magnisque
891 2772 1113 2826 sumptibus
1135 2772 1193 2818 ad
1217 2768 1501 2809 retardandum
1525 2774 1561 2803 ec
