1864 3242
315 155 410 204 248
834 161 892 204 IN
925 158 1220 206 GEORGIUM

316 269 462 307 artibus
492 273 670 306 revocata
683 295 695 316 ‚
730 269 921 307 maiorem
944 281 1064 321 quam
1093 276 1207 307 antea
1232 271 1447 321 potentiam
1474 272 1742 320 obtinuitffet

315 326 501 363 maritum
525 337 547 361 a
575 336 617 361 se
646 324 911 363 abalienatum
938 326 1049 364 miris
1077 325 1276 364 blanditiis
1304 327 1580 366 recouossiavit.
1616 329 1742 365 >Gom-

316 382 508 419 stantinus
525 392 618 418 vero
634 381 932 432 Mesopotamita
948 382 1055 419 illius
1072 383 1209 420 aetatis
1225 389 1451 421 vertumnus
1467 390 1510 421 et
1522 381 1640 426 homo
1659 383 1743 421 cal·-

314 435 529 474 lidissimus
558 441 596 473 et
623 437 912 475 versutissimus
941 437 990 475 ob
1014 436 1195 475 dominae
1217 436 1386 475 reditum
1403 441 1538 490 magis-
1553 451 1598 476 ac
1616 439 1744 489 magis

315 491 593 539 insolescebat,
623 505 713 530 cum
741 499 874 544 posset
897 494 1029 531 omnia
1049 492 1155 545 apud
1171 495 1459 544 imperatorem.
1515 492 1613 532 hinc·
1634 495 1746 532 cani-

318 548 394 584 clei
424 547 616 595 officium,
646 547 754 600 quod
780 548 828 586 ab
856 550 1002 587 Isaacio
1029 549 1249 587 obtinuerat
1269 562 1315 587 ac
1342 562 1474 588 rursus
1499 549 1745 598 offerebatur,

317 609 362 640 ut
381 615 452 641 suo
470 603 628 653 fastigio
645 605 808 643 iuferius
827 605 975 656 renuit,
1004 604 1075 643 sed
1100 618 1153 643 ex
1175 606 1320 643 lectore
1338 604 1547 643 diaconum
1565 619 1607 644 se
1620 606 1750 648 creari,

319 659 466 707 voluit,
495 665 540 696 ut
570 657 778 710 dignitates
809 661 927 698 etiam
957 662 1238 699 ecclesiasticas
1267 667 1530 699 contrectaret.
1587 661 1748 699 simulat

319 712 463 751 deinde
489 727 531 752 se
560 716 786 766 imperatori
815 729 898 754 non
926 718 1095 767 amplius
1130 730 1290 767 operam
1319 724 1574 755 navaturum:
1618 728 1746 768 neque

320 771 427 807 enim
455 772 681 821 permittere
711 785 878 810 canones
900 771 1071 810 eundem
1088 779 1126 810 et
1145 772 1218 810 deo
1236 786 1345 811 sacra
1363 774 1491 810 facere
1513 778 1554 810 et
1569 772 1748 810 civilibus

317 827 487 876 negotiis
521 827 729 879 implicari.
785 840 906 880 quare
932 830 1082 879 cogitur
1105 827 1325 879 patriarcha
1348 827 1575 880 Xiphilinus
1590 834 1643 866 ‘ut
1660 829 1749 866 Me-

318 883 572 932 sopotamitae
585 912 596 932 ,
634 883 753 920 simul
779 891 818 921 et
844 882 919 921 deo
945 891 984 921 et
1009 886 1257 935 imperatori,
1297 891 1336 922 et
1358 885 1508 936 templo
1538 890 1580 921 et
1602 884 1748 935 palatio

319 939 406 975 sine
436 937 574 976 fraude
602 951 796 977 canonum
823 941 1010 978 inservire
1028 941 1164 988 liceat,
1191 941 1398 991 privilegio
1420 938 1622 978 concedat.
1675 951 1750 976 nec

319 994 446 1030 multo
466 1002 554 1044 post
571 993 876 1033 Thessalonicae
894 996 1075 1046 pontifex
1091 995 1329 1046 designatur.
1373 1003 1643 1034 verumtamen
1660 1007 1751 1032 cum

322 1048 525 1099 cupiditati
557 1063 651 1088 suae
679 1052 836 1088 nullum
858 1050 1023 1088 modum
1047 1058 1251 1100 statueret,
1281 1051 1352 1089 sed
1370 1052 1495 1089 -vellet
1514 1051 1627 1088 laeva
1645 1057 1750 1088 tem·-

320 1104 432 1155 plum
462 1104 623 1143 dextera
647 1107 836 1157 palatium
864 1113 1019 1155 tenere,
1048 1108 1187 1145 fratres
1218 1120 1308 1145 suos
1338 1114 1527 1158 tanquam
1553 1107 1683 1144 clavos
1711 1112 1750 1143 et

320 1167 450 1198 vectes
480 1162 696 1209 inserebat,
726 1175 771 1199 ac
793 1163 922 1213 potius
944 1163 1053 1199 velut
1072 1164 1229 1200 inaures
1251 1162 1300 1199 de
1319 1169 1484 1214 utraque
1506 1163 1750 1213 imperatorIs

323 1216 499 1253 auricula
520 1215 802 1268 suspendebat,
831 1224 876 1254 ut
895 1219 929 1255 si
949 1217 1105 1269 quando
1126 1219 1395 1255 ecclesiasticis
1416 1218 1670 1255 conventibus
1688 1219 1753 1254 in-

321 1277 484 1309 teresset
496 1300 507 1320 ,
541 1273 698 1309 nullum
718 1271 867 1309 dictum
885 1280 951 1310 aut
967 1274 1115 1310 factum
1131 1274 1347 1324 ignoraret,
1375 1286 1449 1310 neo
1464 1274 1675 1325 quisquam
1689 1273 1752 1310 lo-

321 1339 413 1364 cum
441 1340 557 1364 suum
584 1340 626 1365 se
653 1327 902 1378 imprudente
928 1335 1145 1379 occuparet.
1200 1327 1525 1367 Thessalonicam
1554 1329 1752 1380 profectus

322 1389 361 1420 et
381 1384 451 1420 vix
473 1383 570 1420 solio
593 1384 802 1421 collocatus
823 1397 976 1421 summa
997 1398 1087 1421 cum
1104 1385 1354 1422 festinatione
1373 1386 1607 1436 Byzantium
1624 1380 1751 1432 rediit,

322 1444 363 1475 et
379 1451 458 1475 uno
476 1437 597 1489 digito
616 1439 775 1489 regebat
790 1441 934 1477 omnia.
993 1439 1063 1478 sed
1082 1439 1143 1478 his
1164 1454 1254 1478 cum
1270 1441 1378 1478 fieret
1397 1441 1579 1478 omnibus
1594 1453 1752 1488 exosus,

322 1494 539 1531 aulicorum
571 1496 902 1533 criminationibus
928 1495 1034 1547 apud
1056 1498 1331 1547 imperatorem
1350 1498 1550 1547 impetitus
1571 1495 1619 1533 de
1639 1496 1754 1533 fasti-

321 1551 387 1599 gio
416 1550 485 1587 illo
511 1563 642 1587 rerum
671 1550 922 1600 deturbatur;
967 1565 1041 1589 nec
1072 1554 1267 1590 excutitur
1294 1560 1448 1590 tantum
1475 1553 1644 1603 palatio,
1683 1550 1754 1589 sed

321 1605 547 1656 pontificatu
566 1608 684 1644 etiam
705 1606 895 1655 deficitur,
928 1614 967 1644 et
987 1610 1055 1659 qui
1072 1610 1187 1646 malis
1205 1609 1350 1646 artibus
1369 1607 1421 1645 ad
1435 1608 1639 1659 primarias
1659 1608 1754 1644 sun·-

322 1662 470 1699 ctiones
496 1663 776 1700 ecclesiasticas
796 1662 1038 1714 usurpandas
1059 1672 1309 1715 pervenerat,
1338 1665 1614 1715 primariorum
1635 1676 1755 1700 cona-

320 1717 425 1754 tibus
447 1716 495 1754 de
515 1719 613 1755 solio
632 1717 824 1756 deiicitur.
881 1726 920 1756 et
936 1718 1011 1757 hoc
1026 1719 1144 1757 modo
1161 1720 1458 1770 Mesopotamita
1477 1719 1754 1757 Constantinus

321 1778 361 1808 et
380 1771 456 1809 duo
473 1774 555 1810 eius
575 1774 713 1812 fratres
735 1775 783 1811 ab
802 1773 1134 1813 administratione
1153 1777 1210 1814 rei
1226 1777 1407 1828 publicae
1425 1782 1464 1814 et
1484 1775 1670 1813 ecclesiae
1688 1787 1754 1812 re-

320 1835 547 1878 moventur,
579 1836 617 1867 et
637 1830 706 1867 alii
722 1829 948 1869 succedunt.
1003 1833 1104 1870 Am„

430 1929 470 1968 p-
503 1920 556 1959 36
586 1931 626 1956 v.
660 1921 723 1960 18.
780 1916 1032 1972 Δημήτριος]
1075 1918 1181 1958 huuc
1207 1918 1542 1973 archiepiscopum
1569 1918 1754 1958 Iacobum

322 1979 436 2010 vocat
453 1972 734 2026 Pachymerius
755 1977 898 2016 Histor.
917 1977 988 2014 lib.
1008 1980 1047 2019 2.
1103 1977 1204 2014 Am..

433 2049 486 2087 ib.
517 2064 557 2088 v.
590 2053 654 2092 19.
710 2050 755 2093 τό
793 2050 993 2105 βασιλικόν
1026 2053 1254 2106 περιτίθησι
1292 2055 1421 2105 σχῆμα
1452 2050 1519 2092 καὶ
1551 2048 1751 2102 διάδημα]

320 2111 475 2154 praeter
498 2104 690 2145 honorem
713 2109 829 2146 illum
856 2108 904 2147 de
933 2122 1009 2161 quo
1029 2111 1110 2147 iam
1127 2110 1244 2147 verba
1263 2109 1451 2157 fecimus,
1482 2107 1587 2160 quod
1602 2108 1753 2158 Bulga-

321 2172 453 2199 rorum
480 2164 660 2214 princeps
684 2163 866 2216 βασιλεύς
886 2166 1123 2216 appelletur,
1149 2166 1271 2216 legati
1290 2178 1446 2216 quoque
1469 2166 1551 2201 eius
1576 2165 1752 2201 omnium

320 2217 498 2264 gentium
539 2219 679 2268 legatis
714 2222 1071 2272 praeponebantur3
1119 2221 1223 2273 quod
1255 2234 1308 2258 ex
1336 2217 1576 2270 Luitprando
1613 2219 1752 2270 liquet.

322 2271 431 2314 ouius
457 2278 584 2310 totum
614 2288 660 2311 ea
691 2274 739 2313 de
767 2290 807 2313 re
838 2277 970 2314 locum
993 2275 1058 2314 hic
1080 2276 1318 2315 adscribam:
1348 2288 1511 2326 cumque
1539 2274 1753 2325 indignans

320 2324 430 2362 abire
455 2327 612 2373 vellem,
639 2331 720 2367 Leo
749 2333 989 2381 coropalates
1014 2334 1256 2382 imperatoris
1262 2331 1397 2382 frater
1413 2338 1451 2367 et
1460 2330 1754 2380 protoasecretis

326 2382 484 2420 Simeon
508 2397 612 2433 pone
638 2399 699 2422 me
727 2395 958 2437 sequuntur,
996 2387 1094 2424 haee
1119 2389 1321 2425 latrantes.-
1368 2400 1458 2423 cum
1489 2385 1755 2436 Christophori

309 2438 449 2485 filiam
487 2439 651 2477 Petrum
688 2442 961 2492 Balgarormn
994 2444 1165 2480 vasileus
1202 2444 1404 2493 coniugem
1436 2441 1606 2487 duceret,
1647 2455 1753 2492 sym—

315 2493 471 2543 phona,
506 2496 552 2532 id
579 2503 651 2541 est,
680 2500 934 2535 consonantia
959 2501 1108 2548 scripta
1134 2501 1350 2535 iuramento
1369 2499 1539 2546 firmata
1571 2504 1681 2542 sunt,
1709 2503 1755 2533 ιιι
1798 2492 1804 2501 '

320 2552 494 2586 omnium
508 2553 687 2601 gentium
706 2554 907 2603 apostolis,
935 2554 981 2590 id
997 2561 1051 2590 esc
1066 2556 1232 2599 nuntiis,
1255 2568 1375 2603 penes
1391 2567 1461 2590 nos
1481 2552 1754 2604 Balgarorum

322 2606 490 2654 apostoli
511 2615 826 2657 praeponantur,
854 2606 1103 2655 honorentur,
1133 2610 1368 2660 diligantur.
1427 2615 1629 2660 praeterea
1654 2608 1754 2644 Bul-

323 2663 453 2711 gariae
485 2661 798 2715 archiepiscopus
826 2661 1093 2714 αὖτοκέφαλος
1125 2679 1351 2716 supremum
1379 2666 1422 2702 in
1454 2665 1636 2701 ecclesias
1663 2676 1752 2700 suas

322 2718 383 2754 ius
412 2715 602 2766 habebat,
632 2733 760 2771 neque
793 2719 1034 2771 patriarchae
1059 2722 1263 2772 cpolitano
1286 2728 1352 2758 aut
1371 2722 1443 2757 ulli
1468 2721 1535 2756 alii
1558 2719 1753 2756 subiectus

323 2779 418 2811 erat.
475 2772 594 2811 fidem
619 2776 765 2815 faciunt
799 2775 1120 2829 Theophylactus
1154 2779 1194 2814 in
1223 2777 1377 2828 epletol.
1410 2783 1448 2813 et
1478 2776 1688 2813 Balsamon
1712 2775 1753 2810 in
