1864 3242
576 182 976 228 AGROPOLITAM
1008 186 1212 239 NOTAE.
1511 190 1614 237 273

155 294 274 348 epuli
303 306 326 332 a
353 293 513 333 Graecis
544 292 731 332 dimissus
760 295 903 344 suerit,
933 296 1054 334 refert
1079 294 1364 348 PachymerIus
1390 312 1432 351 p.
1462 302 1515 342 86
1546 302 1614 345 15,

152 354 356 404 ‘Gregoras
377 351 450 389 lib.
467 351 495 392 4
516 365 558 403 p.
577 353 631 392 79
659 354 730 392 22.
786 358 867 389 tres
886 359 1041 390 tantum
1060 353 1178 391 urbes
1195 361 1384 392 recenset.
1441 358 1543 396 Am..

146 432 210 507 -ss
270 420 322 502 12
336 407 417 449 184
434 421 474 447 v.
495 408 564 450 18.
617 404 691 448 τόν
706 404 780 460 μὲν
798 402 875 449 οὖν
893 407 1258 465 σεβαστοκροῖτορα]
1290 411 1484 463 Gregoras
1498 428 1541 467 Ρ.
1558 418 1614 457 79

215 489 230 502 .
325 475 387 504 ιι.

249 533 315 573 Ρ.
335 520 418 562 186
437 533 478 558 v.
498 517 540 561 4.
596 515 815 572 ἆντίπεραν
842 522 917 561 τοῦ
943 520 1129 574 βορείου]
1168 524 1361 575 Gregoras
1389 538 1432 577 Ρ.
1461 527 1516 568 80
1543 529 1615 568 20.

160 575 212 616 de
227 576 306 616 hac
324 589 368 614 re
387 576 569 628 pluribus
587 578 670 628 agit
690 575 956 628 Pachymeres
972 578 1043 616 lib.
1064 581 1091 620 2
1112 592 1147 616 c.
1173 583 1236 621 19.
1292 583 1396 620 Am..

222 634 231 639 ”
270 647 314 687 Ρ.
337 633 419 675 187
438 646 479 671 v.
497 635 538 674 3.
593 630 668 686 τήν
685 631 726 682 ἐξ
744 632 888 685 ἔθους]
919 635 1112 686 Gregoras
1133 649 1172 687 p.
1192 638 1245 677 81
1278 640 1344 679 12-
1400 638 1503 676 Am..

269 703 314 743 Ρ.
346 690 427 731 188
457 702 498 728 v.
525 691 591 730 11.
659 688 1028 743 πανευφυέστατος]
1073 693 1266 743 Gregoras
1297 695 1511 732 Arsenium
1539 708 1616 733 usu

159 759 296 786 rerum
321 751 361 783 et
382 746 543 797 imperii
569 744 910 784 administratione
939 760 1015 786 nec
1041 761 1133 786 cum
1157 750 1307 788 fossore
1335 749 1499 803 quidem
1519 764 1616 789 con-

157 802 370 842 ferendum
387 801 510 840 tradit
528 815 570 853 Ρ.
587 804 641 843 66
672 803 740 844 19.
796 805 899 841 Au..

272 858 328 898 ib.
349 872 391 898 v.
407 861 478 902 22.
535 854 626 899 ἄλλ’
657 857 679 899 ὁ
706 856 780 911 μὲν
795 856 1009 913 Σάρδεων,
1042 856 1107 902 ὅτε
1127 859 1152 902 ό
1169 859 1381 915 βασιλεύς]
1412 861 1490 902 hoc
1507 862 1616 901 idem

157 916 340 970 pluribus
362 921 496 954 narrat
514 913 780 967 Pachymeres
801 916 872 954 lib.
891 919 919 958 2
945 930 979 954 c.
1006 919 1070 958 17.
1127 919 1231 956 Am..

273 987 316 1026 Ρ.
338 973 422 1014 190
441 984 482 1010 v.
498 973 550 1011 7-
597 972 879 1025 παραγγείλας]
915 974 1109 1023 Gregoras
1132 987 1173 1025 p.
1195 977 1247 1016 83
1276 976 1317 1016 8.
1372 977 1475 1014 Am..

270 1042 314 1081 Ρ.
340 1029 418 1070 191
438 1040 479 1066 v.
497 1028 539 1068 3.
597 1027 840 1080 μποτεστας]
870 1042 954 1067 vox
975 1043 1084 1068 mere
1108 1032 1272 1080 Latina,
1301 1039 1489 1082 pot-estas.
1552 1031 1616 1071 di-

148 1085 322 1136 gnitatis
348 1095 498 1135 genus,
526 1083 711 1122 Italicum
730 1085 909 1135 podesta.
970 1084 1042 1123 sed
1072 1093 1110 1124 et
1135 1088 1273 1138 priscis
1297 1089 1450 1127 Latinis
1468 1101 1617 1128 nomen

130 1150 136 1159 ··
159 1141 282 1180 officii
301 1146 342 1179 et
360 1141 630 1192 magistratus.
687 1142 885 1179 Iuvenalis
904 1141 1035 1194 Satyr.
1059 1144 1133 1184 10:

701 1205 952 1247 praetextam
975 1212 1127 1236 sumere
1149 1200 1296 1246 mavis,

378 1265 437 1291 an
457 1252 703 1290 Fidenarum
731 1253 1027 1305 Gabiorumque
1048 1268 1129 1292 esse
1138 1254 1347 1306 potestas?

161 1308 376 1348 Suetonius
405 1309 450 1347 in
477 1307 668 1347 Claudio:
707 1317 828 1362 atque
855 1311 973 1347 etiam
990 1325 1069 1361 per
1089 1313 1319 1362 provincias·
1343 1311 1613 1349 demandavit.

151 1363 272 1417 apud
303 1365 402 1404 alios
430 1366 638 1417 scriptores
662 1366 1038 1405 Graeco-barbaros
1061 1366 1205 1405 dicitur
1221 1364 1467 1416 ποτεστοὲτος.
1524 1367 1617 1406 vide

152 1422 411 1461 'Glossarium
437 1423 617 1460 Meursii.
674 1421 784 1475 quod
807 1429 847 1461 et
872 1424 1006 1474 ipsum
1026 1437 1110 1462 non
1129 1425 1257 1462 multo
1273 1430 1365 1476 post
1383 1431 1520 1462 auctor
1539 1437 1618 1462 no-

161 1485 244 1518 ster
261 1483 439 1531 usurpat.
494 1479 659 1517 DousA.

273 1534 329 1573 ib.
361 1548 402 1574 v.
434 1537 502 1577 10.
558 1533 843 1586 Δαφνουσίας]
887 1536 1081 1587 Gregoras
1109 1549 1151 1588 Ρ.
1180 1535 1234 1577 85
1263 1533 1304 1576 4.
1360 1534 1618 1587 Daphnusiae

162 1592 347 1629 meminit
372 1589 619 1643 Nicephorus
646 1590 869 1643 patriarcha
896 1593 1125 1644 cpolitanus
1144 1594 1187 1630 in
1207 1593 1409 1630 Breviario
1429 1591 1617 1630 historico

163 1647 234 1701 (Ρ.
253 1646 307 1690 44
324 1649 362 1686 Α
377 1647 442 1686 ed.
457 1645 648 1700 Lupar.).
703 1649 748 1685 in
780 1647 925 1687 codicis
954 1650 1220 1701 antiquissimi
1237 1650 1439 1700 margine,
1472 1650 1516 1686 in
1537 1661 1616 1700 quo

163 1710 249 1742 erat
269 1705 450 1756 Apoplus
476 1706 598 1742 maris
615 1705 766 1741 Euxini
783 1706 868 1742 sine
889 1707 1050 1743 nomine
1071 1706 1239 1744 auctoris
1252 1734 1263 1754 ,
1295 1704 1472 1743 diversus
1496 1706 1543 1742 ab
1568 1719 1615 1742 eo

162 1761 236 1813 qui
262 1767 322 1799 est
348 1762 530 1813 Arriani,
560 1760 793 1799 adnotatum
822 1768 906 1799 erat
936 1757 1179 1804 Ἀπολλωνία
1207 1760 1238 1815 ἦ
1262 1763 1341 1803 νῦν
1357 1762 1615 1813 Δαφνουσία.

157 1818 267 1857 ΑΗ..

275 1872 330 1911 ib.
354 1886 396 1912 v.
418 1875 485 1916 17.
541 1870 692 1926 ἄνδρας
705 1870 819 1921 τινᾶς
835 1872 1158 1926 ἔξωρμημὲνους]
1191 1875 1385 1925 Gregoras
1402 1887 1443 1925 Ρ.
1465 1871 1519 1914 84
1549 1871 1617 1914 15.

163 1942 252 1968 rem
280 1929 502 1968 distinctius
525 1937 659 1968 narrat
685 1929 950 1981 Pachymeres
974 1931 1045 1968 lib.
1065 1933 1092 1971 2
1114 1944 1147 1967 c.
1166 1933 1236 1972 27.
1292 1928 1473 1967 Phi-anza
1502 1930 1616 1967 aliter

160 1987 235 2025 lib.
259 1988 281 2027 1
304 1987 338 2024 ὸ.
357 1985 396 2027 4.
453 1999 598 2024 vesane
618 1988 750 2039 itaque
766 1988 886 2024 nimis
907 1987 1126 2025 Sabellicus
1141 1989 1289 2024 Rerum
1307 1987 1446 2024 Venet.
1464 1984 1615 2023 Decad.

161 2043 236 2081 lib.
260 2043 314 2083 10
334 2043 377 2080 in
394 2041 516 2080 fidem
538 2044 776 2081 Graecorum
795 2043 980 2092 oblatrat,
1011 2056 1131 2096 quam
1149 2044 1234 2081 sine
1252 2049 1386 2093 aperto
1406 2041 1615 2080 mendacio

161 2097 323 2138 laedere
353 2111 434 2136 non
462 2101 613 2151 potuit,
650 2106 783 2137 narrat
809 2098 1007 2151 siquidem
1038 2098 1232 2152 quosdam
1261 2100 1452 2147 Graecos,
1482 2111 1615 2136 rerum

162 2156 433 2208 praesentium
452 2163 674 2207 pertaesos,
710 2169 801 2193 cum
825 2157 1063 2206 Palaeologo
1087 2169 1160 2207 per
1179 2154 1279 2192 fidos
1303 2156 1464 2193 nuntios
1486 2156 1614 2206 egisse

163 2218 209 2250 ut
227 2218 333 2250 certa
346 2214 474 2250 noctis
489 2211 586 2250 hora
606 2225 697 2250 cum
715 2213 858 2265 quibus
875 2213 950 2250 sibi
966 2212 1166 2251 videretur
1183 2213 1304 2263 copiis
1321 2210 1499 2249 adesset:
1528 2211 1614 2248 fore

164 2274 212 2306 ut
228 2269 273 2306 in
292 2268 433 2306 urbem
453 2276 632 2320 receptus
650 2270 735 2307 sine
754 2270 836 2306 ulla
854 2268 974 2306 caede
993 2282 1126 2306 rerum
1142 2269 1347 2319 potiretur.
1402 2268 1614 2305 Palaeolo-

165 2337 263 2375 gum
280 2326 527 2363 occasionem
543 2327 710 2363 minime
727 2327 997 2377 negligentem
1018 2326 1174 2364 silentio
1191 2325 1316 2362 noctis
1337 2337 1427 2361 cum
1445 2322 1614 2374 expedi-

155 2381 329 2419 ¹tissimis
353 2382 477 2434 copiis
501 2381 553 2420 ad
576 2383 718 2420 urbem
734 2384 963 2431 accessisse,
994 2394 1093 2434 quas
1123 2394 1196 2433 per
1223 2393 1379 2418 accessa
1409 2380 1457 2417 ab
1485 2378 1613 2417 hosti-

164 2436 240 2475 bus
271 2437 382 2486 loca,
411 2451 464 2476 ne
492 2437 590 2492 quid
618 2440 679 2476 illi
705 2440 947 2490 praesentire
976 2444 1160 2490 possent,
1190 2437 1397 2475 moenibus
1420 2434 1612 2484 admotas,

167 2494 291 2532 caesis
322 2500 524 2545 portarum
550 2496 737 2547 vigilibus
765 2494 985 2547 proditores
1011 2496 1054 2532 in
1080 2493 1220 2532 urbem
1248 2494 1333 2531 sine
1362 2492 1439 2530 alia
1463 2493 1613 2529 maiore
1663 2505 1666 2509 ’

151 2548 289 2599 'caede
316 2558 564 2603 acceperunt.
620 2551 863 2590 Balduinum
893 2558 932 2590 et
960 2552 1244 2589 Pantaleonem
1260 2549 1523 2586 Iustinianum
1539 2560 1613 2584 an-

166 2607 333 2644 tistitem
348 2605 400 2644 ad
415 2608 588 2658 primum
605 2616 742 2661 captae
759 2609 869 2647 urbis
886 2609 1102 2646 tumultum
1119 2608 1289 2654 excitos,
1320 2618 1411 2642 cum
1429 2617 1613 2643 necessa-

166 2664 236 2701 riis
262 2663 632 2718 pretiosissimisque
656 2666 792 2714 rebus,
822 2678 920 2718 quas
940 2671 1131 2701 nocturna
1155 2663 1226 2699 illa
1253 2660 1514 2713 trepidatione
1540 2673 1614 2698 ex·-

166 2725 324 2771 portare
350 2726 584 2771 potuerunt,
614 2721 666 2760 ad
683 2723 877 2773 Euripum
897 2734 939 2759 se
957 2718 1111 2771 trepide
1133 2719 1348 2770 recepisse,
1381 2718 1450 2754 ubi
1472 2729 1615 2754 navem

167 2776 365 2826 ingressos
394 2779 578 2816 continua
606 2780 858 2830 navigatione
878 2778 921 2814 in
943 2777 1149 2814 Euboeam
1167 2788 1252 2813 esse
1275 2774 1439 2812 delatos.
1497 2780 1536 2810 et
1555 2774 1615 2810 illi

168 2844 329 2870 concors
357 2831 535 2873 Blondus
560 2835 719 2874 Flavius
745 2836 816 2874 lib.
837 2836 863 2876 8
887 2831 1036 2872 Decad.
1058 2835 1107 2875 2:
1146 2833 1248 2871 inita
1273 2833 1407 2882 itaque
1430 2831 1615 2868 coniura-

225 2893 356 2941 Georg.
383 2895 539 2942 Acropol.
569 2897 692 2931 Annal.
1291 2892 1342 2928 18
