1924 3242
338 193 437 242 274
727 188 1098 238 CONSTANTINI
1128 188 1387 235 MANAssIs
1426 213 1437 233 ι

341 307 450 350 6445
475 305 577 348 ἀλλὰ
592 304 637 347 τὸ
654 303 798 358 μέλλον
817 301 915 345 ἔοικε
933 299 1090 347 πάντων
1106 299 1364 359 ὖπερισχῦειν,

475 374 806 424 κατακαυχᾶσθαι
825 374 1034 425 λογισμῶν,
1067 367 1277 430 ὗπερνικιξν
1297 368 1476 425 καρδίας.

474 442 538 482 καὶ
558 440 687 482 τοίνυν
705 436 730 492 ἦ
750 439 964 493 βασίλισσα
985 436 1133 479 τούτων
1153 437 1420 490 ἐπαισθομένη

475 509 538 549 καὶ
560 510 638 548 πᾶν
657 505 702 548 τὸ
725 502 951 559 ὃιαβούλιοίι
970 508 1164 559 μαθοῦσα
1187 507 1259 546 τοῦ
1280 503 1516 558 συλλέκτρου

200 584 232 619 P
254 585 316 620 131
472 574 604 631 ὅρκοις
625 572 748 628 αὗτὴν
769 571 1005 630 φρικώδεσιν
1023 570 1088 614 οἷα
1110 574 1268 624 δεσμοῖς
1290 571 1519 626 συσσφίγγει

339 642 448 685 6450
470 643 609 697 μηκέτι
628 639 878 696 παστοπήγια
901 645 1042 694 στῆσαι
1062 639 1244 694 δευτέρου
1262 636 1406 693 γάμου,

471 710 616 759 ἄλλους
634 710 771 763 μηκέτι
790 707 1016 763 γνώσεσθαι
1037 705 1251 759 θαλάμους
1270 705 1500 761 γαμηλίους,

477 777 580 818 ἀλλὰ
597 783 679 826 τοῖς
696 777 845 825 τέκνοις
867 781 948 824 τοῖς
971 774 1092 816 αὐτοῦ
1113 774 1157 816 τὸ
1179 771 1324 830 κράτος
1345 776 1601 829 συντηρῆσαι.

534 842 583 886 ‘O
601 844 673 897 μὲν
693 838 763 885 οὖν
781 843 945 892 Δοῦκας
963 849 1045 891 τοῖς
1063 846 1231 895 θεσμοῖς
1250 847 1332 890 τοῖς
1352 847 1534 896 φυσικοῖς
1554 836 1719 893 ’ὑπήχθη

473 913 539 952 καὶ
560 911 604 953 τὸ
623 910 773 965 θνητὸν
790 912 855 952 καὶ
873 910 1027 965 γηγενὲς
1047 902 1323 965 ἅπεφορτίσθη
1343 905 1472 964 βάρος

341 981 447 1024 6455
473 979 513 1020 ἓν
530 977 792 1035 ἕπταρίθμοις
813 977 912 1020 ἴτεσι
926 975 1130 1030 Ῥωμαίων
1149 973 1409 1030 βασιλεύσας·

474 1044 498 1100 ἦ
520 1046 558 1086 δ’
583 1046 757 1088 Εὗδοκιά
774 1043 977 1098 σύμπλοος
998 1045 1139 1099 ἐγίνετο
1162 1050 1244 1093 τοῖς
1260 1044 1408 1092 τέκνοις

472 1111 663 1166 ναυβάτις
679 1113 978 1172 χρηματίζουσα
999 1116 1070 1153 τοῦ
1086 1109 1362 1166 καλλιπρώρου
1384 1107 1576 1166 σκάφους.

473 1180 567 1221 ἄλλ)
593 1179 736 1236 αἴφνης
758 1178 995 1235 ἇγριάνασαι
1015 1178 1163 1235 σαρκὸς
1182 1178 1223 1220 αἱ
1244 1179 1466 1233 καταιγίδες

472 1245 673 1303 ἐξήγειραν
696 1245 946 1302 ὃυστάραχον
972 1245 1115 1298 ἄνεμον
1136 1246 1345 1298 κυματίαν,

339 1315 448 1359 6460
472 1313 666 1369 ἐπήγαγον
688 1314 957 1367 ναυτιασμοὺς
977 1313 1138 1365 ἐμέτους
1155 1313 1396 1362 σκοτοὸίνας,

290 1389 317 1423 Β
474 1382 691 1436 ἠπείλησαν
709 1380 803 1429 τοὺς
824 1380 1013 1429 πλέοντας
1030 1381 1182 1422 θέσθαι
1202 1375 1573 1432 κυματοκλύστους·

471 1448 640 1503 πέλαγος
657 1447 733 1504 γὰρ
757 1448 1014 1503 δυσχείμερον
1033 1445 1216 1502 ὖπήνοιγε
1237 1446 1282 1489 τὸ
1304 1444 1447 1499 στόμα.

473 1517 514 1558 τί
534 1516 576 1557 δὲ
598 1517 663 1556 καὶ
684 1521 796 1556 ποῖον
815 1515 859 1557 τὸ
880 1513 1064 1568 συμβάν,·
1101 1514 1168 1569 ι’ίγε
1189 1531 1282 1567 μοι,
1316 1512 1419 1569 λόγε,
1455 1510 1647 1568 φθέγγου,

416 1594 419 1597 “
472 1584 530 1637 μὴ
551 1582 662 1638 παρὰ
683 1582 803 1635 μέλος
822 1582 894 1636 τὴν
916 1582 1058 1638 ’νευρὰν
1079 1582 1152 1636 τὴν
1172 1582 1366 1635 μουσικὴν
1383 1577 1614 1634 ψαλάττων.

341 1653 448 1693 6465
532 1645 613 1691 Ἠν
628 1647 832 1703 Ῥωμανός
849 1667 909 1699 τις
928 1648 1176 1706 στράταρχος
1186 1681 1200 1701 ,
1234 1650 1394 1702 ἐπίκλην
1413 1646 1616 1702 Διογένης,

473 1718 670 1772 ἐπίχαρις,
705 1715 980 1773 εὐπρόσωπος,
1014 1717 1058 1758 τὸ
1079 1717 1188 1772 γένος
1212 1713 1525 1769 Καππαδόκης,”

476 1779 518 1826 εὖ
540 1784 639 1837 ἔχων
660 1781 830 1832 κάλλους
852 1782 1061 1837 σώματος,
1096 1779 1138 1826 εὖ
1159 1785 1202 1826 δὲ
1222 1785 1288 1825 καὶ
1310 1781 1549 1839 βραχιόνων,
1593 1782 1597 1786 ’

476 1849 577 1900 εἶδος
594 1855 775 1892 πλουτῶν
798 1849 1000 1907 ἐράσμιον,
1035 1851 1146 1901 ἄξιον
1167 1853 1410 1907 τυραννίδος.

474 1913 589 1967 οὗτος
609 1917 704 1959 ’ἰδών
726 1918 777 1959 τὰ
798 1916 1014 1974 πράγματα
1035 1921 1102 1960 καὶ
1123 1918 1194 1973 τὴν
1217 1918 1329 1971 ἰσχὺν
1342 1915 1556 1971 εΡωμαίων

428 2056 521 2091 6446
536 2055 598 2090 καὶ
612 2056 747 2099 θυμῶν
767 2056 800 2090 R
971 2057 1061 2091 6453
1082 2057 1226 2100 δεσμοῖς
1247 2055 1317 2091 ΑΜ
1496 2065 1533 2089 v.
1557 2049 1646 2088 6455
1667 2059 1722 2092 om
1745 2049 1777 2084 R

429 2102 517 2137 6458
542 2099 795 2149 ἅγριαίνουσαι
816 2101 855 2135 Μ
991 2102 1082 2137 6460
1103 2101 1338 2141 σκοτοδίυονς
1353 2099 1425 2135 MR

339 2234 439 2268 quam
473 2223 709 2269 impuberibus
743 2224 952 2259 constitutis·
998 2224 1061 2259 sed
1086 2224 1177 2259 enim
1202 2225 1295 2270 quod
1326 2223 1478 2257 futurum
1500 2222 1572 2264 est,
1593 2217 1716 2264 quavis
1737 2228 1778 2271 re

338 2269 452 2313 potius
476 2273 512 2304 et
530 2268 701 2305 valentius
717 2281 794 2303 esse
817 2281 858 2304 ac
874 2268 1066 2304 mortalium
1080 2269 1362 2304 ratiocinationes
1383 2271 1419 2302 et
1437 2267 1542 2302 corda
1558 2264 1700 2318 vincere
1721 2274 1777 2317 v}-

338 2315 452 2348 detur.
499 2313 628 2357 quippe
654 2324 728 2347 cum
752 2315 837 2348 haec
857 2315 1060 2360 imperatrix
1094 2317 1296 2351 odoraretur
1326 2317 1362 2348 et
1395 2316 1504 2347 totum
1525 2311 1641 2345 marin
1662 2319 1777 2343 consi-

337 2358 419 2393 lium
440 2358 760 2402 animadvertisset,
793 2371 834 2393 se
859 2360 936 2404 ipsa
957 2361 1172 2395 terribilibus
1197 2357 1418 2400 sacramentis
1446 2356 1545 2404 quasi
1575 2355 1777 2400 quibusdam

338 2403 483 2438 vinculis
516 2403 701 2437 adstrinxit
728 2408 764 2438 et
787 2404 972 2449 obligavit,
1003 2406 1157 2450 pollicita
1181 2416 1351 2451 nunquam
1370 2414 1410 2438 se
1435 2404 1480 2437 ad
1496 2402 1622 2436 alteras
1639 2398 1777 2445 nuptias

337 2460 617 2493 progressuram,
640 2449 703 2483 sed
721 2448 842 2483 liberis
865 2451 1096 2486 communibus
1117 2451 1295 2496 imperium
1317 2451 1607 2484 conservaturam.
1655 2452 1657 2454 '

428 2494 623 2528 Secundum
646 2495 732 2528 haec
763 2494 877 2528 Ducas
899 2495 937 2528 in
958 2496 1032 2530 fata
1064 2497 1256 2540 concessit,
1288 2499 1324 2530 et
1344 2498 1516 2529 terrenam
1534 2490 1778 2534 mortalemque

338 2538 458 2573 molem
477 2539 657 2584 deposuit,
691 2539 836 2584 imperio
867 2544 1000 2585 septem
1023 2542 1120 2576 annis
1150 2541 1400 2576 administrato.
1447 2537 1615 2574 successit
1636 2536 1670 2571 ei
1692 2546 1775 2570 con-

334 2583 396 2617 iux
413 2584 571 2619 Eudocia
593 2597 668 2620 cum
691 2584 830 2629 liberis,
850 2585 888 2619 in
913 2597 981 2630 qua
998 2587 1113 2621 statim
1137 2588 1180 2621 ab
1210 2586 1300 2621 illius
1326 2585 1423 2620 obitu
1445 2585 1642 2620 saevientes
1663 2580 1776 2618 caruis

336 2628 497 2665 libidines
515 2629 699 2674 procellam
721 2630 819 2675 quasi
841 2632 1007 2675 quandam
1031 2632 1238 2667 excitarunt.
1284 2631 1368 2677 quid
1391 2634 1505 2666 autem
1524 2629 1579 2664 rei
1599 2626 1776 2670 acciderit,

338 2674 492 2708 indicare
514 2687 600 2709 vera
622 2676 820 2710 narratione
841 2675 939 2711 libet.

423 2720 514 2754 Erat
542 2722 612 2755 dux
641 2721 779 2765 quidam
807 2722 1000 2766 copiarum,
1022 2723 1217 2766 Romanus,
1249 2724 1474 2766 cognomento
1495 2719 1672 2764 Diogenes
1685 2743 1696 2762 ,
1712 2728 1774 2752 na-

333 2763 430 2799 tione
451 2765 662 2810 Cappadox,
696 2766 793 2801 vultu
821 2771 986 2812 venusto,
1003 2767 1146 2813 pulchro
1164 2779 1329 2813 corpore,
1358 2767 1497 2804 lacertis
1515 2765 1681 2808 robustis,
1702 2763 1778 2797 for-

333 2820 388 2845 ma
417 2810 572 2856 corporis
604 2811 811 2856 amplissima
836 2813 1130 2859 pulcherrimaque
1163 2825 1205 2848 ao
1223 2825 1331 2860 regno
1362 2814 1480 2860 digna.
1532 2811 1591 2845 hic
1611 2820 1687 2847 cnm
1702 2819 1775 2844 rem
