1924 3242
762 165 1016 209 ANNALES.
1541 159 1600 205 15

168 282 280 330 εἶναι.
303 302 308 317 ,-
345 284 425 325 τῶν
450 282 546 336 γοῦν
565 277 727 322 Ἰταλῶν
747 279 804 328 εἷς
823 278 1087 336 πολυμέρειαν
1104 276 1156 320 τὰ
1176 279 1250 332 τῆς
1265 274 1488 331 Ῥωμαίὸος
1504 279 1600 330 κλη-
1622 279 1652 314 Β

158 349 433 412 -ρωσαμένων,
471 349 540 391 καὶ
565 351 638 391 τοῦ
667 347 739 402 μὲν
767 347 810 389 ἐκ
843 345 1057 404 Φλάντρας
1086 344 1321 403 ὡρμημένου
1348 345 1601 388 Βαλὸουῖνου

165 419 362 478 βασιλέως
383 415 742 474 ἀναγορευθέντος,
775 418 850 458 τοῦ
872 416 915 456 δὲ
934 414 1076 464 δουκὸς
1091 416 1299 466 Βενετιάς,
1332 413 1377 464 ὃς
1394 414 1461 456 καὶ
1478 412 1600 455 αὖτο-

163 485 388 546 προσώπως
416 489 559 540 συνῆν,
592 485 737 542 μερίδα
769 483 816 526 οὔ
847 481 1019 540 σμικρὰν
1047 481 1259 537 ἐσχηκότος
1288 484 1355 524 καὶ
1384 484 1602 539 ὁεσποτικῷ

131 554 362 611 δᾶξιῶματι
386 555 646 610 τιμηθέντος,
663 551 778 607 ’ἔχειν
808 568 849 594 τε
881 551 923 601 ἐξ
955 550 1075 602 ὅλου,
1103 550 1204 607 πρὸς
1227 550 1272 592 τὸ
1299 550 1391 592 ὅλον
1412 549 1436 592 ὃ
1455 550 1500 593 τὸ
1520 552 1601 592 τῶν

167 623 367 682 Φράγκων
409 620 600 677 ἐκτήσατο
645 621 776 677 γένος,
824 618 871 662 τὸ
906 619 1094 675 τέταρτον
1134 620 1200 660 καὶ
1228 623 1301 660 τοῦ
1332 617 1521 675 τετάρτου
1552 616 1599 660 τὸ

162 691 311 748 ἣμισυ,
345 691 478 745 ἐπειδὴ
510 691 576 732 καὶ
609 688 630 732 ὅ
659 688 875 746 μαρκέσιος
904 685 1111 742 ἀξιόλογον
1138 694 1284 742 μοῖραν
1310 690 1361 742 τῇ
1389 687 1598 745 συμμαχίᾳ

161 755 213 816 ἦν
235 758 510 816 ἐνεγκάμενος,
544 757 618 816 ῥὴξ
644 758 937 810 Θεσσαλονίκης
957 755 1067 812 παρὰ
1088 759 1162 797 τοῦ
1187 752 1379 811 Φλάντρα
1399 755 1597 808 τετίμητο,

161 826 487 886 προσλαβόμενος
506 828 573 869 καὶ
591 832 758 882 γυναῖκα
777 824 849 879 τὴν
869 826 1120 878 δηλωθεΐσαν
1143 823 1315 879 Μαρίαν
1332 821 1404 877 τὴν
1427 823 1469 872 ἐξ
1489 821 1597 876 Οὔγ-

56 911 58 913 ’
106 903 150 938 10
159 898 274 954 γρίας
293 894 485 953 πρότερον
506 894 863 951 προσηρμοσμένην
878 892 1063 948 Ἰσαακίῳ
1086 895 1144 949 τῷ
1158 894 1327 945 βασιλεῖ.
1394 888 1472 931 ὗπό
1494 887 1593 932 ταύ-
1615 896 1646 930 C

157 981 251 1020 της,
285 962 341 1014 ὥς
371 963 492 1021 ἴφην,
528 960 548 1004 ὃ
576 962 766 1017 βασιλεὺς
793 959 996 1015 ὑπεδέχθη
1019 960 1204 1010 Ἀλέξιος.
1270 958 1372 1013 μετὰ
1390 958 1533 1015 μικρὸν
1554 958 1598 1001 δὲ

157 1033 366 1091 φωραθεὶς
393 1031 446 1074 τὰ
475 1031 596 1073 ἐκεῖσε
616 1031 915 1087 νεωτερίζεσθαι
938 1026 1172 1083 ἇπεὸιώχθη
1194 1025 1354 1081 συνάμα
1374 1031 1425 1083 τῇ
1441 1028 1596 1082 γυναικὶ

156 1102 224 1143 καὶ
257 1104 309 1157 τῇ
336 1100 511 1156 θυγατρὶ
539 1099 739 1158 Εὖδοκία,
778 1097 828 1153 ἢν
862 1098 929 1139 καὶ
961 1098 1002 1147 ἓς
1034 1095 1242 1153 Κόρινθον
1269 1093 1509 1153 ἀφικόμενος
1537 1099 1596 1152 τῷ

155 1169 277 1211 ἐκεῖσε
294 1172 367 1223 τῆς
379 1166 519 1225 χώρας
537 1165 775 1224 κατάρχοντι
799 1163 1053 1217 συνεζεύξατο
1079 1168 1271 1222 Σγουρῷ·
1305 1159 1355 1219 ἦν
1382 1164 1459 1220 γὰρ
1483 1165 1550 1205 καὶ
1573 1160 1594 1204 ὅ

101 1239 145 1276 15
156 1235 335 1293 Σγουρὸς
365 1230 482 1285 οὗτος
509 1235 612 1289 μετὰ
641 1235 714 1289 τὴν
742 1239 814 1290 τῆς
840 1235 1144 1276 Κωνσταντίνου
1181 1232 1330 1275 ἅλωσιν
1361 1233 1595 1289 νεωτερίσας

155 1303 258 1346 καθ’
290 1300 432 1345 ἔαυτόν
443 1334 458 1354 ,
492 1304 559 1345 καὶ
578 1303 786 1359 Κορίνθου
811 1300 945 1358 ἄρχων
967 1303 1033 1343 καὶ
1056 1305 1136 1343 τῶν
1155 1303 1243 1357 περὶ
1264 1299 1413 1354 ταύτην
1433 1304 1592 1356 χωρῶν,

153 1370 210 1421 ὧς
232 1372 299 1414 καὶ
319 1369 462 1427 ἑτέρων
485 1371 622 1427 ἕτεροι.
689 1369 832 1426 μικρὸν
857 1369 900 1410 δὲ
922 1370 989 1410 καὶ
1009 1375 1092 1418 τοῖς
1111 1369 1232 1410 ἐκεῖσε
1254 1369 1590 1424 προσδιατρίψας,

151 1439 271 1495 γνοῦς
291 1437 402 1495 παρά
421 1455 539 1481 τινων
559 1436 614 1488 ὥς
635 1435 871 1480 ἁλίσκεσθαι
891 1437 1043 1490 μέλλει,
1072 1436 1237 1492 ἀπέδρα.
1292 1437 1335 1477 ἐκ
1349 1437 1592 1492 Λογγιβαρ-

152 1508 244 1558 δίας
262 1507 309 1549 δέ
325 1522 404 1549 τισι
425 1505 625 1559 ξυντυχών
646 1504 846 1547 ἁλίσκεται
855 1537 868 1556 ,
902 1504 1003 1562 πρὸς
1019 1504 1087 1546 τὸν
1105 1501 1434 1561 πρωτεξάὸελφον
1465 1504 1592 1546 αὐτοῦ’

95 1574 325 1629 ξοΜιχαὴλ
340 1573 414 1624 τὰς
429 1572 599 1628 κινήσεις
618 1571 876 1627 ποιούμενος·
902 1567 952 1627 ἦν
976 1572 1054 1629 γὰρ
1076 1566 1191 1622 οὗτος
1212 1570 1299 1614 τότε
1318 1573 1466 1629 μέρους
1483 1572 1592 1622 τινὸς

147 1647 221 1699 τῆς
245 1645 420 1692 παλαιᾶς
447 1641 640 1699 Ἠπείρου
667 1639 871 1699 κρατήσας
904 1642 970 1683 καὶ
1000 1640 1130 1683 πολλὰ
1159 1646 1244 1690 τοῖς
1270 1640 1372 1697 πρὸς
1391 1640 1442 1683 τὰ
1461 1641 1581 1684 ἐκεῖσε
1605 1648 1637 1682 D

239 1763 260 1798 1
282 1761 396 1807 γοῦν]
420 1758 460 1796 δ’
476 1761 509 1796 D
609 1761 632 1796 2
656 1757 847 1804 Φλάνδρας
864 1758 897 1793 D
999 1758 1022 1794 3
1046 1754 1338 1802 αὐτοπρόσωπος
1354 1757 1387 1792 D
1486 1759 1510 1794 4
1530 1770 1586 1802 μι-

237 1806 331 1850 κρὰν
347 1807 381 1841 D
517 1805 539 1840 5
561 1807 618 1850 τε]
642 1804 689 1840 τὰ
709 1807 737 1840 Α
874 1805 896 1838 7
919 1804 986 1848 τῆς
1010 1803 1211 1847 συμμαχίας
1226 1803 1259 1837 D
1393 1805 1415 1840 8
1439 1802 1507 1849 ῥὴξ
1521 1805 1587 1860 τῆς

238 1852 283 1887 Θ.
303 1852 336 1886 Β
470 1848 641 1895 Φλᾶνδρα
658 1851 688 1886 Β
823 1850 847 1885 9
868 1847 936 1894 τὴν
951 1847 988 1892 ἐξ
1005 1869 1051 1874 -
1068 1849 1211 1894 βασιλεῖ
1229 1860 1282 1884 om
1297 1848 1328 1882 D
1467 1853 1507 1885 11
1532 1863 1585 1889 ως

237 1895 332 1942 ἔφην
360 1893 381 1932 ὁ
407 1895 576 1942 βασιλεὺς
605 1908 657 1930 om
682 1897 714 1931 D
852 1897 895 1931 12
919 1894 986 1940 τὰ]
1010 1897 1089 1933 τοῖς
1114 1895 1147 1928 Β
1284 1896 1328 1930 13
1350 1895 1403 1940 τῷ
1428 1896 1583 1941 Σγουρῷ

234 1940 433 1984 συνέζευξε.
478 1940 608 1987 μικρὸν
638 1941 677 1976 δὲ
702 1943 798 1984 τοῖς,
831 1941 958 1975 omissis
982 1940 1142 1985 reliquis,
1164 1939 1196 1974 D
1344 1942 1386 1975 17
1409 1939 1484 1975 ἐκεῖ
1500 1951 1584 1975 συν-

233 1988 433 2032 διατρίψας
449 1987 481 2023 Β
610 1990 657 2024 20
677 1984 846 2026 κάκεῖνος
865 1986 915 2031 τῷ
938 1984 1021 2020 τότε
1040 1986 1072 2019 Β
1195 1987 1238 2020 21
1261 1983 1445 2031 κρατήσας
1464 1984 1584 2021 Ἠπεί-

237 2044 307 2078 ρου
326 2033 356 2068 Β
491 2034 572 2074 τοῖς
590 2052 635 2059 -
654 2030 867 2077 α’φιγμένοις
883 2036 960 2077 post
977 2030 1174 2076 πράγματα
1191 2031 1236 2066 Β.

143 2135 201 2182 qni
221 2135 311 2171 illam
336 2135 492 2170 viderant
514 2135 599 2170 fassi
617 2138 707 2170 sunt.
755 2135 796 2169 ab
819 2134 915 2168 Italis
936 2133 1051 2179 itaque
1066 2133 1216 2168 Romana
1230 2133 1360 2167 dicione
1373 2133 1406 2166 in
1421 2133 1580 2178 plurimas

140 2185 258 2228 partes
274 2193 315 2217 ac
327 2181 475 2216 homines
490 2181 617 2224 divisa,
639 2180 822 2214 Balduinus
837 2179 986 2214 Flander
1003 2179 1187 2224 imperator
1205 2179 1338 2222 eligitur
1350 2206 1359 2222 ‚
1383 2180 1451 2213 dux
1467 2180 1582 2214 Vene-

140 2226 284 2271 tia-um,
317 2239 391 2262 oum
412 2228 485 2273 ipse
508 2238 668 2272 praesens
692 2226 844 2266 adesset,
879 2226 1042 2270 despotae
1065 2225 1227 2269 dignitate
1252 2225 1430 2268 insignitur
1453 2229 1487 2258 et
1511 2236 1580 2260 non

141 2272 356 2318 perexiguam
371 2284 480 2307 rerum
495 2273 618 2317 accipit
633 2276 779 2317 partem,
802 2276 841 2305 ut
852 2271 981 2306 scilicet
995 2281 1106 2304 rerum
1121 2270 1263 2304 omnium
1279 2281 1367 2314 quae
1381 2270 1503 2304 Franci
1518 2271 1579 2305 ob-

141 2317 318 2352 tinuissent
341 2322 494 2364 quartam
519 2318 592 2363 ipse
614 2322 743 2363 partem
767 2322 973 2362 quartaeque
999 2316 1135 2350 mediam
1158 2316 1312 2351 haberet.
1359 2327 1432 2350 cum
1447 2327 1528 2350 vero
1544 2320 1580 2351 et

140 2362 287 2397 marchio
310 2374 376 2398 non
399 2374 516 2409 parum
528 2364 564 2397 in
580 2364 744 2409 suppetiis
767 2363 948 2396 afferendis
963 2361 1145 2396 adiuvisset
1155 2387 1166 2403 ‚
1189 2373 1210 2395 a
1224 2361 1374 2395 Flandro
1388 2373 1450 2396 rex
1465 2362 1579 2396 Thes-

139 2407 307 2443 salonicae
330 2408 390 2451 fit,
422 2412 458 2444 et
481 2409 546 2443 sibi
568 2409 709 2443 Mariam
723 2409 895 2453 Ungaram
909 2408 1002 2453 prius
1015 2433 1025 2448 ‚
1059 2411 1098 2441 ut
1110 2407 1174 2441 iam
1189 2406 1353 2450 diximus,
1384 2407 1578 2452 imperatori

137 2451 268 2487 luneio
290 2453 521 2498 desponsatam
534 2454 750 2489 matrimonio
775 2454 896 2498 iungit.
944 2453 987 2487 ab
1014 2453 1077 2487 hac
1099 2453 1237 2487 Alexius
1254 2453 1436 2498 imperator
1449 2453 1577 2498 excipi-

137 2502 214 2543 tur,
236 2509 299 2532 nee
319 2499 421 2533 multo
442 2503 522 2545 post
547 2500 645 2535 novis
667 2500 769 2534 rebus
786 2500 912 2533 inhiare
927 2499 1152 2544 deprehensus
1171 2499 1256 2532 urbe
1271 2498 1406 2543 pellitur
1421 2509 1487 2532 una
1501 2509 1575 2533 cum
1616 2520 1620 2523 -

138 2553 246 2578 uxore
270 2543 487 2589 Eudouiaque
512 2545 606 2588 filia,
638 2557 737 2592 quam
756 2545 951 2580 Corinthum
966 2546 1105 2578 veniens
1120 2544 1230 2588 Sguro
1247 2544 1334 2578 illius
1349 2543 1494 2588 regionis
1509 2545 1575 2588 dy·-

135 2592 256 2623 nnstae
277 2588 313 2622 in
339 2589 575 2624 matrimonium
603 2592 746 2637 copulat.
792 2591 923 2636 Sgurus
939 2590 1059 2624 etenim
1075 2594 1156 2635 post
1170 2589 1392 2633 Byzantinum
1411 2589 1575 2624 excidium

136 2634 230 2668 solus
255 2634 435 2669 rebellione
449 2635 538 2669 facta
554 2636 714 2671 Corintho
730 2639 766 2671 et
780 2637 862 2671 locis
878 2635 1106 2670 adiacentibus
1124 2634 1304 2679 imperavit
1316 2660 1327 2677 ,
1359 2635 1574 2680 quemadmo-

135 2679 213 2714 dum
229 2679 285 2714 alii
299 2679 384 2714 aliis.
430 2680 598 2726 paululum
611 2687 720 2717 autem
734 2682 857 2717 ibidem
873 2685 1106 2721 commoratus,
1129 2691 1202 2714 cum
1216 2691 1237 2713 a
1252 2680 1416 2714 nonnullis
1434 2681 1573 2714 insidias

134 2723 200 2759 sibi
213 2725 327 2770 parari
340 2725 490 2760 audisset
499 2751 510 2767 ,
531 2737 605 2761 sese
626 2727 841 2762 subterduxit
850 2753 861 2771 ,
885 2731 922 2762 et
936 2737 1062 2773 parvae
1076 2725 1374 2770 Longobardorum
1388 2726 1498 2760 manui
1512 2726 1573 2759 im-

133 2769 288 2815 pingens,
301 2770 380 2805 dum
393 2770 438 2804 ad
452 2772 680 2807 consobrinum
696 2773 896 2807 Michaelem
911 2771 1094 2812 contendit,
1110 2771 1252 2818 capitur.
1286 2771 1433 2806 Michael
1447 2771 1573 2816 quippe

133 2815 226 2861 parti
241 2815 367 2852 veteris
379 2815 478 2862 Epiri
495 2820 576 2852 tunc
588 2818 748 2864 temporis
758 2818 990 2853 dominabatur
999 2843 1010 2859 ‚
1031 2816 1127 2852 ltalia
1143 2817 1233 2852 circa
1247 2827 1288 2852 ea
1303 2817 1378 2852 loen
1391 2827 1570 2851 excurren-
