1864 3242
339 185 439 233 254·
857 152 929 229 m'
951 184 1251 229 caoRomM-

339 307 458 347 quem
489 291 729 344 dapiferatus
758 290 950 332 honorem
979 306 1049 331 seu
1073 293 1360 344 praefecturam
1390 306 1554 334 mensae
1578 295 1661 332 iam
1688 299 1776 333 tum

338 352 411 388 sub
429 350 681 388 constantino
700 350 843 400 Magno
862 351 916 387 ita
933 348 1148 388 distributis
1166 350 1305 388 officiis
1322 351 1596 389 institutam&
1611 352 1776 389 Ruusiae

338 406 507 458 principi
536 406 796 456 assignatam,
825 412 870 443 ut
891 406 968 443 alia
993 406 1100 454 aliie,
1133 413 1297 443 testatur
1320 405 1563 458 Nicephoms
1582 408 1776 458 Gregom

338 463 409 499 lib.
427 465 452 503 7
474 473 558 512 cap.
579 463 620 503 8.
675 460 767 499 vide
798 463 844 503 V,
876 462 921 499 C.
950 460 1179 514 Marquardi
1197 460 1358 499 Freheri
1379 463 1557 514 Origines
1575 463 1776 501 Palatinas

337 523 447 568 parte
468 517 490 557 1
513 529 599 568 cap.
619 516 671 559 15
690 523 898 556 renovatae
915 516 1117 566 editionis,
1148 524 1188 555 et
1203 519 1365 556 Meursii
1378 519 1507 557 Gloss.
1523 519 1569 556 iu
1584 517 1777 571 Δομέστι-

337 588 422 621 κος.
477 573 639 611 DousA.
934 599 937 601 .

449 641 488 678 p.
515 631 568 669 60
596 641 636 666 v.
660 627 726 669 15.
780 629 854 679 τῆς
886 630 960 668 τοῦ
985 629 1093 668 θεοῦ
1120 623 1394 682 ἀντιλήψεως]
1431 642 1512 667 non
1538 635 1668 678 arma,
1706 626 1777 666 sed

337 683 405 722 dei
421 686 546 734 gratia
565 691 625 722 est
642 696 742 736 quae
759 691 924 736 pugnat.
979 685 1172 735 Gregoras
1191 697 1232 735 Ρ.
1253 687 1306 727 88
1336 687 1388 726 19
1418 684 1468 722 de
1492 685 1637 723 Alexin
1664 685 1777 723 Stra·-

338 740 694 792 tegopulo.A1.1..

450 809 492 846 p·
510 798 562 838 63
582 794 709 836 v.14.
766 792 788 835 ὅ
815 793 934 847 μέγας
961 790 1277 848 Χαρτουλᾶριος]
1304 793 1353 834 de
1374 793 1450 834 hac
1472 794 1662 862 dignitate
1681 808 1777 834 oon-

340 853 491 890 sulatur
511 853 755 890 Glossarium
772 851 960 888 Mem-sii.-
1003 852 1165 889 DousA.

449 920 491 958 Ρ-
515 907 567 949 65
591 921 628 947 v.
647 906 688 947 4-
744 902 1030 974 παρεσπόνδει]
1062 908 1112 944 cf.
1139 908 1254 944 Anna
1275 907 1474 945 Comnena
1488 907 1560 946 lib.
1580 910 1620 950 7.
1656 909 1778 946 Au..

450 976 492 1014 Ρ.
518 965 570 1003 67
598 963 732 1003 v.17.
787 959 980 1014 θνήσκει]
1020 964 1157 1000 mortis
1193 975 1371 1012 causam,
1410 975 1541 1016 qua-m
1561 962 1629 1002 hio
1655 964 1778 1002 tacuit

343 1019 588 1070 Aci-cpolim,
616 1024 748 1056 narrat
769 1019 959 1068 Gregoras
976 1031 1015 1068 p.
1033 1017 1086 1058 44
1115 1022 1155 1059 7.
1212 1020 1314 1055 Au..

454 1074 509 1111 ib.
533 1087 573 1112 v.
598 1077 662 1116 18.
718 1070 950 1126 σωφρονική
967 1088 1008 1113 τε
1025 1073 1092 1113 καὶ
1111 1069 1275 1126 οἷρχική]
1304 1075 1436 1112 Irene's
1457 1080 1496 1111 et
1514 1075 1672 1112 Ioannis
1691 1075 1780 1112 Du-

343 1144 414 1168 cae
433 1132 619 1181 pietatem
636 1131 791 1181 aliaque
815 1129 866 1166 ad
881 1131 966 1180 pios
981 1142 1075 1166 usus
1092 1142 1208 1194 opera
1228 1131 1476 1181 prosequitur
1493 1131 1684 1182 Gregoras
1696 1130 1779 1168 ibi-

346 1186 452 1224 dem.
511 1185 560 1223 de
578 1185 653 1223 hac
670 1185 810 1230 eadem
823 1184 1131 1235 Pachymerius
1122 1198 1163 1221 m
1182 1186 1366 1221 Historia.
1422 1186 1524 1222 Am..
1529 1209 1531 1211 ·
1592 1210 1594 1213 >

454 1255 495 1292 p-
517 1243 569 1282 68
589 1255 627 1281 v,
650 1243 717 1282 18
771 1240 966 1280 καλέσασα
983 1242 1132 1305 ,τοῦτον
1162 1237 1320 1291 μωρόν]
1348 1241 1464 1277 Anna
1487 1241 1687 1278 Gomnena
1705 1241 1780 1278 Hi-

343 1305 440 1336 stor.
460 1297 528 1335 lib.
547 1300 597 1338 2:
625 1294 693 1335 καὶ
720 1311 747 1346 η
781 1295 950 1363 θατέρου
970 1291 1117 1363 ἕτερον
1138 1293 1217 1335 ου’κ-
1232 1292 1429 1336 ἐλάνθανε
1450 1295 1584 1348 σχέσις.
1641 1295 1709 1336 καὶ
1725 1296 1784 1344 εἰς

348 1353 460 1405 ἔργον
486 1349 599 1392 οὔπω
616 1367 663 1391 τα
687 1354 760 1402 τῆς
776 1347 938 1404 γνώμης
956 1346 1189 1418 απέβαινεν,
1215 1350 1334 1391 &vaae
1350 1366 1411 1392 τοι
1427 1351 1495 1392 καὶ
1515 1348 1650 1404 μωρὸν
1666 1350 1782 1392 καλέ-

343 1421 417 1455 σας
441 1404 560 1447 αυτὸν
581 1404 830 1448 ἐπυνθάνετο
834 1406 995 1473 λέγων,
1027 1407 1065 1447 τί
1087 1401 1164 1446 ωδε
1180 1403 1361 1459 ποιήσων
1383 1404 1525 1458 ἥκεις;
1566 1409 1668 1446 Am..
1728 1419 1730 1421 ’

454 1477 496 1514 Ρ·
515 1466 570 1505 70
589 1464 718 1504 v.1o.
773 1459 938 1511 τούτους
962 1460 1036 1517 γάρ
1063 1478 1140 1515 προ
1169 1461 1355 1516 βραχέος]
1386 1465 1580 1515 Gregoras
1605 1477 1646 1515 Ρ
1672 1467 1726 1506 37
1753 1461 1781 1504 4

341 1520 586 1560 brevissime.
642 1520 744 1556 Am..

454 1588 495 1626 Ρ.
515 1576 568 1615 71
588 1588 628 1612 v.
648 1577 714 1615 18.
769 1571 790 1614 ὁ
814 1572 1156 1626 πρωτοσέβαστος]
1187 1573 1254 1611 adi
1281 1543 1524 1612 Glossarium
1547 1575 1710 1612 Meursii
1738 1576 1782 1612 in

342 1630 419 1668 hac
435 1642 564 1668 ·voce:
593 1631 713 1668 facies
739 1643 880 1681 operae
908 1632 1092 1681 pretium.
1149 1631 1301 1682 reliqua
1319 1637 1450 1667 autem
1469 1644 1569 1683 quae
1587 1629 1652 1668 hic
1670 1644 1781 1668 com-

342 1694 612 1725 memorantur
633 1686 870 1737 dignitatum
886 1687 1046 1723 nomina
1068 1692 1107 1723 et
1125 1686 1344 1723 functiones
1357 1685 1467 1723 idem
1483 1688 1632 1724 amicus
1650 1693 1784 1724 noster

345 1744 463 1793 longe
482 1741 726 1780 doctissimus
747 1743 826 1779 suis
845 1743 942 1779 locis
967 1743 1254 1779 accuratissime
1275 1742 1460 1793 explicat.
1517 1755 1636 1794 quem
1653 1744 1784 1780 virum

342 1800 654 1850 quotiescunque
673 1799 848 1846 nomino,
877 1798 912 1835 si
931 1811 1022 1834 eum
1040 1797 1170 1834 debito
1189 1796 1336 1835 honore
1356 1800 1621 1850 encomiisque
1638 1799 1688 1835 ab
1707 1811 1784 1835 ex-

343 1856 490 1906 quisita
516 1861 554 1891 et
580 1855 791 1891 excellenti
817 1852 1034 1890 eruditione
1058 1855 1232 1903 repetitis
1252 1865 1332 1890 nou
1353 1854 1542 1904 afficiam,
1571 1856 1668 1893 scito
1689 1855 1782 1907 quia·

345 1911 416 1947 illa
432 1923 577 1947 nomen
597 1911 728 1960 ipsum
747 1910 916 1960 praefert
937 1922 1095 1946 causam
1114 1922 1212 1946 esse.
1268 1910 1429 1947 DOUSA.

457 1979 495 2017 p.
507 1969 562 2007 72
579 1979 619 2003 v.
636 1967 699 2006 17.
757 1964 806 2002 de
825 1966 1028 2016 purpureis
1046 1966 1325 2015 imperatorum
1343 1963 1530 2016 crepidis,
1561 1977 1610 2002 an
1630 1962 1781 2002 ocreis?

347 2035 466 2072 supra
493 2022 668 2072 egimus3
700 2022 796 2058 item
821 2020 869 2058 de
899 2022 997 2058 tiara
1019 2028 1057 2058 et
1074 2022 1178 2072 pileo
1195 2020 1246 2058 ad
1265 2022 1493 2072 exemplum
1510 2019 1723 2071 pyramidis
1739 2021 1782 2056 iu

349 2079 474 2114 altum
502 2083 685 2127 surgente
701 2084 740 2114 et
762 2078 995 2114 acuminato.
1054 2076 1102 2113 de
1128 2089 1204 2128 quo
1228 2089 1331 2114 nunc
1351 2075 1568 2114 audiendus
1585 2073 1784 2126 Nicepho-

350 2146 415 2169 rus
447 2134 638 2183 Gregoras
673 2133 744 2170 sub
778 2132 898 2169 finem
924 2131 1108 2169 historiae
1137 2146 1250 2180 suae,
1292 2134 1333 2169 in
1359 2133 1528 2169 Naeuia.
1569 2131 1617 2167 de
1643 2132 1785 2181 capitis

340 2197 461 2237 porro
492 2196 729 2240 tegumento,
757 2189 871 2238 apud
895 2201 1012 2238 supe]
1013 2190 1110 2225 iores
1135 2190 1383 2237 imperatores·
1414 2189 1533 2224 moria
1550 2193 1635 2223 erat
1654 2194 1700 2223 ut
1715 2200 1784 2223 ae-

348 2250 428 2279 tate
439 2246 696 2293 promotiores
713 2244 838 2281 aulici
850 2257 1030 2294 proceres
1044 2244 1164 2294 pileis
1184 2243 1394 2280 turbinatis
1421 2238 1685 2295 (καλυπτραις
1705 2257 1785 2282 πυ-

346 2299 512 2351 ραμίδος
540 2296 721 2350 ἐχούσαις
748 2299 905 2351 σχῆμα)
943 2301 1061 2336 serico
1091 2301 1198 2336 tectis
1226 2306 1447 2343 uterentur,
1482 2311 1558 2347 pro
1593 2298 1786 2348 dignitate

343 2356 547 2405 cuiusque.
608 2362 725 2405 atque
753 2354 879 2397 haec
868 2356 1023 2404 imperii
1045 2355 1223 2405 symbola
1243 2353 1379 2390 haberi
1398 2353 1530 2390 subdit
1549 2352 1782 2404 Logotheta.

344 2409 455 2461 quod
472 2417 510 2447 et
524 2411 697 2447 insinuat
713 2409 906 2447 Iohannes
924 2411 1215 2447 Cautacuzenus
1232 2411 1375 2446 Histor.
1394 2411 1507 2449 Rom.
1526 2411 1608 2447 sive
1626 2411 1783 2460 Byzan-

346 2468 451 2502 tiuae
471 2466 541 2503 lib.
559 2467 582 2506 1
605 2478 688 2516 cap.
708 2465 753 2512 5,
786 2466 854 2502 ubi
880 2465 1031 2515 pileum
1057 2468 1178 2502 istum
1206 2465 1491 2515 συνεκδοχικῶς
1519 2464 1692 2515 lapidem
1710 2477 1784 2515 ap-

343 2522 490 2571 pellat,
521 2535 611 2558 cum
631 2523 673 2558 in
694 2523 802 2572 apice
820 2521 916 2572 pilei
931 2521 1032 2571 lapis
1056 2519 1242 2558 visendae
1258 2520 1542 2570 magnitudinis
1564 2533 1609 2557 ac
1630 2522 1784 2558 incom-

346 2578 533 2627 parabilis
563 2579 678 2627 pretii
704 2583 955 2628 spectaretur.
1012 2577 1159 2613 Graece
1183 2582 1241 2612 est
1263 2573 1333 2615 τόν
1357 2575 1422 2616 ἐπὶ
1440 2579 1510 2627 τῆς
1528 2579 1705 2627 κεφαλῆς
1723 2577 1786 2615 λί-

345 2637 436 2672 θον.
495 2639 534 2669 et
554 2633 624 2670 lib.
646 2632 672 2672 4
693 2646 778 2683 cap.
799 2636 852 2674 37
874 2633 976 2684 λίθῳ
996 2630 1287 2683 κεκοσμημένος
1303 2635 1440 2679 πῖλος,
1474 2638 1633 2668 notante
1663 2633 1710 2670 V.
1739 2632 1783 2671 G.

345 2688 487 2725 Iacobo
505 2690 683 2725 Pontano
703 2690 744 2728 S.
766 2691 798 2726 Ι.
813 2717 823 2737 ,
854 2690 916 2725 cui
933 2688 1048 2724 illum
1065 2694 1265 2724 auctorem
1279 2688 1658 2737 praestantissimum
1669 2716 1679 2735 ,
1709 2685 1784 2724 ha-

345 2750 481 2781 ctenus
507 2745 709 2794 ignotum,
746 2745 834 2782 luce
861 2756 987 2794 nuper
1017 2742 1228 2791 donatum,
1260 2750 1303 2780 ut
1335 2750 1373 2780 et
1398 2743 1556 2793 Georgii
1584 2742 1785 2780 Phranzae

345 2798 566 2838 Chronicon
579 2829 589 2849 ,
621 2799 823 2839 debemus.
880 2798 952 2838 sed
970 2801 1110 2837 Latine
1129 2805 1282 2837 tantum
1295 2827 1306 2848 ,
1336 2797 1444 2851 quod
1461 2801 1576 2836 unice
1594 2797 1785 2836 dolemus.
