1924 3242
368 176 430 222 34
760 175 992 220 GEORGII
1016 176 1394 220 AGROPOLITAE

367 284 531 343 τοιαύτῃ
566 286 848 344 ᾶθεσμογαμία
882 283 1247 342 συγκατανεύοντος.
1325 286 1418 330 ἀλλ’
1459 287 1531 331 οῧκ
1562 285 1740 346 ἔφθασεν
1771 287 1794 332 ὅ

366 354 553 408 βασιλεὺς
581 354 745 409 τέρματι
767 355 915 395 -δοῦναι
944 353 989 396 τὸ
1019 354 1201 409 θέλημα·
1233 351 1354 409 μήπω
1373 355 1448 412 γὰρ
1473 357 1628 407 στείλας
1645 355 1795 412 ταύτην

367 424 423 472 εἷς
442 418 880 473 Κωνσταντινούπολιν,
921 419 976 471 ὡς
1000 421 1224 478 ηὗτρέπιζε,
1271 421 1455 466 καταλύει
1475 424 1546 466 τὸν
1568 414 1678 479 βίον,
1720 423 1793 479 τὴν

364 489 569 542 βασιλείαν
598 487 825 530 καταλιπὼν
852 492 910 546 τῷ
936 493 1106 546 γαμβρῷ
1129 490 1253 531 αὐτοῦ’
1262 489 1424 547 Ἰωάννῃ
1446 495 1503 549 τῷ
1523 489 1678 550 Δούκᾳ.
1745 491 1791 533 οὗ

249 565 279 600 P
304 566 345 601 17
366 557 442 612 γὰρ
466 553 565 608 εἶχεν
585 554 732 612 ἄρρενα
760 558 884 598 παῖδα
913 558 967 606 εἷς
994 555 1097 611 ἥβην
1117 555 1309 599 ἐλθόντα·
1345 557 1413 608 οῧς
1439 558 1515 615 γὰρ
1544 556 1615 600 δύο
1649 558 1691 600 ἐκ
1721 563 1823 613 τῆς5

362 624 571 677 βασιλίδος
594 622 732 677 ’Άννης
759 623 918 678 ἔσχηκεν
947 623 1115 680 ἄρρενας
1144 626 1310 676 παῖδας,
1357 623 1547 667 τεθνάναι
1573 623 1792 682 προῦφθα-

363 706 462 741 σαν,
491 691 533 731 ἐκ
564 690 607 731 δὲ
634 694 706 743 τῆς
735 691 777 740 ἓξ
801 691 1013 747 Ἀρμενίων
1042 690 1276 747 ὡρμημένης
1302 689 1345 734 (ἐν
1371 693 1529 735 παιδίον
1553 691 1700 750 ἄρρενα
1720 702 1811 736 πε-Δ

362 760 544 812 ποίηκεν,
588 756 681 813 ὅπερ
711 757 889 808 ὂκταετὲς
920 753 969 812 ἦν
997 756 1113 813 ἡνίκα
1145 757 1165 800 ὃ
1193 760 1382 813 βασιλεὺς
1410 761 1477 802 καὶ
1506 759 1637 816 πατὴρ
1668 759 1792 802 αὐτοῦ

361 823 573 879 ἐτεθνήκει.
642 824 709 866 διὰ
748 826 793 867 τὸ
836 826 1014 881 ἀμοιρεῖν
1053 830 1148 881 γοῦν
1196 826 1316 869 αὐτὸν
1352 827 1517 884 ἄρρενος
1546 825 1690 882 ἕνήβου
1719 843 1790 882 γο-

359 896 431 946 νῆς
465 890 485 933 ὃ
515 893 577 933 ἐπὶ
608 896 658 948 τῇ
685 894 857 949 θυγατρὶ
879 893 1060 949 γαμβρὸς
1080 894 1204 935 αὐτοῦ
1225 899 1296 948 τῆς
1316 897 1523 949 βασιλείας
1544 899 1789 952 κληρονομεῖ.
1801 904 1844 939 10

360 954 410 1014 ἦν
438 960 481 1001 δὲ
507 957 528 1000 ὃ
558 959 747 1013 βασιλεὺς
779 958 988 1016 Θεόδωρος
1014 959 1296 1018 ὅΛάσκαρις,
1334 961 1449 1005 ὁπότε
1479 962 1524 1004 τὸ
1560 963 1672 1012 τέλος
1703 961 1791 1016 ἴσχε

360 1031 434 1069 τοῦ
453 1028 559 1081 βίου,
593 1030 671 1068 τῶν
688 1027 761 1079 μὲν
778 1026 1073 1082 τεσσαράκοντα
1091 1029 1202 1071 πέντε
1219 1030 1316 1071 ἐτῶν
1334 1028 1562 1086 ὖπερὲκεινα
1570 1061 1584 1082 ,
1618 1027 1792 1072 ἐλάττων

361 1095 405 1135 δὲ
425 1098 504 1136 τῶν
524 1092 775 1148 πεντήκοντα,
803 1093 1046 1148 βασιλεύσας
1065 1097 1108 1137 ἐκ
1127 1095 1277 1138 τούτων
1295 1096 1361 1151 ἔτη
1382 1095 1447 1152 ιη’.
1474 1092 1524 1151 ἦν
1545 1098 1589 1140 δὲ
1607 1096 1652 1139 τὸ
1672 1101 1791 1151 σῶμα

357 1160 525 1218 μικρός,
567 1160 639 1202 οὐκ
661 1160 761 1216 ἄγαν
784 1163 829 1203 δέ
838 1193 851 1213 ,
884 1161 1131 1218 μελάγχρους
1150 1164 1217 1219 ἐφ’
1242 1162 1400 1216 ἱκανόν,
1434 1165 1669 1218 καθειμένον
1691 1164 1791 1218 ἔχων

308 1237 337 1272 B
359 1229 403 1271 τὸ
424 1229 568 1284 γένειον
588 1229 653 1269 καὶ
675 1230 763 1284 περὶ
791 1228 836 1270 τὸ
864 1228 986 1284 ἄκρον
1005 1228 1252 1283 σχιζόμενον,
1299 1231 1363 1272 ἐπ’
1388 1231 1519 1286 ὀλίγον
1539 1230 1790 1288 ἓτερόφθαλ-
1801 1237 1842 1273 15

355 1312 454 1348 μος,
486 1294 586 1350 πρὸς
608 1294 681 1343 τὰς
699 1293 834 1348 μάχας
858 1295 973 1346 ὀξύς,
1007 1300 1146 1349 θυμοῦ
1177 1314 1219 1338 τε
1249 1299 1315 1339 καὶ
1341 1297 1587 1354 ἀφροδισίων
1610 1295 1790 1353 ἡττώμε-

355 1379 436 1413 νος,
471 1359 796 1417 ἔλευθεριώτερος
817 1362 858 1403 ἓν
875 1368 963 1411 ταῖς
988 1364 1174 1418 δωρεαῖς·
1203 1361 1263 1414 οἷς
1283 1364 1360 1420 γὰρ
1382 1364 1431 1406 ἂν
1452 1363 1652 1418 βούλοιτο,
1687 1365 1789 1407 πολὺ

354 1429 400 1471 τὸ
417 1430 584 1485 χρυσίον
603 1430 769 1479 ἐδίδοτο,
803 1427 858 1478 ὥς
880 1430 920 1470 ἓν
944 1430 1088 1486 ἀκαρεῖ
1101 1429 1265 1481 τούτους
1284 1436 1477 1474 πλουτεῖν.
1543 1431 1790 1475 τεταλαιπιό-

354 1513 449 1553 ρηκε
473 1497 516 1537 δὲ
537 1493 756 1549 πάμπολλα
775 1496 816 1537 ἒν
835 1503 924 1546 ταῖς
950 1495 1101 1550 μάχαις
1121 1504 1208 1547 ταῖς
1230 1515 1271 1540 τε
1296 1499 1395 1556 πρὸς
1409 1499 1585 1549 Ἰταλοὺς
1604 1502 1670 1541 καὶ
1695 1500 1790 1549 τοὺς

353 1565 531 1620 Πέρσας.
599 1562 702 1619 ἀρχὴ
723 1567 817 1618 γοῦν
843 1558 958 1614 οὗτος
974 1562 1135 1619 ἐγεγόνει
1159 1570 1230 1618 τῆς
1249 1570 1328 1608 τῶν
1343 1565 1550 1619 Ῥωμαίων
1571 1567 1696 1623 ἀρχῆς
1708 1598 1721 1618 ,
1753 1561 1842 1624 ᾦ20

354 1633 419 1672 καὶ
452 1629 602 1684 πολλὴν
627 1628 749 1686 χάριν
782 1629 918 1687 &qnam
947 1638 1030 1681 τοῖς
1054 1630 1263 1685 Ῥωμαίοις
1294 1631 1397 1675 πάνυ
1422 1633 1510 1676 δέον
1532 1635 1788 1688 καθέστηκεν.

443 1748 463 1781 1
489 1742 843 1789 συγκατανεύσαντος
873 1745 905 1779 D
1085 1747 1108 1782 8
1129 1747 1426 1791 Κωνσταντίνου,
1459 1745 1511 1788 αἶς
1539 1745 1733 1792 ηὕτρὲπισε
1753 1749 1786 1784 D

441 1791 466 1825 4
487 1791 537 1836 τῷ
561 1789 711 1844 γαμβρῷ
735 1787 853 1824 αὐτοῦ
876 1792 954 1834 post
975 1788 1105 1844 Δουίιᾳιε
1124 1792 1156 1826 D
1246 1793 1267 1826 5
1289 1791 1359 1837 γὰρ
1383 1791 1515 1839 ἔνηβον
1538 1791 1629 1838 εἶχεν
1650 1794 1696 1836 1),
1720 1805 1787 1830 non

442 1835 572 1869 omissis
597 1835 648 1874 εἰς
668 1833 763 1879 ἡβην
786 1832 957 1871 ἐλθόντα.
1094 1832 1138 1870 ο“ν
1159 1835 1228 1880 γὰρ
1252 1834 1290 1870 ἐκ
1312 1838 1344 1871 D
1471 1841 1494 1874 7
1517 1835 1654 1884 ἄρρενα
1667 1840 1787 1874 παῖδα

439 1877 623 1914 τεθνάναι
642 1877 886 1924 προῦφθασεν
908 1880 940 1914 D
1036 1882 1058 1916 9
1082 1879 1145 1915 διὰ
1168 1882 1260 1926 γοῦν
1282 1879 1449 1927 ἀμοιρεῖν
1469 1883 1502 1917 D
1600 1886 1643 1918 10
1666 1882 1784 1919 αὐτοῦ

440 1923 590 1970 βασιλέα
612 1925 643 1958 D
779 1927 820 1960 11
844 1925 883 1959 δὲ
907 1921 927 1959 ὁ
951 1922 1136 1970 Αοῖσκαρις
1157 1925 1216 1972 μη’
1239 1925 1332 1961 ἐτῶν
1352 1928 1415 1962 καὶ
1436 1926 1548 1972 πρός,
1572 1924 1729 1962 ἐλάττων
1750 1929 1783 1963 D

442 1970 485 2005 13
506 1964 554 2014 ἦν
577 1967 617 2003 δὲ
638 1981 690 2003 om
706 1969 737 2003 Ι)
873 1968 916 2004 τὸ
933 1968 998 2013 μὲν
1016 1971 1118 2016 σῶμα
1135 1971 1166 2006 D
1304 1974 1345 2007 18
1369 1970 1420 2013 ὥς
1435 1992 1480 1999 -
1495 1974 1666 2007 πλουτεῖν
1682 1984 1734 2007 om
1749 1974 1782 2007 D

437 2016 482 2050 19
507 2013 664 2058 πάμπαν
685 2015 717 2048 D
851 2025 891 2049 τε
913 2026 966 2049 om
987 2016 1018 2050 D
1139 2018 1186 2052 20
1206 2016 1282 2051 τῶν
1304 2028 1357 2052 om
1378 2018 1411 2052 D
1530 2019 1574 2053 21
1596 2016 1659 2052 καὶ
1681 2029 1733 2052 om
1749 2019 1782 2052 D

437 2057 539 2094 πάνυ
558 2071 612 2094 om
633 2060 677 2094 D.

349 2162 454 2203 atque
476 2159 709 2204 imperatorem
733 2159 872 2194 suborta
887 2162 982 2202 sunt,
1014 2170 1088 2194 cum
1103 2159 1291 2205 neutiquam
1305 2160 1390 2195 adeo
1405 2161 1546 2196 infandis
1561 2162 1684 2207 nuptiis
1698 2173 1781 2197 con-

348 2214 480 2244 sensum
494 2204 553 2238 ille
568 2209 764 2249 praestaret.
809 2215 924 2238 verum
939 2205 1138 2250 imperator,
1162 2206 1252 2250 quod
1268 2206 1426 2251 optabat,
1449 2211 1622 2251 praestare
1636 2219 1702 2241 non
1717 2219 1782 2253 po-

347 2247 424 2283 tuit.
469 2248 611 2282 nondum
627 2251 711 2282 enim
726 2249 784 2282 ina
800 2250 929 2292 Cpolim
944 2250 1133 2284 transmissa
1143 2275 1154 2291 ‚
1187 2251 1262 2284 dum
1278 2255 1478 2295 appararent
1492 2252 1645 2296 nuptias,
1675 2251 1780 2287 vitam

347 2293 441 2336 finit,
477 2293 591 2336 generi
605 2304 666 2326 suo
683 2294 797 2327 Ioanni
812 2294 927 2327 Ducae
942 2295 1077 2339 imperio
1093 2295 1232 2329 relicto:
1256 2295 1378 2328 nullum
1401 2295 1485 2330 enim
1507 2297 1651 2331 habebat
1671 2299 1781 2343 pube-

347 2347 420 2371 rem
435 2337 538 2370 filium
549 2362 559 2379 ‚
589 2348 731 2381 namque
751 2339 818 2371 bini
838 2351 879 2371 ex
894 2339 1105 2383 imperatrice
1120 2340 1214 2373 Anna
1228 2340 1372 2384 suscepti
1387 2344 1466 2373 ante
1481 2342 1632 2375 obierant
1642 2370 1652 2387 ‚
1687 2346 1722 2376 et
1737 2354 1780 2377 ex

347 2382 502 2416 Armenia
515 2382 602 2415 filius
617 2382 731 2415 unicus
749 2388 819 2415 erat
835 2384 992 2425 octennis,
1016 2395 1088 2417 cum
1102 2389 1200 2429 pater
1214 2385 1299 2417 illius
1314 2389 1350 2418 et
1363 2384 1544 2430 imperator
1557 2388 1626 2421 vita
1643 2387 1777 2422 defecit.

289 2437 291 2440 ’
346 2427 436 2471 quod
451 2427 564 2471 ita'que
579 2427 635 2460 ille
649 2427 792 2461 masculo
809 2427 878 2460 filio
897 2439 1001 2471 eoque
1017 2430 1142 2472 pubere
1157 2429 1414 2472 destitueretur,
1446 2430 1534 2464 filiae
1549 2442 1628 2466 suae
1642 2433 1779 2466 maritus

346 2471 473 2516 imperii
486 2473 583 2506 heres
597 2472 648 2506 fit.
694 2472 876 2516 imperator
890 2472 1087 2506 Theodorus
1103 2473 1257 2507 Lascaris
1281 2484 1383 2508 annos
1409 2475 1554 2520 quinque
1576 2483 1611 2511 et
1631 2477 1778 2522 quadra-

347 2516 443 2560 ginta
457 2520 493 2550 et
507 2516 664 2561 amplius,
695 2517 801 2550 minor
822 2517 1061 2561 quinquaginta
1084 2523 1182 2552 natus
1201 2520 1346 2552 excessit
1369 2532 1388 2553 e
1403 2520 1470 2553 vita
1482 2546 1491 2562 ‚
1523 2522 1635 2556 decem
1651 2526 1686 2556 et
1701 2527 1777 2556 octo

345 2561 511 2604 regnavit,
533 2573 686 2606 corpore,
708 2562 768 2595 sed
785 2573 848 2595 non
864 2562 1007 2604 nimium,
1032 2562 1186 2606 pusillus,
1209 2563 1378 2597 moderate
1394 2565 1594 2609 nigricante,
1615 2567 1777 2620 promissa

345 2606 463 2648 barba,
485 2606 545 2640 sed
561 2618 646 2651 quae
660 2607 694 2641 in
709 2607 863 2640 extremis
878 2607 1092 2650 scinderetur,
1117 2608 1227 2652 variis,
1252 2609 1310 2642 sed
1326 2620 1514 2654 parumper,
1539 2612 1656 2653 ocuhs,
1677 2622 1776 2657 prae-

345 2661 427 2695 ceps
441 2651 476 2684 in
492 2652 616 2696 proelia
627 2680 636 2693 ,
659 2652 732 2686 irae
745 2663 785 2686 ac
799 2652 939 2685 Veneris
955 2652 1128 2696 impatiens
1139 2678 1148 2695 ,
1171 2653 1205 2686 in
1219 2655 1407 2688 muneribus
1422 2656 1678 2691 munificentior:
1699 2657 1775 2701 qui-

345 2696 408 2729 bus
422 2696 508 2730 enim
520 2696 566 2730 illi
585 2697 773 2731 collubitum
789 2701 881 2737 erat,
910 2697 1026 2740 ingens
1052 2697 1125 2730 auri
1152 2698 1202 2731 vis
1227 2699 1428 2742 donabatur,
1452 2705 1489 2733 ut
1502 2701 1614 2736 statim
1629 2701 1775 2746 opulenti

344 2740 538 2775 evaderent.
561 2743 681 2786 pugnis
696 2742 856 2776 adversus
871 2742 975 2776 Italos
991 2746 1026 2775 et
1040 2742 1162 2776 Persas
1179 2745 1417 2788 quammaxime
1432 2745 1653 2788 conflictatus,
1672 2745 1775 2790 prima

344 2789 453 2820 tamen
468 2786 626 2821 Romanis
641 2787 768 2833 imperii
781 2787 854 2833 ipse
867 2787 1080 2824 fundamenta
1094 2787 1192 2831 iecit,
1222 2789 1275 2823 cui
1298 2800 1319 2825 a
1332 2789 1491 2825 Romanis
1515 2789 1773 2837 quammaximae
