1924 3242
596 166 786 210 INDEX
820 167 1237 212 GRAMMATICUS.
1546 168 1610 214 29
1619 169 1643 215 1

169 271 564 331 Quone-6678.
628 294 630 298 >

281 320 532 364 omme<1792

278 368 414 411 ρμηεος
436 366 518 402 237.

167 411 503 457 ὃθελοσφαγεῒσθαι
524 411 626 448 4342.

167 455 516 502 εήὶονογραφήματα
537 457 642 493 4229.

166 501 386 549 &devolgata
407 504 509 546 5030,
531 503 633 540 5576.

164 547 382 592 ἐκρῑοτιδοῦν
405 550 506 586 5303.

165 593 403 642 §amaleciten
415 613 418 616 ⁴
428 595 528 631 1418.

163 639 492 686 ἐλευθεροκᾶρδιος
512 640 615 677 4859.

164 685 460 732 ἐλευθερόψνχος
483 687 583 723 5709.

163 731 518 779 ἐμπεριοτρέφεσθαι
541 732 643 768 6074.

161 777 340 824 ἐμπῦριος
361 780 471 821 4726,
495 778 604 822 5656,
627 777 731 814 5883.

161 823 408 870 ἐναποφυσᾶν
421 825 501 860 413.

161 869 435 915 ἐννομοπραγία
456 871 537 906 387.

161 914 385 960 ἐντρανίζειν
406 915 509 952 4675.

161 961 320 1008 ἔπαρχος
341 962 453 998 3355:
481 961 676 1008 praefectus
692 959 778 994 urbi.
809 959 878 994 Ce-

205 1008 330 1044 drenus
343 1019 378 1054 p.
396 1008 465 1043 389
478 1019 518 1042 a.-
541 1003 809 1060 προχειρισάτω
832 1016 877 1048 με

203 1051 228 1135 ἕ*
252 1053 419 1100 βασιλεία
451 1062 518 1088 σου
541 1050 702 1086 ἐνώπιον
724 1063 878 1086 παντων

156 1124 157 1127 ¹
223 1112 251 1134 π

205 1142 228 1182 ὁ
251 1098 879 1191 zetzzasteffffissffssffsff

202 1204 248 1238 νῃ
267 1189 435 1235 ἀπέτεμε.
474 1190 523 1225 sic
538 1190 709 1235 accipitur
723 1189 878 1224 Michae-

202 1238 246 1272 lis
263 1238 398 1282 Glycae
418 1238 503 1272 Ann.
523 1249 558 1282 p.
579 1237 648 1270 289
663 1246 686 1269 a
700 1235 754 1269 ed.
773 1236 878 1280 Reg.‚

203 1283 342 1319 Basilio.
366 1283 389 1317 l.
411 1284 431 1318 5
457 1282 511 1319 tit.
539 1284 558 1316 1
579 1293 610 1315 c.
637 1282 711 1323 ula,
737 1285 772 1315 et
789 1282 876 1326 apud

203 1329 439 1364 Balsamonem
472 1327 509 1362 in
535 1327 762 1371 manuscripta
786 1327 876 1372 apud

202 1386 266 1410 nos
281 1374 480 1409 collectione
492 1372 781 1417 constitutionum
790 1385 878 1418 quae

203 1420 248 1455 ad
292 1431 350 1455 res
393 1419 641 1454 ecclesiasticas
688 1419 877 1463 pertinent,

136 1471 139 1475 ’
201 1466 426 1512 Theophilum
443 1469 465 1509 §
494 1465 570 1501 2de
593 1469 742 1510 suspect.
769 1469 876 1499 tutor.

201 1511 285 1546 etin
301 1510 442 1546 Adriani
465 1510 634 1546 sententia
655 1521 744 1554 quae
758 1509 876 1556 incipit

199 1558 243 1592 ab
267 1557 321 1591 his
346 1556 484 1598 verbis,
525 1553 578 1590 δι’
608 1553 873 1599 ἐπιστολιδίου,

197 1602 258 1638 lib.
284 1604 308 1639 3
329 1601 570 1648 grammaticae
593 1601 747 1635 Dosithei
765 1602 873 1646 magi-

198 1649 275 1684 stri.
321 1649 400 1683 hinc
418 1645 626 1691 ἐπαρχότης
640 1647 732 1692 apud
749 1647 872 1691 Olym—

221 1694 374 1730 {odorum
409 1694 446 1729 in
473 1693 660 1738 Excerptis
688 1693 871 1736 photianis,

197 1741 234 1775 id
256 1743 310 1776 est
332 1742 572 1787 praefectura,
609 1738 702 1772 urbis
728 1739 871 1774 scilicet.

197 1786 394 1833 plerumque
418 1791 532 1820 tamen
553 1785 687 1819 additur
711 1785 778 1829 τῆς
801 1782 871 1820 πό-

199 1834 310 1873 λεως,
343 1835 381 1866 ut
411 1832 452 1866 C.
485 1831 635 1866 Manass.
667 1842 700 1875 p.
728 1832 785 1871 59,
815 1831 871 1865 vel

195 1875 340 1923 Ῥώμης
356 1878 424 1922 τῆς
441 1875 594 1920 πόλεως,
611 1876 667 1910 vel
682 1876 872 1921 βασιλίδος

195 1922 350 1964 πόλεως.
386 1923 550 1958 Gulussae:
581 1923 782 1957 Praefectus
810 1934 870 1956 ur-

196 1969 248 2005 bis
266 1968 424 2014 ἔπαρχος
437 1965 576 2013 Ῥώμης
590 1969 657 2013 τῆς
666 1965 818 2008 πόλεως.
836 1974 872 2002 et

194 2017 395 2051 Praefectus
448 2015 526 2050 urbi
577 2012 871 2058 προτεταγμένος

193 2058 334 2106 Ῥώμης
349 2061 418 2106 τῆς
432 2059 583 2101 πόλεως.
603 2061 770 2103 Galenus,
784 2059 869 2101 περὶ

195 2108 267 2143 τοῦ
292 2105 581 2152 προγινώσκειν,
615 2104 774 2151 ἔπαρχος
798 2104 868 2141 πό-

197 2156 307 2194 λεωςτ
344 2158 483 2189 vertunt
518 2157 658 2198 praetor
707 2153 867 2195 urbanus,

195 2199 370 2246 imperite,
402 2210 463 2245 pro
487 2199 678 2245 praefectus
703 2198 808 2234 urbis.
833 2202 869 2232 et

194 2245 255 2280 lib.
288 2247 307 2280 1
341 2245 426 2279 πει
455 2243 610 2288 ἄνατομ.
654 2242 725 2288 ἑγχ.
755 2244 868 2278 τοῦδε

196 2291 266 2325 τοῦ
294 2291 364 2325 νῦν
407 2289 552 2346 πάρχου
582 2291 648 2334 τῆς
679 2287 867 2334 Ῥωμαίων

197 2334 356 2378 πόλεως,
383 2334 521 2381 ἀνδρος
547 2335 595 2370 τὰ
619 2334 745 2370 πάντα
767 2348 868 2380 πρω-

198 2379 389 2422 τεύοντος.
417 2382 450 2416 id
476 2387 552 2425 est,
584 2382 750 2428 praefecti
773 2382 867 2416 urbis

200 2426 342 2462 Romae.
369 2427 532 2462 Nicetes:
566 2428 619 2468 εἰς
643 2425 683 2462 δ’
709 2427 869 2473 ἔπαρχον

197 2473 266 2517 τῆς
299 2472 486 2518 βασιλίδος
523 2471 673 2513 πόλεως.
721 2485 788 2507 non
811 2486 870 2508 so-

199 2518 267 2552 lum
289 2522 399 2558 autem
423 2517 581 2563 ἔπαρχος
603 2531 665 2566 pro
691 2521 868 2565 praefecto

199 2563 292 2598 urbis
318 2563 471 2599 absolute
494 2566 652 2611 ponitur,
686 2565 744 2600 sed
768 2566 869 2600 etiam

198 2621 262 2655 pro
287 2609 459 2654 praefecto
483 2612 675 2656 praetorio,
717 2616 756 2645 ut
778 2612 867 2657 apud

197 2655 325 2700 Xiphil.
362 2654 396 2688 in
427 2655 558 2691 Severo
596 2669 630 2711 p.
660 2658 739 2695 421.
769 2664 804 2691 et
833 2658 868 2691 in

196 2699 337 2734 Adriani
364 2701 530 2735 sententia
553 2713 646 2736 cuius
667 2703 798 2737 initium
815 2708 869 2737 est

196 2746 432 2786 κωδικίλλους
468 2748 523 2785 τίς
558 2759 598 2783 π.
638 2749 867 2794 Olympiodo-

195 2803 255 2827 ωε
271 2803 290 2826 a
317 2792 359 2826 ud
376 2791 517 2826 eundem
533 2791 706 2828 Photium:
725 2790 866 2840 Ἰωβια-

194 2835 263 2878 νὸς
306 2849 446 2882 παρχος
473 2836 537 2872 καὶ
559 2840 763 2883 πατρίκιος.
810 2839 864 2874 10-

978 274 1097 309 vianus
1125 274 1214 309 euim
1247 275 1443 321 praefectus
1475 277 1649 320 praetorio

979 326 1066 361 erat,
1086 321 1163 356 hinc
1195 317 1395 365 ἐπαρχικά,
1433 321 1562 356 formae
1587 331 1648 357 seu

976 366 1090 400 edicta
1104 368 1352 413 praefectorum
1364 366 1548 411 praetorio,
1563 378 1648 413 qua-

974 410 1019 446 lia
1036 413 1140 446 multa
1155 418 1292 447 exstant
1305 411 1396 458 apud
1409 412 1649 459 Harmenopu-

973 457 1061 499 lum,
1086 465 1122 492 et
1141 463 1304 493 notantur
1328 459 1362 492 in
1386 469 1448 492 ora
1463 460 1649 494 manuscri-

976 508 1111 548 ptorum
1137 504 1288 539 codicum
1324 503 1551 540 bibliothecae
1577 506 1648 540 Re-

973 548 1052 592 giae
1076 553 1113 582 et
1136 546 1348 594 ἐπαρχικοί,
1384 551 1514 584 concilii
1541 551 1648 586 Chal-

973 594 1092 628 cedon.
1110 595 1248 629 actione
1265 601 1296 638 1,
1320 596 1354 629 id
1372 597 1648 641 estpraefectiffl

971 639 1007 674 ni
1022 651 1083 674 seu
1099 640 1312 686 apparitores
1328 643 1493 686 praefecti
1510 648 1648 688 praeto—

970 685 1033 720 rio.
1074 687 1348 731 quemadmodum
1361 692 1473 722 autem
1489 686 1648 733 ἔπαρχος

970 732 1038 788 τῆς
1059 729 1202 772 πόλεως
1231 732 1356 766 dicitur
1379 731 1474 777 πρὸς
1497 734 1649 770 διαστο-

970 779 1040 821 λην
1049 777 1202 821 aliorum,
1214 777 1266 812 ita.
1282 782 1318 812 et
1332 779 1530 823 praefectus
1546 792 1649 826 prae-

971 823 1060 857 torio
1080 823 1204 857 dicitur
1226 822 1386 868 ἔπαρχος
1410 821 1528 866 αὐλῆς
1554 827 1648 872 (Eu-

969 869 1093 915 napius
1119 869 1153 903 in
1184 870 1362 913 Maximo)
1399 871 1455 904 vel
1489 870 1648 916 ἔπαρχος

970 915 1038 959 τῆς
1055 915 1246 960 βασιλικῆς
1262 914 1380 960 αὐλῆς
1401 916 1505 959 (idem
1522 917 1556 951 in
1575 921 1647 952 Ae-

968 961 1083 1005 desio)
1105 961 1163 995 vel
1187 959 1346 1006 ἔπαρχος
1377 962 1447 996 τοῦ
1483 972 1647 1007 πραιτω-

971 1007 1055 1051 ρίου
1075 1011 1135 1040 aut
1155 1007 1233 1041 τῶν
1260 1008 1509 1052 πραιτωρίων.
1537 1010 1647 1045 Glos-

969 1064 1049 1087 sae:
1073 1053 1276 1087 Praefectus
1300 1054 1465 1099 praetorii
1481 1050 1647 1100 ὕπαρχος

968 1099 1039 1133 τοῦ
1063 1099 1302 1143 πραιτωρίου.
1337 1099 1454 1145 itaque
1470 1101 1555 1135 haec
1567 1101 1647 1145 duo,

970 1142 1130 1189 ἔπαρχος
1160 1149 1197 1179 et
1219 1141 1407 1190 ὕπαρχος,
1449 1147 1648 1193 plerumque

970 1191 1241 1236 confunduntur,
1265 1196 1332 1226 tam
1349 1191 1385 1226 in
1407 1191 1501 1227 libris
1517 1194 1645 1228 calamo

970 1237 1119 1271 exaratis
1134 1248 1232 1282 quam
1261 1237 1381 1280 editis,
1404 1243 1443 1271 ut
1463 1238 1498 1272 in
1514 1240 1644 1283 synodo

969 1283 992 1317 8
1019 1294 1189 1317 oecumen.
1225 1286 1330 1318 act.1
1365 1280 1534 1327 ὕπαρχος
1569 1287 1645 1320 τῶν

968 1328 1206 1372 πραιτωρίων
1238 1329 1363 1363 dicitur
1396 1329 1453 1374 qui
1489 1328 1648 1375 ἔπαρχος

969 1374 1046 1407 τῶν
1071 1374 1180 1416 ἱερῶν
1202 1375 1441 1418 πραιτωρίων
1455 1375 1648 1411 Chalcedo-

969 1419 1084 1454 nensis
1112 1419 1245 1454 concilii
1267 1425 1335 1454 act.
1364 1423 1406 1462 13
1441 1426 1479 1455 ut
1504 1433 1572 1456 non
1588 1428 1646 1457 te-

968 1477 1061 1499 mere
1086 1465 1174 1500 fides
1199 1467 1353 1500 habenda
1388 1466 1433 1500 sit
1468 1468 1643 1504 Graeculo

967 1512 1129 1545 monacho
1139 1539 1149 1554 ‚
1174 1511 1230 1556 qui
1246 1511 1424 1546 discrimen
1439 1513 1538 1557 ponit
1553 1514 1644 1549 inter

967 1554 1128 1600 ἔπαρχον
1152 1563 1187 1591 et
1209 1554 1400 1602 ὕπαρχον,
1428 1564 1468 1592 ut
1484 1557 1643 1604 ἔπαρχος

966 1603 1013 1636 sit
1043 1599 1062 1637 ὁ
1097 1603 1164 1647 τῆς
1191 1603 1640 1650 Κωνσταντινουπόλεως,

965 1649 1163 1693 praefectus
1180 1649 1274 1683 urbis
1287 1650 1360 1693 GP,
1384 1646 1554 1694 ’ὕπαρχος
1578 1663 1640 1686 au-

962 1700 1029 1728 tem
1047 1690 1067 1729 ὁ
1091 1695 1158 1738 τῆς
1182 1692 1360 1738 ἐπαρχίας
1385 1692 1560 1740 ἐξάρχων,
1581 1709 1640 1731 τε-

962 1744 1037 1774 ctor
1060 1740 1268 1785 provinciae.
1314 1752 1390 1775 nam
1416 1741 1449 1774 in
1479 1742 1638 1777 Basilicis

962 1783 1128 1830 ἐπάρχου
1176 1786 1311 1820 nomine
1343 1786 1538 1822 continetur
1570 1792 1639 1824 tam

962 1834 1158 1877 praefectus
1182 1829 1354 1878 praetorio
1378 1844 1476 1877 quam
1499 1835 1640 1878 praefe-

964 1882 1038 1911 ctus
1054 1878 1147 1921 urbi,
1172 1878 1195 1912 l.
1221 1878 1243 1912 6
1258 1878 1311 1912 tit.
1336 1878 1369 1921 4,
1386 1883 1422 1912 et
1438 1880 1527 1923 apud
1543 1881 1638 1914 Har—

964 1924 1176 1969 menopulum
1201 1924 1223 1957 l.
1251 1924 1274 1958 6
1298 1924 1352 1957 tit.
1378 1924 1420 1958 de
1435 1925 1552 1967 dignit.
1568 1929 1590 1968 5
1605 1927 1638 1961 6.

963 1980 1027 2003 nec
1042 1981 1181 2003 moveor
1198 1969 1347 2002 Cedreni
1370 1969 1446 2003 loco
1466 1982 1501 2015 p.
1518 1971 1585 2006 389
1601 1971 1636 2015 d,

962 2015 1056 2049 cuius
1071 2016 1179 2049 verba
1192 2015 1275 2048 haec
1288 2019 1383 2048 sunt:
1401 2015 1464 2049 καὶ
1486 2012 1506 2052 ὁ
1525 2013 1637 2061 ἔπαρ-

961 2072 1027 2104 χος
1050 2058 1122 2104 ἔφη
1146 2061 1197 2106 τῷ
1216 2060 1360 2105 βασιλεῖ
1374 2057 1482 2103 “ν’ῦν,
1501 2059 1635 2096 δέσπο-

960 2119 1031 2145 τα,
1058 2104 1149 2150 ὅπερ
1173 2103 1385 2150 ’ὑπεσχόμην
1410 2104 1636 2143 ἐτελείωσα”.

959 2153 1028 2186 τοῦ
1068 2150 1107 2186 δὲ
1150 2151 1329 2197 βασιλέως
1369 2151 1637 2197 προελθόντος,

960 2195 1011 2238 ὥς
1045 2195 1168 2237 οὐδεὶς
1200 2192 1247 2242 ἦν
1282 2195 1300 2233 ὁ
1334 2195 1515 2242 ἐγκαλῶν,
1539 2196 1636 2233 ’ὑπο-

960 2243 1122 2286 στρέψας
1139 2244 1335 2288 πατρίκιον
1351 2241 1469 2281 αὐτὸν
1486 2242 1636 2289 ἐποίησε

959 2289 1023 2324 καὶ
1044 2287 1212 2333 ὕπαρχον
1229 2286 1350 2324 αὐτὸν
1374 2289 1480 2334 μέχρι
1506 2291 1636 2331 τέλους

959 2336 1028 2380 τῆς
1054 2336 1149 2380 ζωῆς
1169 2335 1300 2370 αὐτοῦ.
1337 2346 1435 2381 quem
1458 2337 1567 2371 locum
1584 2337 1633 2370 sic

960 2382 1149 2428 accipiunt,
1181 2387 1220 2416 ut
1244 2380 1392 2416 Iustinus
1425 2385 1634 2427 praefectum

962 2428 1056 2461 urbis
1083 2439 1143 2462 seu
1170 2426 1348 2471 ἔπαρχον,
1378 2433 1499 2473 postea
1528 2440 1634 2474 prae-

961 2474 1088 2508 fectum
1127 2475 1297 2519 praetorio
1331 2474 1544 2508 constituerit
1573 2485 1635 2509 seu

960 2516 1140 2563 ὕπαρχον.
1187 2520 1271 2560 hoc,
1296 2519 1452 2564 inquam,
1475 2520 1551 2554 loco
1568 2531 1635 2553 non

960 2577 1124 2600 moveor:
1152 2565 1234 2599 nihil
1250 2565 1337 2599 enim
1360 2569 1455 2599 vetat
1479 2576 1546 2610 quo
1568 2565 1633 2600 mi-

960 2622 1024 2646 nus
1059 2611 1107 2645 ita
1140 2611 1316 2645 Cedrenus
1352 2611 1556 2656 accipiatur,
1595 2615 1633 2644 ut

962 2658 1158 2703 praefectus
1176 2657 1267 2691 urbis
1284 2656 1452 2701 dignitate
1466 2656 1631 2703 patricia-

961 2710 1014 2737 tus
1029 2707 1148 2737 auctus
1164 2703 1199 2736 in
1214 2702 1309 2736 urbis
1329 2704 1544 2748 praefectura
1561 2713 1629 2735 ma-

960 2760 1042 2782 nere
1057 2749 1168 2783 iussus
1184 2750 1241 2792 sit,
1264 2754 1384 2782 auctus
1399 2749 1550 2782 nimirum
1567 2758 1630 2792 pa—

958 2794 1095 2829 triciatu
1121 2800 1157 2828 et
1178 2800 1344 2840 perpetua
1370 2793 1463 2828 urbis
1494 2792 1630 2839 praefe-

958 2845 1066 2875 ctura.
1101 2841 1193 2875 dices
1209 2840 1298 2886 apud
1311 2840 1500 2874 Cedrenum
1517 2836 1630 2882 ἔπαρ-
