1872 3236
455 175 831 227 COMPENDIUM
871 175 1224 223 GHRONICUM.
1488 170 1583 220 189

253 284 365 336 οὗτοι
387 290 553 348 καὶγὰρ
577 289 846 348 ἀθροίσαντες
867 288 1020 348 ἄνδρας
1039 287 1323 348 θεοφορήτους

251 361 326 417 τὴν
350 359 539 403 ἄκανθαν
559 356 795 416 αὐτόρριζον
812 362 885 415 τῆς
906 360 1186 415 εἶκονομαχιάς

254 429 486 472 ἀνέσπασαν
505 427 580 484 τὴν
602 428 798 471 κνίσασαν
819 427 893 478 τὰς
912 428 1087 482 εὐσεβεῖς
1105 429 1288 486 καρδίας,

251 499 317 540 καὶ
336 503 426 548 ταῖς
444 495 640 555 ἀρούραις
658 501 739 540 τῶν
757 500 904 551 ψυχῶν
923 503 1014 547 ταῖς
1035 494 1364 551 ὖλομανησάσαις

115 565 226 611 4405
250 566 322 609 τὸν
343 563 494 623 σπόρον
514 564 810 620 κατεβάλλοντο
828 564 898 607 τὸν
915 569 988 620 τῆς
1010 565 1268 621 ὄρθοδοξιάς.

253 634 380 692 ἄμφω
397 636 472 689 μὲν
491 630 563 678 οὖν
579 635 649 693 ἐφ’
674 634 811 677 ἱκανὸν
830 641 925 684 παῖς
945 651 986 677 τε
1011 635 1079 676 καὶ
1099 632 1233 690 μήτηρ
1254 629 1394 691 ἦρχον,

251 705 319 746 καὶ
339 702 474 761 μήτηρ
497 698 570 759 ἦν,
605 703 652 747 τὸ
676 708 750 746 τοῦ
767 703 910 757 Λαβίδ
920 735 934 755 ,
971 703 1034 745 ἐπὶ
1057 704 1171 744 παιδὶ
1190 707 1403 760 τρυφῶσα.

252 773 334 822 ἐπεὶ
355 775 379 815 δ
386 773 397 789 '
417 771 439 815 ὃ
459 780 554 823 παΐς
576 770 597 815 ὅ
619 772 813 827 βασιλεὺς
830 771 970 814 λοιπὸν
989 770 1192 827 ἡλικιοῦτο

251 843 318 884 καὶ
335 844 482 900 μεῖραξ
504 836 554 897 ἦν
575 839 823 898 καλλιφυής,
859 839 1094 898 κροτάφους
1115 840 1298 891 ιὀυλίζων

113 899 226 955 4410
250 912 338 967 (καὶ
356 910 435 967 γὰρ
457 911 670 961 παιδίσκος
692 908 849 961 ἁπαλὸς
868 911 1048 952 λέλειπτο
1071 913 1131 967 τῷ
1148 906 1334 962 τεκόντι),

250 980 643 1037 παρεισφθαρὲντων
665 981 722 1029 εἰς
741 978 866 1021 αὐτὸν
883 982 965 1021 τῶν
981 975 1319 1035 πονηροκολάκων

249 1050 316 1091 καὶ
341 1047 614 1097 δαπανώντων
633 1047 707 1103 τὴν
732 1048 860 1090 αὐτοῦ
878 1049 1050 1104 καρδίαν
1072 1047 1302 1096 κολακείαις

248 1114 304 1168 ὡς
323 1117 470 1174 δένδρα
490 1117 542 1160 τὰ
558 1115 798 1173 γλυκῦχυμα
817 1115 1020 1172 σκώληκες
1040 1114 1277 1173 ξυλοφάγοι,

247 1183 499 1242 ὑπερφρονεῖ
512 1189 765 1241 μεγαλαυχεΐ
777 1186 882 1228 κατὰ
905 1190 978 1241 τῆς
998 1187 1224 1240 βασιλίδος,

112 1251 224 1296 4415
250 1252 373 1304 αὐτός
393 1270 434 1296 τε
453 1251 578 1307 μόνος
598 1254 783 1310 ε’παρκεῖν
802 1261 887 1305 τοῖς
908 1252 1118 1312 πράγμασι
1137 1254 1308 1308 νομίσας

249 1325 330 1364 τῶν
349 1320 581 1378 ἀνακτόρων
597 1321 800 1364 ἴκπτωτον
822 1330 991 1365 ποιεῖται
1014 1323 1087 1378 τὴν
1104 1323 1262 1379 μητέρα

251 1393 319 1433 καὶ
339 1390 413 1432 σὺν
432 1390 538 1446 αὐτῇ
557 1389 630 1444 τὴν
649 1390 846 1445 κοσμικὴν
868 1389 1028 1447 εἰρήνην
1048 1388 1342 1447 κουροτρόφον.

249 1460 434 1502 ἐντεῦθεν
453 1460 674 1501 ἓκκυλίεται
697 1459 799 1516 πρὸς
821 1459 1170 1516 ἀθεσμοπραγίας,

248 1530 316 1570 καὶ
342 1529 461 1585 κείρει
483 1528 558 1582 μὲν
579 1527 652 1582 τὴν
673 1526 859 1570 σύνοικον
882 1528 954 1583 τὴν
973 1524 1354 1585 σωφρονικωτάτην,

111 1594 226 1640 4420
249 1596 376 1652 ἄλλης
397 1598 441 1639 δὲ
462 1599 581 1650 μῖξιν
602 1596 792 1652 γυναικὸς
815 1604 900 1647 τοῖς
922 1598 1102 1652 λέκτροις
1122 1595 1334 1652 ἐπεισάγει.

249 1667 318 1708 καὶ
339 1665 417 1722 γὰρ
441 1664 554 1722 ῥανὶς
575 1664 780 1720 ἐνδελεχὴς
796 1666 946 1722 πέτραν
966 1665 1146 1722 σκληρὰν
1167 1665 1379 1717 κοιλαίνει,

248 1736 316 1777 καὶ
339 1731 496 1789 κᾶμπαι
517 1733 592 1784 τὰς
611 1735 860 1791 δενδρίτιδας
883 1733 1097 1791 φυλλάδας
1119 1734 1328 1786 ἀναλοῧσι,

248 1804 318 1846 καὶ
338 1801 506 1854 κόλακες
523 1802 732 1846 ἐσθίουσιν
754 1801 1001 1862 ἀνθρώπους
1021 1801 1412 1862 μικροσπλάγχνους.

203 1944 296 1981 4405
322 1945 391 1990 τῆς
420 1944 680 1989 εἰκονομοινίας
709 1945 750 1981 Μ
934 1946 1026 1983 4407
1047 1943 1108 1982 ἐπὶ
1125 1945 1235 1982 παιδὶ
1252 1944 1296 1982 τὸ
1319 1945 1388 1981 τοῦ
1409 1942 1533 1990 Auel&
1551 1944 1585 1979 R

203 1992 293 2027 4411
317 1991 624 2037 πονηροκαρδίων
645 1993 679 2027 R

111 2118 173 2154 tis.
242 2129 319 2152 nam
350 2117 389 2152 hi
420 2115 663 2162 religiosorum
693 2121 731 2152 et
764 2118 1035 2162 gubernatorum
1071 2117 1241 2152 divinitus
1272 2116 1447 2152 hominum
1479 2120 1582 2150 coetu

112 2168 234 2203 coacto
267 2164 386 2210 spinas
419 2164 691 2218 oppugnationis
724 2164 935 2209 imaginum,
979 2175 1070 2209 quae
1105 2164 1179 2210 pias
1216 2170 1349 2199 mentes
1383 2164 1582 2199 iamdudum

112 2217 320 2258 punxerunt,
342 2209 512 2245 radicitus
532 2210 753 2254 evulserunt,
790 2217 827 2244 et
850 2211 887 2244 in
910 2211 1006 2245 arvis
1028 2210 1220 2246 animorum
1242 2209 1499 2245 luxuriantibus
1522 2222 1582 2245 re-

112 2262 190 2292 ctae
210 2256 372 2292 veritatis
397 2255 578 2291 doctrinae
596 2256 729 2291 semina
750 2261 996 2291 conseverunt.
1045 2257 1336 2291 administrabant
1358 2262 1473 2291 autem
1496 2269 1582 2292 con-

111 2303 238 2338 iunctis
263 2303 381 2349 operis
399 2302 582 2348 imperium
609 2308 680 2336 tam
704 2308 815 2336 mater
838 2315 939 2349 quam
962 2302 1054 2337 filius
1079 2304 1166 2338 satis
1188 2303 1292 2348 longo
1317 2309 1488 2349 tempore,
1507 2315 1583 2339 cum

113 2349 254 2395 quidem
277 2355 409 2393 mater,
439 2348 493 2383 uti
515 2348 672 2383 Davides
696 2348 871 2393 loquitur,
909 2361 953 2383 ex
976 2349 1049 2384 filio
1074 2349 1287 2396 voluptatem
1313 2355 1470 2395 caperet.
1518 2352 1583 2386 sed

111 2394 175 2429 ubi
203 2394 294 2430 filius
322 2396 516 2442 imperator
550 2394 765 2429 adolevisset
795 2394 935 2440 iamque
958 2395 1085 2440 lanugo
1109 2396 1216 2430 malas
1242 2395 1317 2430 eius
1342 2395 1476 2430 vestire
1499 2409 1583 2431 coe-

110 2439 243 2486 pisset,
269 2442 396 2476 amisso
422 2441 535 2488 prima
557 2441 595 2474 in
619 2440 773 2487 pueritia
795 2447 918 2486 patre,
944 2442 1127 2476 sceleratis
1153 2441 1360 2487 quibusdam
1383 2447 1583 2477 assentato-

109 2485 208 2524 ribus
240 2486 278 2522 in
310 2488 385 2522 eius
417 2487 605 2522 amicitiam
636 2499 676 2521 se
707 2486 965 2522 insinuantibus
996 2494 1032 2522 et
1063 2488 1235 2523 adulando
1264 2499 1325 2522 cor
1349 2488 1584 2524 adolescentis

111 2533 353 2578 exedentibus,
377 2534 663 2579 quemadmodum
685 2533 803 2568 tineae
827 2534 938 2569 dulcis
963 2536 1108 2569 arbores
1132 2533 1229 2569 succi
1250 2536 1440 2569 corrodere
1457 2535 1583 2580 solent,

110 2590 181 2613 non
203 2577 312 2614 solum
334 2585 478 2614 matrem
500 2579 759 2625 imperatricem
783 2580 1013 2615 iactabundus
1044 2593 1130 2627 prae
1155 2593 1194 2615 se
1218 2582 1483 2626 contemnebat,
1519 2594 1584 2615 ve-

108 2635 184 2659 rum
202 2624 307 2658 etiam
329 2636 444 2660 rerum
469 2637 509 2660 se
532 2625 781 2671 gubernationi
804 2626 873 2660 iam
895 2627 1058 2661 idoneum
1081 2626 1168 2661 satis
1194 2627 1398 2672 arbitratus,
1425 2639 1469 2661 ex
1484 2628 1584 2672 regia

108 2675 253 2706 matrem
275 2670 401 2705 Irenen
424 2671 515 2715 (boc
540 2679 595 2707 est
621 2674 766 2718 pacem)
792 2683 863 2706 una
893 2684 968 2707 cum
1000 2685 1087 2718 pace
1114 2672 1233 2707 mundi
1262 2673 1372 2707 totius
1401 2673 1581 2709 eiiciebat.

105 2716 235 2751 deinde
268 2717 313 2750 ad
344 2717 495 2752 nefanda
524 2720 694 2763 quaedam
716 2718 875 2754 facinora
899 2719 1089 2753 exorbitat.
1138 2718 1280 2764 coniugi
1303 2719 1581 2754 modestissimae

103 2761 424 2808 pudicissimaeque
455 2763 598 2810 capillos
621 2764 739 2808 radit,
774 2770 812 2799 et
831 2777 853 2799 a
874 2765 986 2811 priori
1010 2764 1228 2799 matrimonio
1252 2767 1423 2800 secundas
1447 2766 1490 2799 ad
1514 2777 1580 2798 nu-

102 2808 196 2854 ptias
219 2807 362 2843 transit.
410 2807 571 2844 nimirum
594 2816 694 2855 gutta
711 2810 877 2845 continuo
901 2811 1036 2846 stillans
1056 2812 1179 2846 durum
1204 2811 1307 2846 etiam
1329 2823 1449 2846 saxum
1474 2822 1579 2845 exca-

100 2859 187 2899 ναις
222 2859 260 2891 et
288 2856 450 2890 arborum
477 2854 564 2891 folia
588 2868 715 2892 erucae
745 2858 954 2901 absumunt3
986 2863 1024 2894 et
1051 2863 1288 2894 assentatores
1316 2858 1362 2893 ad
1388 2863 1578 2892 extremum

1605 293 1700 331 Ρ90
