1864 3242
562 186 959 232 ACROPOLITAWI
991 185 1193 230 NOTAE.
1495 181 1593 227 237
1630 204 1635 205 ’

147 316 249 354 ρατι.
303 297 373 342 καὶ
397 296 470 341 τὸν
490 296 678 353 γενέσθαι
696 298 880 367 περιδεᾶ,
908 294 976 341 καὶ
1006 295 1132 337 εἰπεῖν
1153 290 1238 364 “μή
1268 306 1316 335 συ
1340 307 1384 348 γε
1408 293 1592 360 βασιλεῦ·

148 353 438 426 συμπάθησον,
464 356 677 426 οἴκτειρον.
735 369 811 394 ουκ
840 353 920 395 ἔστι
944 355 1083 400 τοῦτο,
1114 347 1189 393 ov'x
1217 350 1309 392 ἔστι.
1366 347 1506 403 φάσμα
1531 362 1595 391 σοι

147 411 330 469 γέγονεν,
359 428 434 454 ουκ
451 408 638 465 αλήθεια.
642 407 666 425 ”
722 409 872 458 ἐκεῖνος
890 409 947 457 εἶς
964 405 1097 477 βάθος
1116 403 1327 475 δεξάμενος
1341 404 1418 460 τήν
1436 405 1594 478 πληγην

147 429 373 538 ἕστροβεῖτο
405 470 567 518 δεινῶς,
607 466 788 521 ἔκὲκραγε
815 465 883 507 καὶ
912 462 1150 514 ἀνωλόλυξε.
1205 461 1392 505 νύσσεται
1421 479 1495 504 ουν
1521 478 1596 516 την

146 529 303 568 κοιλίαν
327 521 478 576 εὐθυς,
510 541 578 565 και
595 525 696 575 ῥοῦν
715 520 854 564 ἴκανόν
872 518 1231 593 ἆκραιφνεστοῖτου
1230 521 1394 573 αι’ματος
1412 516 1596 560 κατωθεν

146 579 327 637 οἷπορρεῖ,
354 598 460 631 οπως
477 598 529 623 αν
547 583 664 637 βαφῇ
682 579 704 622 ὁ
720 582 822 628 ποῦς
843 592 918 631 σοι,
947 577 1162 632 Δημητριε,
1184 594 1319 629 αιματι
1339 580 1419 618 τῶν
1440 576 1596 629 ἐχθρῶν

147 652 223 681 σου
251 638 353 692 υπὲρ
383 642 456 692 τῆς
483 641 559 690 σῆς
583 638 703 705 τῆσδε
726 633 894 684 πόλεως.
950 635 1018 676 καὶ
1044 633 1201 703 ἄρχεται
1224 631 1304 686 ηδη
1326 637 1593 686 λειποψυχεῖν.

145 699 270 738 ταῦτα
297 693 396 737 ἰδων
424 694 448 737 ὅ
475 698 547 748 τῆς
573 690 779 746 δυνάμεως
803 689 928 734 αὐτοῦ’
949 687 1252 758 αρχιστρατηγος
1269 693 1535 757 Μαναστρᾶς,
1566 683 1596 746 ᾗ

141 749 286 806 τάχους
304 749 424 804 εἶχεν,
451 749 595 792 ὕπτιον
611 753 752 791 τοῦτον
758 745 1008 817 ἐπιβιβάσας
1028 743 1311 802 προτροπάδην
1335 762 1493 816 φευγει,
1524 746 1594 786 καὶ

143 810 320 851 κλέπτων
335 805 410 878 τὴν
429 808 624 861 σωτηρίαν
644 803 742 859 μεθ’
756 819 854 847 οσου
870 821 1014 858 ταχους
1027 804 1247 857 ὖποχωρεῖ,
1275 819 1343 844 και
1363 799 1449 856 μετ’
1470 799 1594 843 αὐτοῦ

143 866 211 907 καὶ
243 863 319 906 συν
345 861 454 920 αὐτῷ
479 879 587 906 απαν
614 864 740 904 ἐκεῖνο
771 879 816 904 το
844 860 1118 931 μυριοπληθὲς
1140 857 1458 915 στρατολογικόν,
1488 874 1593 900 ουτω

143 921 290 975 ταχέως
315 921 369 971 οἷς
395 922 430 962 εἰ
456 920 524 962 καὶ
541 916 738 988 Βορεαδαι
759 917 862 967 τινὲς
881 915 979 959 κατά
997 934 1090 970 τους
1107 916 1406 983 θρυλλομὲνους
1428 914 1594 964 τούτους

144 979 331 1020 ἐδίωκον·
370 974 495 1030 φόβος
520 993 596 1045 γαρ
625 972 762 1024 αὐτοῖς
784 975 851 1016 καὶ
881 971 1033 1043 τρόμος
1054 974 1208 1026 ἐπῆλθε
1233 970 1331 1014 κατά
1357 989 1446 1014 τινα
1473 972 1592 1041 ξένην

143 1031 472 1104 ἀντιπερίστασιν.
530 1028 627 1073 αλλα
646 1048 720 1085 γαρ
741 1028 814 1072 οὔκ
832 1031 890 1080 εἰς
907 1046 1060 1083 μακρον
1080 1027 1208 1085 τούτῳ
1227 1027 1270 1071 τὸ
1287 1032 1378 1082 ζῆν,
1409 1023 1497 1070 αλλ’
1517 1025 1592 1069 αιῖ-

143 1089 322 1144 θημερᾶν
346 1105 447 1143 προς
472 1087 589 1140 ηλίου
617 1085 770 1141 δυσμοῖς
786 1104 884 1128 κατα
903 1104 946 1128 το
968 1087 1021 1129 ἐν
1029 1091 1115 1135 ταῖς
1132 1087 1322 1138 ἱστορίαις
1341 1088 1440 1134 ζῶον
1460 1101 1590 1138 μονη-

142 1163 264 1216 μερον
285 1145 456 1200 θνήσκει
481 1146 622 1212 βιαίως
641 1161 766 1194 ουτως
787 1161 808 1186 ο
830 1142 975 1192 ὄῖθλιος
998 1146 1071 1197 τῆς
1093 1143 1242 1191 οἰκείας
1264 1144 1406 1190 κακίας
1424 1158 1492 1182 και
1515 1159 1592 1193 μα-

140 1201 343 1256 ταιότητος
377 1198 627 1256 δρεψάμενος
661 1198 756 1250 τούς
790 1198 990 1253 καρπούς,
1029 1199 1163 1253 μέχρις
1202 1196 1332 1240 αὐτοῦ
1358 1199 1518 1267 τρυγίου
1546 1195 1592 1239 τὸ

140 1257 263 1302 κόνδυ
287 1262 359 1300 τοῦ
383 1262 523 1311 ’θυμοῦ
545 1254 693 1299 ἐκπιων
722 1256 791 1298 καὶ
817 1255 859 1298 τὸ
884 1260 958 1308 τῆς
980 1253 1105 1310 ὀργῆς
1125 1257 1268 1323 κυρίου
1285 1252 1493 1307 ποτήριον,
1525 1253 1593 1295 καὶ

141 1315 447 1385 μεμεθυσμὲνου
473 1315 592 1355 θείου
623 1315 747 1366 ξυροῦ
775 1313 832 1361 εἷς
860 1317 1003 1366 πεῖραν
1029 1309 1175 1353 ἕλθων.
1233 1309 1458 1382 ἐπεστράφη
1478 1327 1551 1363 γαρ
1570 1309 1594 1352 o‘

139 1373 263 1423 πόνος
286 1369 414 1414 αι’του
439 1372 495 1420 είς
520 1367 703 1423 κεφαλην
733 1366 884 1415 αὐτοῦ,
915 1368 984 1409 καὶ
1014 1367 1080 1409 ἐπὶ
1110 1366 1297 1420 κορυφὴν
1317 1366 1389 1420 μὲν
1410 1367 1440 1420 ἦ
1456 1364 1593 1408 ἀδικία

139 1427 272 1471 αὐτοῦ
287 1429 457 1482 κατέβη,
485 1428 540 1475 εἰς
560 1424 715 1480 βόθρον
734 1423 774 1466 δ’
793 1423 841 1466 ὃν
862 1421 1069 1479 εἰργάσατο
1086 1423 1281 1470 πέπτωκε,
1312 1441 1380 1465 και
1401 1424 1472 1477 μία
1491 1439 1593 1477 μαρ-

137 1484 279 1540 τυρική
298 1486 409 1538 βολις
427 1485 482 1532 εἰς
500 1484 703 1535 ἐκδίκησιν
722 1480 863 1550 ἤρκεσε
882 1498 963 1522 των
983 1484 1141 1522 πολλων
1162 1481 1317 1522 ἐκείνου
1338 1497 1496 1531 κακων,
1523 1479 1592 1521 καὶ

138 1540 238 1596 αἷμα
263 1542 386 1595 ἐξέχεε
412 1543 568 1582 δίκαιον
591 1543 670 1580 τῶν
697 1535 870 1593 ἕγκατων
897 1534 1024 1579 αὕτοῦ
1046 1539 1206 1579 πολλῶν
1230 1534 1411 1588 αἴματων
1439 1533 1593 1578 α’δίκων

137 1597 370 1641 αντίπυνον.
425 1599 468 1635 in
500 1596 634 1635 codice
662 1598 850 1635 Vatioano
885 1597 963 1636 163
994 1596 1035 1632 in
1066 1596 1245 1645 margine
1275 1593 1462 1632 historiae
1483 1592 1592 1631 Cho-

137 1658 269 1695 niatae
295 1656 462 1708 legitur:
507 1648 624 1702 οὗτος
651 1651 757 1694 ἐστιν
787 1669 808 1693 ο
842 1647 991 1703 οἷσεβης
1020 1647 1334 1702 Σκυλοϊωαννης
1361 1649 1592 1702 ἔπικληθεις

136 1710 329 1766 υστερον,
359 1709 408 1753 ὃν
435 1707 593 1752 ἆνεῖλεν
619 1708 644 1750 o‘
662 1709 781 1762 μέγας
797 1705 1028 1761 Δημήτριος
1048 1705 1262 1759 προδήλως
1279 1722 1379 1747 κατα
1398 1709 1472 1775 τῆς
1491 1708 1591 1747 Θεσ-

137 1770 352 1822 σαλονίκης
375 1762 752 1835 ἐπιστρατεύσαντα,
786 1781 840 1834 ω,ς
861 1765 904 1805 ἐν
928 1768 1011 1812 τοῖς
1034 1763 1189 1804 ἐκείνου
1210 1760 1419 1831 θαύμασιν
1446 1759 1591 1830 αναγέ-

136 1842 318 1881 γραπται.
375 1831 414 1862 et
429 1825 533 1862 iufra
553 1819 782 1890 ασεβέστατε
796 1817 1029 1873 ανθρώπων
1047 1816 1357 1870 Σκυλοὶωᾶννης
1375 1817 1590 1886 Βούλγαρε,

136 1899 205 1923 και
231 1887 346 1928 ποῖος
375 1878 459 1933 θήρ
489 1875 730 1947 ἄγριωτατος
756 1880 919 1919 τοιαῦτα
946 1875 1172 1930 εἰργασατος
1201 1874 1258 1930 μή
1283 1873 1393 1930 εῧροι
1416 1874 1446 1928 ἦ
1465 1871 1589 1930 μιαρά

137 1952 211 1980 σου
235 1935 345 1991 ψυχὴ
370 1954 443 1988 τηι
466 1938 663 1988 τυχοῦσαν
685 1933 734 1975 οἶν
739 1947 821 1975 εσιν
841 1932 947 1974 ποτέ.
1004 1936 1107 1971 Am„

247 2009 287 2047 p.
315 1996 367 2036 27
396 2007 434 2031 v.
463 1996 503 2034 2.
563 1990 584 2032 ὅ
611 1990 654 2032 δὲ
681 1989 869 2044 Μιχαὴλ]
909 2003 1045 2028 causas
1073 2002 1231 2042 quoque
1258 1987 1370 2027 addit
1393 1989 1588 2040 Gregoras

134 2052 206 2090 lib.
230 2053 252 2092 1
275 2065 315 2103 p·
339 2053 389 2092 13
421 2051 487 2090 18.
544 2050 646 2087 Am„

247 2108 301 2145 ib.
338 2120 376 2144 v·
406 2109 474 2147 21.
533 2101 731 2158 ἐπηύξησε
758 2118 834 2156 την
875 2099 1002 2143 αυτοῦ
1039 2097 1191 2155 ἀρχήν]
1239 2101 1434 2153 Gregoras
1464 2100 1534 2138 lib.
1559 2102 1588 2141 2

130 2179 170 2218 p.
191 2164 271 2273 25Ρ
274 2166 342 2206 22.
399 2165 502 2200 Am„

275 2221 371 2261 ‚28
400 2233 439 2257 v.
468 2218 508 2259 4.
569 2216 670 2258 ἔνθα
702 2232 769 2256 και
807 2213 985 2268 Πέτρον]
1033 2227 1136 2252 anno
1167 2216 1273 2255 1216
1310 2213 1486 2251 Honorio
1515 2213 1589 2250 III.

132 2235 286 2330 pontif:
300 2278 417 2314 Rom.
436 2278 576 2314 Petrus
594 2273 659 2311 hic
676 2274 913 2311 Cortenaeus
939 2285 992 2309 ex
1023 2272 1165 2308 comite
1188 2269 1504 2308 Antisiodorensi
1524 2270 1589 2306 fa-

135 2341 219 2373 ctus
247 2335 460 2384 imperator
490 2332 740 2383 Cpolitauus‚
772 2328 912 2366 eadem
935 2327 1011 2364 hac
1032 2329 1179 2379 pagina
1204 2325 1348 2364 dicitur
1369 2327 1413 2363 in
1435 2326 1587 2377 praelio

134 2391 339 2429 confossus
365 2389 608 2427 occubuisse.
668 2393 707 2424 at
732 2387 928 2424 Antonius
957 2384 1160 2422 Bonfiuius
1193 2382 1480 2434 (Rer.Unga1-.
1503 2383 1588 2419 De·-

134 2446 221 2486 cad.
243 2449 268 2486 2
290 2445 360 2482 lib.
378 2443 431 2496 7)
460 2442 579 2483 tradit
608 2445 740 2494 ipsum
764 2456 806 2479 ln
832 2439 1036 2480 Theodori
1056 2438 1294 2492 Dyrrachini
1320 2440 1478 2490 tyranni
1500 2450 1586 2474 car-

133 2518 221 2542 cere
247 2501 355 2539 diem
380 2514 496 2539 suum
518 2502 685 2547 obiisse,
716 2500 798 2537 Iole
818 2499 975 2535 interim
993 2499 1075 2535 sive
1092 2498 1243 2534 Iolauta
1266 2496 1478 2546 imperium
1501 2495 1586 2532 eius

133 2559 446 2598 administrante.
504 2558 572 2595 alii
608 2559 651 2594 in
675 2530 913 2594 Thessaliae
946 2555 1111 2592 saltibus
1143 2559 1298 2604 praeter
1330 2550 1585 2589 iurisiurandi

133 2617 367 2667 religionem
392 2620 431 2651 et
451 2613 570 2652 fidem
590 2614 851 2664 interceptum
870 2612 1062 2658 scribunt,
1094 2616 1132 2646 et
1164 2615 1244 2646 toto
1275 2608 1434 2646 biennio
1458 2609 1500 2644 in
1522 2615 1585 2644 te-

130 2680 191 2710 tro
220 2670 482 2724 squalidoque
510 2683 662 2708 carcere
690 2671 898 2720 fatigatum
929 2680 974 2704 ac
1000 2679 1104 2717 pene
1125 2672 1307 2703 enectum
1327 2663 1489 2702 tandem
1509 2664 1582 2702 ob-

130 2735 355 2767 truncatum
377 2740 463 2764 esse
483 2739 585 2764 anno
609 2728 728 2767 1221.
764 2700 947 2762 ODOUSA.

243 2783 297 2822 ib·
322 2797 359 2821 v-
377 2786 416 2825 6.
475 2779 793 2836 ανηγορευμένον
820 2777 920 2829 πρὸς
946 2780 1019 2818 τοῦ
1046 2774 1183 2827 πᾶπα]
1213 2777 1346 2815 Latini
1373 2777 1580 2828 scriptores

133 2855 217 2879 rem
246 2842 360 2879 aliter
380 2845 559 2889 narrant,
588 2839 719 2876 ferunt
748 2836 947 2890 siquidem
970 2835 1155 2874 defuneto
1178 2835 1348 2873 Hem-ico
1368 2834 1580 2885 imperium
