1864 3242
555 148 952 195 ACROPOLITAM
984 147 1189 193 NOTAE.
1490 146 1588 193 233

161 262 337 314 «μαθεῖν
374 259 461 303 ἕκεῒ
488 257 541 314 δη
570 259 640 303 καὶ
667 255 918 314 φοιτήσαντι.
976 256 1026 297 de
1053 256 1195 298 eadem
1224 258 1391 297 Ioannes
1422 257 1590 296 Tzetzes

140 315 312 358 chiliad-
328 319 356 360 8
371 331 491 358 versu
507 317 605 361 951.
660 319 763 357 Au..

251 387 294 426 P·
283 377 407 417 ..23v
425 376 490 416 19.
535 371 611 426 τὴν
631 368 968 426 Φιλιππούπολιν]
994 370 1213 412 Choniata
1201 385 1244 410 ux
1261 368 1457 409 Balduino
1469 370 1593 407 Flan-

142 427 215 469 dro
237 443 279 483 Ρ.
299 432 381 472 829
414 432 454 471 1.
510 433 615 470 Au..

253 485 309 525 i1²·
330 500 371 525 V·
387 491 458 531 20.
514 489 557 526 in
580 486 657 526 hoc
678 483 992 542 ἆνδραποδισμω
1008 488 1092 527 ταῖν
1104 483 1305 537 Ῥωμαίων
1325 490 1364 521 et
1380 482 1599 521 miserabili

143 541 366 595 direptione
397 545 507 582 urbis
533 543 825 596 Philippopolis
855 543 982 596 (quae
1013 543 1062 580 ab
1091 540 1312 580 Alexandri
1332 541 1468 591 Magni
1488 546 1599 591 patre

141 612 288 638 nomen
313 603 463 652 accepit
493 607 532 638 et
558 598 826 652 incunabula)
856 600 1020 668 antiqui
1034 600 1243 650 scriptores
1267 611 1357 635 cum
1378 570 1601 647 Loogotheta

142 658 408 695 consentiunt.
465 658 570 695 inter
610 664 783 699 caeteros
817 658 928 695 testis
967 651 1167 707 αυτόπτης
1197 625 1462 692 Godefridu?
1471 653 1600 691 Ville-

141 712 395 763 narduinus,
423 712 709 752 mareschallus
731 714 992 764 campaniae,
1022 714 1070 751 V.
1091 714 1148 750 N:
1179 713 1233 749 ait
1255 712 1362 748 enim
1380 708 1600 747 Iohannem

142 770 324 808 Asanam
350 770 466 822 pulso
490 771 674 812 Reinerio
704 771 782 822 (an
804 768 983 821 Renato)
1014 767 1063 806 de
1086 766 1272 817 Utrecht‚
1303 768 1372 819 qui
1391 768 1474 804 eius
1491 766 1600 803 urbis

142 827 410 878 principatum
431 840 455 864 a
469 826 666 865 Balduiuo
685 828 923 878 imperatore
940 832 1156 878 acceperat,
1186 826 1316 876 ipsam
1337 822 1441 860 hanc
1463 823 1605 859 urbem

145 890 280 921 contra
306 881 429 922 fidem
454 882 589 922 datam
614 882 794 921 funditus
822 884 1030 931 evertisse,
1067 884 1188 934 inque
1215 881 1365 919 incolas
1389 880 1604 931 plusquam

143 939 349 978 barbarica
387 939 495 978 rabie
533 940 740 988 saeviisse,
779 940 1027 990 interemptis
1068 937 1278 976 crudeliter
1307 935 1603 987 archiepiscopo

143 996 476 1048 proceribusque,
506 1008 552 1034 ac
575 997 739 1034 caeteris
760 996 803 1032 in
827 996 1059 1033 servitutem
1077 993 1269 1032 abductis.
1326 995 1490 1031 DousA.

255 1065 299 1104 p·
317 1051 373 1093 24
392 1065 431 1091 v·
455 1054 519 1094 13.
575 1048 844 1104 κουφότερον]
877 1050 1070 1089 Chouiata
1089 1064 1130 1102 p.
1148 1052 1231 1092 812
1259 1051 1329 1091 20.
1386 1051 1491 1087 Am„

255 1107 311 1146 ib.
333 1121 374 1146 v.
399 1110 465 1150 16.
521 1106 795 1159 Βαλδουῗνον]
836 1106 1029 1146 Choniata
1060 1121 1101 1159 p.
1132 1105 1216 1148 814
1245 1109 1285 1147 3.
1343 1107 1400 1143 sic
1432 1105 1603 1143 vinculis

145 1171 330 1203 oneratus
354 1165 477 1215 longo
502 1171 680 1216 tempore
712 1164 890 1203 Ternobi
919 1165 1009 1202 fuit.
1069 1176 1160 1201 cum
1189 1169 1322 1200 autem
1346 1164 1530 1213 Aspietas
1551 1160 1603 1198 ad

145 1222 308 1260 Latinos
337 1219 566 1270 defecisset,
597 1224 765 1259 Ioannes
783 1222 845 1259 vir
863 1227 1014 1259 astutus
1034 1226 1072 1258 et
1094 1219 1228 1257 dolore
1246 1220 1289 1256 in
1311 1217 1395 1257 dies
1415 1221 1602 1269 ingrave-

145 1284 280 1316 scente
310 1290 413 1329 pene
441 1278 484 1314 in
509 1278 660 1315 rabiem
686 1284 818 1326 actus,
846 1276 1044 1315 Balduino
1064 1275 1205 1314 educto
1225 1289 1246 1312 e
1269 1288 1422 1312 carcere
1438 1273 1562 1326 pedes
1580 1287 1604 1311 a

146 1333 316 1386 genibus
345 1340 384 1371 et
414 1347 557 1372 manus
589 1347 612 1372 a
637 1332 811 1372 brachiis
839 1334 967 1372 securi
991 1333 1209 1384 amputari,
1241 1330 1384 1368 deinde
1403 1333 1538 1382 ipsum
1561 1332 1604 1367 iu

146 1391 297 1429 vallem
321 1391 570 1442 praecipitari
593 1391 728 1438 iubet3
764 1391 834 1427 ubi
859 1392 974 1427 tertio
1006 1388 1168 1426 demum
1197 1386 1260 1425 die
1285 1401 1375 1426 esca
1398 1388 1606 1426 volucrum

145 1447 426 1488 miserabiliter
442 1449 652 1499 expiravit.
709 1445 804 1484 hinc
824 1454 933 1498 patet
951 1452 1144 1498 quantum
1157 1445 1347 1482 fallantur
1366 1445 1395 1482 ii
1419 1445 1488 1496 qui
1509 1444 1607 1481 Bal-

148 1502 317 1541 duinum
344 1503 459 1541 fatali
487 1511 615 1542 morte
644 1503 859 1542 decessisse
887 1510 955 1540 aut
974 1504 1016 1540 in
1032 1503 1139 1540 bello
1157 1501 1410 1539 interfectum
1429 1499 1606 1539 tradunt.

148 1567 188 1598 et
206 1567 400 1613 quantum
418 1562 540 1611 garrit
555 1559 778 1598 Dorotheus
796 1560 1164 1607 Monembasiensis,
1196 1559 1265 1610 qui
1283 1571 1375 1595 eum
1392 1559 1434 1594 in
1447 1558 1606 1596 Oriente

146 1624 238 1669 post
253 1616 446 1654 tredecim
464 1630 587 1655 annos
607 1631 697 1655 cum
713 1624 910 1668 pugnaret
925 1615 1114 1654 adversus
1129 1613 1390 1653 Theodorum
1404 1615 1608 1652 Lascarim

149 1673 383 1711 defunctum
401 1674 557 1711 scribit:
583 1689 651 1714 και
671 1671 869 1722 ἐσύναξαν
887 1671 1071 1723 φούσατα
1090 1667 1231 1720 πολλά,
1254 1687 1322 1712 και
1337 1671 1485 1736 ἐπῇρεν
1504 1686 1607 1710 αντα

148 1728 174 1771 ὅ
204 1727 392 1782 βασιλευς
422 1745 444 1771 o
476 1725 743 1778 Βαλδουϊνος,
779 1729 848 1770 καὶ
879 1729 1068 1800 ἐπέρασεν
1099 1728 1156 1776 εἷς
1183 1743 1256 1780 την
1287 1722 1509 1778 ανατολήν,
1540 1725 1609 1766 καὶ

147 1784 298 1840 ἐπῆγεν
320 1786 377 1835 εἰς
391 1802 464 1838 την
487 1786 795 1838 Φιλαδέλφειαν,
826 1785 892 1826 καὶ
914 1784 1086 1838 ἐπολέμει
1107 1799 1202 1838 μετα
1225 1787 1299 1825 τοῦ
1317 1783 1510 1852 βασιλέως
1528 1785 1610 1823 τῶν

145 1841 366 1895 Ῥωμαίων,
406 1842 474 1883 καὶ
501 1840 691 1910 ἐμάχετον
726 1844 924 1911 δεκατρεῖς
955 1839 1147 1910 χρόνους,
1183 1839 1252 1882 καὶ
1284 1841 1369 1882 ἐκεῖ
1389 1837 1609 1888 ἀπέθανεν,

149 1898 218 1941 καὶ
251 1914 356 1947 τινες
382 1896 455 1951 μὲν
482 1896 677 1952 λέγουν”
654 1915 715 1940 οτι
738 1894 919 1940 ἀπέθανε
938 1898 1010 1940 τὸν
1028 1895 1168 1939 κοινὰν
1188 1894 1395 1945 θάνατον,
1426 1894 1538 1937 ἄλλοι
1565 1895 1610 1936 δὲ

148 1951 328 2008 λέγων’
314 1953 374 1996 ότι
396 1955 452 2004 εἰς
469 1953 539 1996 τὸν
557 1953 740 1996 θάνατον
758 1952 981 2007 ἐσκοτώθη.
1038 1955 1236 1993 Sabellius
1263 1967 1419 2006 quoque
1446 1952 1495 1990 de
1523 1953 1608 1990 eius

149 2019 276 2050 morte
306 2013 416 2050 varia
442 2011 563 2050 tradit
594 2013 664 2050 lib.
689 2015 714 2054 6
740 2011 919 2050 Ennead.
941 2014 990 2053 9:
1020 2010 1273 2057 Balduinus,
1304 2012 1376 2062 qui
1396 2016 1491 2060 post
1518 2009 1609 2060 By-

149 2069 328 2106 zantium
350 2082 378 2106 a
405 2069 539 2107 Gallis
558 2077 595 2107 et
618 2070 774 2107 Venetis·
794 2076 954 2120 captam
967 2069 1112 2120 suerat
1131 2069 1344 2118 imperator
1363 2066 1609 2111 declaratus,

147 2126 254 2163 intra
271 2139 425 2163 annum
443 2140 518 2177 quo
526 2127 619 2177 fitit
638 2127 800 2177 imperio
808 2127 960 2177 potitus
978 2127 1062 2163 vita
1080 2125 1254 2162 decessit.
1310 2131 1406 2161 sant
1422 2124 1493 2174 qui
1508 2124 1608 2160 scri-

149 2181 251 2220 hunt
266 2183 325 2220 ad
340 2182 682 2233 IIaclrianopolim
702 2184 851 2221 victum
876 2184 919 2219 in
939 2181 1111 2219 hostium
1126 2187 1357 2232 potestatem
1377 2181 1527 2218 venisse
1545 2186 1610 2216 al-

148 2252 226 2291 que
253 2240 298 2276 in
325 2238 498 2276 vinculi-5·
525 2246 646 2276 morte
669 2246 963 2290 consumptum,
992 2238 1068 2276 alii
1086 2238 1280 2289 Byzantii
1298 2237 1415 2274 aiunt
1424 2236 1521 2288 salo
1542 2236 1611 2273 de-

138 2295 350 2347 fimctum.
413 2294 524 2333 addit
541 2294 733 2336 Chouiata
750 2297 986 2334 lectissimos
1004 2296 1238 2332 Latinorum
1257 2294 1411 2345 equites
1430 2300 1468 2330 et
1487 2291 1612 2329 hastis

149 2350 354 2390 vibrandis
385 2353 560 2390 celebres
589 2366 635 2390 eo
663 2355 705 2390 in
732 2354 916 2390 conflictu
945 2350 1156 2400 cecidisse,
1198 2357 1238 2388 et
1271 2351 1392 2387 Pleae
1426 2351 1612 2386 comitem

149 2407 393 2456 Lodoicumt,
424 2408 726 2448 callidissimum
759 2410 912 2447 malum
943 2415 982 2446 et
1014 2409 1194 2446 omnium
1220 2409 1491 2445 Romanarum
1527 2406 1610 2442 cla—

151 2463 265 2503 dium
294 2465 468 2515 primum
498 2473 718 2515 auctorem,
761 2467 1017 2505 Venetiarmn
1043 2463 1186 2502 ducem
1208 2462 1459 2510 Dandulum,
1499 2461 1610 2499 clade

152 2523 351 2559 exercitus
379 2534 433 2558 ex
458 2522 702 2574 fugientib‘us
728 2525 904 2574 cognita,
935 2523 1069 2561 statIm
1091 2522 1290 2559 conversis
1311 2519 1459 2556 fraenis
1481 2520 1521 2555 in
1544 2532 1611 2554 ca-

147 2584 234 2616 stra
262 2590 493 2628 properasse
522 2586 562 2617 et
590 2581 830 2631 Byzantium
860 2578 1048 2627 rediisse,
1078 2578 1275 2615 intestinis
1299 2576 1395 2627 suga
1416 2582 1474 2612 tot
1492 2588 1614 2626 para-

151 2646 367 2684 sangariun
396 2636 519 2685 ruptis
548 2642 587 2673 et
615 2643 742 2674 scroto
777 2638 820 2674 in
854 2638 1096 2673 immensum
1125 2633 1355 2670 tumefacto.
1415 2633 1610 2683 Gregoras

152 2690 225 2729 lib·
251 2693 269 2731 1
294 2704 334 2742 p-
362 2690 411 2731 15
442 2693 509 2732 21.
567 2691 831 2744 Ephraemius
852 2692 1066 2744 Byzantius
1088 2692 1131 2731 iu
1153 2688 1369 2728 Chronico:

373 2744 394 2787 ὁ
415 2742 456 2786 δ’
475 2742 657 2799 ἀσμένως
680 2748 838 2789 ὂὲὁεκτο
862 2748 1075 2817 πρεσβείας
1095 2743 1250 2799 λόγους,

300 2855 311 2864 -
374 2801 442 2846 καὶ
458 2801 704 2858 συμμαχικὸν
725 2802 934 2847 Σκυθικόν
953 2801 1087 2858 λαβων
1107 2803 1262 2855 στῖφος,
