1864 3242
352 191 450 239 270
867 193 936 239 ζΙΝ
970 194 1264 240 GEORGIUM

352 299 421 351 qui
438 298 646 353 imperium
665 307 793 352 regat,
831 307 1034 340 nutantem
1050 303 1313 355 principatum
1331 309 1538 355 sustentet,
1575 318 1649 344 neo
1672 307 1780 346 oneri

351 355 487 404 cedat3
524 370 598 394 neo
624 359 750 408 aptior
774 358 969 396 indicatur
994 358 1186 397 Michaele
1212 360 1463 411 Palaeologo.
1518 361 1609 400 vido
1630 363 1779 413 Grego-

353 424 437 449 ram
456 418 494 449 et
510 411 745 452 Phrauzam.
800 413 1078 466 Pachymerius
1095 427 1250 468 quoque
1270 414 1378 454 hisce
1396 417 1521 467 fusius
1538 428 1623 458 rem
1642 431 1780 471 prose-

353 469 497 519 quitur.
553 471 654 506 Au..

463 536 503 574 Ρ.
523 525 603 567 167
628 538 667 563 v.
686 524 727 564 6·
784 519 835 565 ov’
853 520 927 576 γὰρ
950 525 1174 578 προσῆκον]
1208 524 1255 564 de
1281 525 1343 564 his
1369 527 1548 567 omnibus
1573 526 1664 567 vide
1681 528 1780 566 Gre-

352 591 488 629 goram
503 580 575 618 lib.
599 583 624 622 3
637 609 649 630 ,
691 585 730 617 et
752 581 820 632 qui
844 581 1058 632 Gregoram
1076 583 1280 631 exscribit,
1317 581 1538 622 Phrauzam
1551 584 1622 626 lib.
1646 587 1666 625 1
1688 596 1722 622 c.
1738 588 1779 655 3.

350 637 452 672 Am..

463 688 517 728 ib.
544 703 585 728 v.
614 690 654 731 9.
711 685 882 742 ὁλκάδα]
910 691 1022 730 navis
1044 693 1189 758 optime
1217 693 1412 732 confertur
1440 705 1532 733 cum
1557 708 1599 733 re
1624 694 1780 746 publica

351 758 422 782 seu
445 746 632 797 imperio,
661 747 895 797 gubernator
914 759 1002 785 cum
1024 749 1221 799 principe,
1251 762 1364 787 curae
1384 750 1520 788 turbae
1537 753 1696 802 negotia
1714 763 1780 792 se-

352 800 520 840 ditiones
543 809 721 853 tempora
746 801 864 840 dubia
883 816 972 840 cum
991 805 1151 842 marinis
1171 805 1372 854 fluctibus,
1411 807 1514 844 cives
1535 819 1625 844 cum
1647 812 1781 846 vecto-

349 857 471 899 ribus.
527 856 849 909 Theophylactus
868 859 1078 896 Simocatta
1096 862 1257 898 Mauric.
1283 859 1375 900 hist.
1400 862 1470 899 lib.
1498 865 1518 903 1
1541 862 1782 914 c.1:2o1M-

346 928 426 952 υου
453 911 552 968 λόγῳ
577 911 650 965 τήν
678 914 880 963 ἐξουσίαν,
918 917 1135 970 φιλοσοφίᾳ
1171 913 1215 957 τό
1253 913 1398 969 κράτος
1433 913 1614 966 ommes.
1647 904 1780 956 Cicero

349 970 477 1019 Epist.
499 969 550 1007 ad
569 972 614 1017 Q.
635 970 903 1008 Cornificium.
937 971 1203 1021 quamobrem,
1222 974 1278 1009 mi
1302 973 1460 1021 Quinte,
1482 973 1690 1012 conscende
1707 987 1780 1011 no·-

352 1024 502 1062 hiscum
539 1032 576 1062 et
609 1025 764 1076 quidem
797 1026 855 1064 ad
877 1028 1063 1076 puppim.
1124 1041 1205 1064 una
1241 1030 1356 1065 navis·
1385 1035 1440 1065 est
1471 1029 1554 1067 iam
1594 1029 1781 1067 bonorum

346 1082 543 1127 omnium,
583 1095 704 1132 quam
730 1082 887 1133 quidem
913 1095 983 1119 nos
1009 1083 1152 1119 damas
1175 1097 1332 1133 operam
1357 1090 1403 1120 ut
1421 1091 1547 1126 tutam
1565 1091 1778 1123 teneamus:

352 1138 505 1174 utinam
522 1150 708 1188 prospero
730 1151 862 1175 οιινειι.
922 1137 992 1175 sed
1009 1151 1239 1189 quocunque
1265 1141 1372 1176 venti
1396 1146 1525 1185 erunt,
1554 1153 1622 1181 ars
1647 1148 1780 1178 nostra

350 1199 456 1229 certa
476 1206 555 1229 non
573 1193 703 1230 deerit.
764 1195 861 1229 etin
878 1193 1085 1230 Sextiana:
1116 1195 1231 1230 navis
1256 1196 1314 1230 rei
1330 1194 1518 1244 publicae
1533 1195 1708 1244 fluitans
1737 1197 1781 1234 in

350 1249 430 1285 alto
457 1247 745 1297 tempestatibus
772 1248 1005 1284 seditionum
1032 1255 1067 1284 et
1094 1249 1390 1286 discordiarum.
1451 1257 1490 1288 et
1510 1251 1551 1287 iu
1569 1252 1779 1290 Pisonem:

350 1305 422 1355 qui
441 1305 623 1341 maximis
641 1302 864 1340 turbinibus
883 1317 932 1340 ac
949 1303 1146 1353 fluctibus*
1176 1306 1234 1342 rel
1255 1305 1443 1355 publicae
1470 1307 1605 1343 navim
1632 1306 1780 1358 guber-

349 1373 516 1396 nassem.
577 1358 778 1397 Choricius
798 1357 982 1410 Sophiste.
1014 1362 1185 1398 oratioue
1204 1367 1360 1411 peracta
1383 1363 1426 1398 iu
1445 1363 1679 1414 Procopium
1698 1364 1779 1401 Ga·-

348 1425 509 1452 ·:zaeum
540 1430 647 1467 ομως
663 1411 847 1466 ἀπῆλθεν
864 1431 884 1455 ο
904 1415 1177 1467 Δημοσθένης,
1207 1416 1274 1456 καὶ
1293 1416 1449 1469 προσέτι
1468 1418 1584 1471 βιαίῳ
1603 1415 1778 1486 θανάτῳ,

348 1470 416 1511 καὶ
435 1469 508 1522 τήν
521 1467 746 1538 Ἀθηναίων
765 1467 885 1522 τύχην
904 1470 1166 1522 σαλευομένην
1185 1471 1407 1513 καταλιπων
1425 1474 1540 1525 δίκην
1555 1489 1654 1522 νεως
1673 1490 1780 1527 περι-

349 1526 586 1578 κλυζομένης
609 1522 766 1579 ἀνέμων
790 1541 829 1566 τε
850 1527 919 1581 βίᾳ
940 1543 1006 1567 και
1029 1525 1209 1580 συγχύσει
1229 1525 1425 1580 κυμάτων.
1481 1528 1502 1570 ὁ
1519 1527 1562 1569 δὲ
1578 1527 1652 1581 τὴν
1673 1530 1779 1583 ἐνεγ-

348 1586 500 1623 κοῦσαν
527 1579 687 1634 ἆφηκεν
720 1583 776 1630 εἰς
802 1579 964 1634 ἀσφαλῆ
991 1597 1032 1622 τε
1050 1583 1118 1623 καὶ
1137 1583 1259 1637 μέγαν
1282 1583 1540 1636 ορμιζομὲνηγ
1561 1584 1697 1637 λιμένα
1714 1585 1781 1627 τὸν

349 1638 468 1691 ἱερέα.
525 1638 595 1676 sed
614 1640 789 1676 omnium
804 1640 949 1689 optime
966 1645 1089 1691 atque
1100 1640 1388 1690 elegantissime
1406 1641 1535 1678 turbas
1553 1653 1599 1678 ac
1617 1641 1781 1679 seditio-

348 1707 419 1732 nes
439 1695 495 1732 rei
510 1695 691 1746 publicae
710 1696 903 1746 expressit
918 1695 1106 1733 Alcaeus.
1145 1711 1186 1735 το
1207 1694 1277 1743 μὲν
1295 1712 1370 1749 γαρ
1391 1695 1508 1737 ἔνθεν
1528 1699 1634 1763 κῦμα
1650 1699 1782 1737 κυλίν-

346 1751 477 1797 δεται,
512 1766 555 1791 το
582 1748 622 1790 δ’
645 1750 776 1791 ἔνθεν.
834 1747 961 1802 α’μμες
983 1746 1023 1790 δ’
1050 1747 1098 1790 ἂν
1125 1766 1166 1790 το
1196 1750 1339 1801 μέσσον
1367 1753 1438 1792 ναῒ
1461 1748 1674 1804 φορήμεθα
1706 1750 1781 1793 συν

347 1807 514 1861 μελαίιᾳ
540 1808 701 1858 χειμῶνι
728 1809 968 1857 μοχθεῦντες
988 1802 1139 1873 μεγάλω
1161 1803 1303 1846 κάλων.
1359 1805 1432 1876 πὲρ
1459 1806 1532 1858 μὲν
1548 1823 1622 1860 γαρ
1644 1807 1783 1856 ὄὶντλος

349 1861 559 1902 ἱστοπὲδαν
577 1862 675 1913 ἔχει,
713 1865 857 1912 λαῖφος
879 1859 921 1902 δὲ
940 1865 1021 1902 πᾶν
1041 1859 1207 1912 ζαδηλον
1228 1859 1328 1914 ἤδη,
1363 1863 1431 1903 καὶ
1448 1865 1601 1910 λακίδες
1619 1860 1781 1916 μεγάλαι

347 1914 437 1958 κατ’
461 1913 566 1958 azimi.
603 1920 739 1969 χαλᾶσι
759 1915 801 1957 δ’
821 1933 998 1970 αγκυραι,
1044 1918 1196 1969 (Alcaei
1216 1919 1479 1970 fragmentum
1499 1918 1590 1957 dedi
1609 1921 1656 1957 ab
1678 1922 1779 1958 Her-

346 1987 490 2011 manno
507 1975 635 2011 Elem.
657 1972 779 2011 doctr.
800 1981 913 2011 metr.
933 1987 973 2024 Ρ.
997 1973 1111 2024 688).
1167 1976 1267 2012 Ant..

458 2043 498 2080 p.
526 2031 601 2070 168
618 2043 655 2067 v-
675 2030 741 2069 11.
799 2027 1035 2081 ξυμπάντων
1064 2028 1107 2069 δὲ
1134 2030 1175 2070 οἱ
1199 2025 1428 2082 ὀφθαλμοὶ]
1460 2031 1648 2081 Gregoras
1665 2044 1706 2081 p.
1725 2034 1779 2072 70

350 2088 416 2126 16.
474 2092 575 2122 artes
595 2087 726 2122 etiam
753 2085 876 2136 ipsius
907 2085 957 2122 ad
981 2085 1252 2136 occupandum
1268 2087 1479 2136 imperium
1500 2087 1651 2138 (neque
1673 2088 1779 2123 enim

348 2142 422 2178 soli
449 2143 616 2178 aliorum
642 2141 840 2178 lubentiae
866 2154 950 2179 rem
975 2141 1250 2191 commisisset)
1270 2143 1395 2180 fusius
1419 2144 1602 2193 exprimit
1621 2141 1779 2194 Pachy-

347 2199 493 2234 merius
508 2198 577 2234 lib.
607 2200 643 2237 1.
697 2198 800 2234 Am..

458 2266 498 2302 Ρ.
521 2254 598 2292 169
620 2265 656 2289 v.
677 2252 744 2292 15.
801 2250 866 2291 καὶ
883 2254 1018 2303 πρῶτα
1038 2249 1131 2302 μὲν]
1164 2253 1353 2303 Gregoras
1372 2266 1411 2303 p.
1431 2255 1479 2292 71
1511 2255 1550 2293 2-
1608 2265 1660 2288 ex
1680 2252 1780 2289 Gre-

348 2320 443 2358 gora
463 2320 532 2345 sua
553 2306 755 2357 descripsit
775 2306 966 2344 Phranza.
1023 2307 1302 2359 Pachymerius
1326 2307 1582 2344 nihilomiuus
1606 2309 1779 2358 primum

347 2377 440 2400 eum
469 2361 521 2400 ad
551 2364 686 2412 magni
713 2361 834 2399 ducae
865 2364 1037 2399 officium
1066 2371 1243 2400 evectum
1269 2362 1386 2400 tradit
1410 2364 1478 2399 lib.
1504 2366 1523 2403 1
1556 2376 1596 2413 p.
1629 2366 1680 2404 67
1716 2366 1776 2404 16.

348 2418 545 2471 quomodo
562 2425 697 2470 postea
721 2431 772 2454 ex
788 2430 931 2467 magno
953 2418 1051 2455 duca
1070 2418 1254 2469 despotae
1274 2418 1504 2468 dignitatem
1526 2417 1710 2466 induerit,
1741 2426 1779 2455 et

347 2482 432 2512 tum
459 2474 710 2512 adversorum
739 2480 825 2510 tum
851 2474 1126 2511 favorabilium
1152 2487 1356 2524 procerum
1388 2475 1599 2511 sententias
1624 2480 1662 2510 et
1684 2487 1778 2510 con-

350 2532 578 2568 certationes
598 2532 639 2566 in
662 2530 777 2580 pleno
802 2535 951 2576 senatu,
982 2530 1048 2565 ubi
1066 2531 1325 2566 intervenerat
1347 2535 1385 2567 et
1399 2528 1618 2580 patriarcha
1637 2536 1675 2566 et
1697 2530 1778 2566 cle-

349 2599 436 2634 rus,
467 2587 664 2623 fusissime
685 2586 932 2636 prosequitur
951 2583 1231 2635 Pachymerius
1252 2585 1320 2622 lib.
1344 2587 1367 2625 1
1389 2598 1422 2622 c.
1440 2588 1509 2627 29.
1565 2587 1666 2622 Ant..

459 2641 512 2678 ib.
537 2655 574 2679 v.
598 2643 663 2682 16.
695 2638 835 2693 μικρόν
853 2655 890 2679 τι
907 2636 1031 2691 πάνυ]
1053 2642 1244 2690 Gregoras
1261 2654 1300 2691 p.
1321 2643 1373 2682 78
1402 2643 1440 2681 1.
1473 2641 1618 2678 similia
1634 2639 1779 2677 habent

349 2696 527 2734 Pht-anza
549 2711 582 2734 c.
603 2697 641 2745 4,
670 2695 948 2747 Pachymerius
966 2710 1006 2747 p.
1025 2699 1077 2744 97
1108 2698 1148 2736 2.
1206 2698 1312 2733 Au..

460 2766 499 2804 p.
522 2755 599 2794 170
615 2766 654 2790 v.
673 2754 711 2792 6.
770 2752 870 2792 ἔνθα
890 2750 996 2804 παροέ
1012 2754 1083 2791 τοῦ
1100 2749 1353 2804 πατριάρχου]
1371 2751 1595 2802 Acropolita
1609 2751 1778 2801 plurima

350 2810 390 2845 in
412 2807 487 2846 hoc
504 2810 662 2859 negotio
683 2809 837 2846 silentio
855 2809 1148 2859 praetermittit,
1178 2820 1228 2844 ne
1248 2807 1436 2846 invidiam
1457 2820 1527 2845 suo
1546 2807 1684 2862 conflet
1700 2807 1778 2842 Pa-
