1924 3242
0 0 152 63 Quum
164 0 202 16 cf·
236 0 238 2 ·

0 51 2 75 ζ
18 45 55 73 h«
68 71 70 75 ,
86 42 118 77 1<b
134 47 135 50 ’

742 221 997 267 ANNALES.
1538 223 1603 271 83

155 330 308 380 τούτων
329 327 400 377 οὖν
419 330 607 376 ἁπάντων
624 330 746 392 χάριν
761 335 812 377 τὰ
831 334 962 378 πολλὰ
980 338 1060 378 τῶν
1076 334 1296 392 λεγομένων
1313 333 1603 389 καταλιπόντας

155 403 226 455 ἐπ’
251 400 373 446 adrev
394 402 477 460 χρὴ
506 403 605 445 ἰέναι
625 404 692 445 καὶ
715 402 812 454 τούς
833 403 1004 458 αὐχένας
1022 402 1233 447 ὖποκλῖναι
1252 409 1311 464 τῷ
1330 409 1402 461 τῆς
1421 407 1603 457 δουλείας

157 473 285 530 ζυγῷ·
312 471 493 529 χρηστὸς
509 471 587 528 γὰρ
610 469 631 514 ὃ
651 471 766 528 ζυγὸς
782 475 862 514 τῶν
882 474 1088 529 φρονίμων
1106 474 1304 528 βασιλέων
1327 476 1395 516 καὶ
1412 479 1602 532 γηραιῶν,

136 541 224 585 ,καὶ
243 543 381 599 πολλῷ
397 538 642 598 κουφότερος
656 544 736 583 τῶν
762 539 818 583 ἔτι
842 539 1127 583 διατελούντων
1149 543 1190 584 ἐν
1209 542 1411 600 μείραξι.”
1479 543 1600 586 ταῦτ’

121 608 325 666 ὗεῖρηκώς
343 609 498 654 πέπεικε
516 607 670 660 πάντας
687 609 855 665 ἀμογητὶ
881 610 948 651 καὶ
975 612 1135 651 πολλῶν
1156 609 1249 667 ἄτερ
1272 608 1518 667 πραγμάτων
1536 628 1604 668 γε-

153 677 300 720 νέσθαι
327 681 401 720 τοῦ
420 678 631 731 βασιλέως.
698 679 765 720 καὶ
801 677 851 733 δὴ
883 677 1067 735 πρέσβεις
1100 677 1213 727 τινὰς
1243 683 1324 721 τῶν
1359 681 1602 723 συνεποίκων

154 746 390 798 στείλαντες,
408 744 514 800 τάχα
533 746 607 800 μὲν
623 744 773 804 κρύφα,
792 749 946 801 μᾶλλον
960 746 1003 788 δὲ
1014 746 1328 801 γινωσκομένους
1338 754 1422 797 τοῖς
1436 749 1602 800 πλειόσι,

154 813 378 868 συμβάσεις
405 814 509 868 μετὰ
535 818 610 856 τοῦ
635 815 836 868 βασιλέως
867 815 1111 869 πεποίηνται.
1174 811 1478 872 χρυσόβουλλος
1507 820 1604 872 γοῦν
1626 827 1657 862 c

153 886 213 941 τῷ
230 886 396 937 βασιλεῖ’
409 886 490 925 τῶν
509 882 716 939 ᾗτημένων
738 884 852 940 σφίσι
876 882 1154 940 περιληπτικὸς
1177 884 1430 938 γεγενημένος
1449 886 1527 938 καὶ,
1539 886 1604 927 δε-

101 951 324 1009 1οδομένος
350 956 435 1000 τοῖς
466 951 654 1007 πρέσβεσι
675 958 759 1001 τοῖς
778 955 852 994 τοῦ
871 953 1098 994 Μελενίκου
1121 951 1396 1006 ἀποσταλῆναι
1416 968 1605 1009 προσετε-

151 1017 265 1072 τάχει
287 1016 504 1075 οῗκήτορσι.
571 1020 638 1061 καὶ
657 1019 695 1061 οἳ
712 1020 805 1074 μετ’
829 1019 876 1062 οὗ
901 1019 1002 1062 πολὺ
1025 1017 1292 1074 ὁμοθυμαδὸν
1313 1019 1459 1071 πάντες
1473 1037 1605 1064 συνει-

151 1087 345 1143 λεγμένοι,
379 1085 467 1129 ὅσοι
487 1103 530 1130 τε
551 1091 632 1130 τῶν
652 1086 922 1145 προυχόντων,
956 1086 1043 1130 ὅσοι
1063 1092 1144 1130 τῶν
1164 1089 1205 1130 ἒν
1225 1090 1413 1149 στρατείᾳ
1430 1094 1607 1132 κατειλε-

149 1155 306 1213 γμένων
326 1156 393 1198 καὶ
413 1153 502 1198 ὅσοι
524 1157 726 1212 κρείττους
748 1156 864 1200 ἄλλοι
885 1161 966 1199 τῶν
989 1155 1220 1213 οἰκητόρων,
1254 1157 1355 1214 πρὸς
1384 1157 1455 1200 τὸν
1485 1163 1607 1211 βασι-

151 1223 224 1266 λέα
245 1223 437 1281 ἀφίκοντο
446 1255 462 1276 ,
496 1222 764 1279 σκηνούμενον
784 1227 872 1282 περὶ
893 1223 1015 1267 τόπον
1036 1226 1261 1279 Λαβίσὸαν
1282 1224 1388 1268 οὕτω
1409 1243 1495 1276 πως
1518 1226 1609 1269 ὄνον

99 1301 142 1339 15
152 1290 398 1347 μαζόμενον,
446 1290 588 1348 ἄνδρες
618 1293 820 1343 εὐσταλεῖς
847 1311 890 1336 τε
912 1297 980 1336 καὶ
1004 1292 1154 1347 ἴντιμοι
1176 1293 1252 1335 κάκ
1271 1292 1398 1348 μόνης
1419 1295 1523 1344 θέας
1545 1296 1611 1336 αἶ-

153 1362 249 1411 δοῦς
268 1362 335 1402 καὶ
353 1363 472 1415 τιμῆς
493 1358 618 1412 ἄξιοι,
659 1359 759 1418 ὑπὲρ
783 1362 1065 1410 πεντακοσίους
1081 1359 1361 1416 τυγχάνοντες·
1397 1361 1467 1412 οῦς
1489 1361 1611 1412 αὐτὸς

147 1427 320 1486 Ῑεῖρήκειν
342 1427 440 1471 ῗὸών
460 1426 587 1470 ι(ποία
608 1427 836 1483 ὃπλομαχία
854 1427 948 1484 ἡμῖν
971 1428 1118 1479 αὐτοὺς
1135 1427 1441 1486 παρεστήσατο,·
1479 1429 1506 1485 ἢ
1530 1429 1607 1473 πό·
1628 1437 1661 1472 D

150 1514 220 1540 σαι
253 1495 457 1554 φάλαγγες
489 1497 638 1539 ἱππέων
666 1502 746 1540 τῶν
777 1496 979 1540 τοσούτων
1007 1498 1305 1554 περιεγένοντο,·
1346 1498 1441 1540 ἀλλ’
1477 1500 1518 1540 ἓν
1551 1503 1610 1558 τῷ

150 1566 342 1622 κρείττονι
375 1564 506 1624 ῥᾷστα
538 1567 605 1607 καὶ
638 1566 691 1608 τὰ
721 1571 870 1623 μικροῦ
905 1568 986 1608 δεῖν
1025 1566 1316 1623 ἀνεπιχείρητα.
1392 1566 1611 1610 κάντεῦθεν

93 1635 274 1689 Ξοδῆλον
297 1630 353 1683 ὥς
373 1633 526 1687 ἀληθές
543 1634 626 1676 ἔστι
647 1634 693 1676 τὸ
711 1638 770 1692 τῷ
790 1633 1002 1692 ἀποστόλῳ
1024 1633 1184 1692 Παύλῳ
1209 1634 1438 1691 εἴρημένον,
1469 1636 1516 1677 οὗ
1537 1640 1611 1678 τοῦ

149 1703 360 1759 τρέχοντος
385 1701 571 1744 οὐδὲτοῦ
591 1700 817 1754 διώκοντος,
853 1702 958 1745 ἀλλὰ
978 1706 1052 1745 τοῦ
1072 1703 1331 1753 εὐδοκοῦντος
1348 1703 1495 1746 θεοῦ.”
1551 1707 1612 1762 τῷ

148 1787 212 1813 τοι
246 1771 313 1812 καὶ
342 1769 413 1812 τὸν
442 1770 666 1827 στρατηγὸν
699 1771 746 1812 οὖ
777 1773 842 1813 δεῖ
862 1769 1033 1825 πάμπαν
1052 1771 1223 1813 ἐπαινεῖν
1245 1770 1333 1813 οὕτε
1355 1771 1437 1826 μὴν
1457 1771 1610 1827 ψέγειν.

144 1837 280 1880 ’πολλὰ
299 1836 377 1895 γάρ
397 1854 500 1891 τινες
518 1837 847 1895 διαγωνισάμενοι
867 1840 1098 1889 σπουδαίως
1112 1855 1155 1882 τε
1174 1840 1242 1881 καὶ
1262 1837 1473 1892 συντόνως,
1507 1842 1608 1897 δρα-

149 1904 388 1963 στικώτερον
418 1913 503 1957 τοῖς
533 1911 707 1964 παροῦσι
725 1906 995 1965 χρησάμενοι,
1030 1908 1175 1964 μικρὸν
1194 1906 1222 1962 ἢ
1245 1907 1361 1950 οὐδὲν
1382 1907 1609 1965 κατωρθώ-

241 2037 285 2072 10
305 2034 568 2081 προπεφθάκει
577 2036 597 2071 7

147 2150 241 2185 lenta
254 2148 290 2184 iu
304 2160 414 2195 pauca
428 2149 641 2184 conferentes
656 2148 699 2183 ad
716 2159 791 2183 eum
806 2159 982 2184 recurrere
995 2148 1156 2184 debemus
1169 2176 1179 2193 ,
1203 2149 1289 2184 colla
1302 2148 1351 2183 illi
1365 2150 1482 2184 nostra
1496 2149 1607 2184 servi-

147 2199 224 2230 tute
239 2195 422 2230 constituta
436 2195 604 2230 addicere.
650 2195 836 2239 sapientum
863 2206 1004 2240 namque
1027 2207 1142 2240 regum
1169 2207 1209 2229 ac
1233 2206 1348 2230 senum
1373 2195 1486 2239 iugum
1501 2206 1608 2230 suave

149 2245 215 2287 est,
233 2241 403 2287 multoque
417 2241 526 2275 levius
539 2251 637 2286 quam
652 2241 833 2275 infantium.
843 2237 864 2252 '’
910 2242 962 2275 his
977 2241 1048 2275 sine
1063 2242 1128 2275 ullo
1145 2242 1261 2275 labore
1276 2252 1317 2275 ac
1333 2241 1486 2275 molestia
1500 2241 1608 2275 omni-

149 2287 214 2321 bus
233 2287 340 2321 euasit
365 2292 402 2322 ut
424 2287 638 2332 imperatoris
661 2293 777 2332 partes
801 2292 1033 2331 sequerentur.
1081 2298 1186 2332 quere
1212 2298 1255 2320 ex
1279 2286 1409 2320 civibus
1431 2287 1607 2321 nonnullos

150 2331 235 2366 clam
250 2333 394 2377 quidem,
418 2337 456 2367 ut
474 2332 594 2366 videre
610 2339 683 2366 erat
695 2358 705 2375 ‚
719 2333 791 2366 -sed
808 2333 960 2377 plurimis
974 2337 1087 2367 tamen
1103 2332 1257 2377 cognitos
1271 2332 1410 2375 legant,
1434 2337 1468 2366 et
1482 2332 1515 2366 in
1531 2334 1607 2366 foe-

150 2377 213 2411 dus
232 2389 305 2412 cum
319 2378 522 2424 imperatore
537 2383 669 2412 coeunt.
715 2383 751 2412 et
769 2379 860 2412 bulla
878 2389 980 2412 aurea
992 2404 1003 2420 ‚
1026 2390 1094 2423 qua
1112 2391 1166 2412 res
1180 2382 1297 2422 gestae
1312 2377 1607 2419 describebantur,

149 2433 214 2468 per
234 2423 368 2458 eosdem
392 2424 523 2468 legatos
546 2424 759 2469 imperatoris
783 2424 874 2458 iussu
899 2424 942 2457 ad
958 2424 1114 2458 Melenici
1141 2424 1293 2457 defertur
1316 2423 1427 2468 cives,
1466 2424 1523 2468 qui
1539 2435 1607 2457 una

150 2479 265 2502 omnes
278 2468 392 2510 simul,
414 2471 488 2504 sive
503 2481 546 2504 ex
559 2470 760 2524 primoribus
777 2469 850 2503 sive
864 2469 1003 2504 militiae
1019 2469 1174 2515 ascriptis
1190 2468 1263 2503 sive
1279 2469 1517 2503 celebrioribus
1533 2469 1607 2503 sive

151 2513 253 2548 etiam
268 2514 528 2560 habitatoribus,
561 2527 596 2550 m
618 2526 719 2549 unum
744 2516 975 2561 conspirantes
997 2516 1039 2550 ad
1061 2516 1296 2560 imperatorem
1319 2514 1408 2559 apud
1428 2515 1605 2548 Labisdam

149 2560 276 2603 (locum
291 2559 341 2593 sic
356 2570 399 2605 ap
425 2560 544 2605 ellant)
571 2567 830 2596 commorantem
845 2561 909 2595 viri
926 2561 1048 2607 compti
1065 2572 1105 2594 ac
1123 2561 1251 2595 nobiles
1268 2564 1303 2594 et
1319 2571 1360 2593 ex
1375 2561 1447 2603 solo
1464 2566 1606 2605 aspectu

148 2605 335 2639 venerandi
350 2615 391 2639 ac
402 2572 584 2641 bonoribus
599 2607 690 2651 digni
707 2619 809 2652 supra
825 2607 1028 2652 quingentos
1043 2607 1217 2641 festinant.
1252 2610 1291 2640 ut
1306 2605 1380 2650 ipse
1396 2617 1455 2641 eos
1470 2606 1537 2640 vidi
1556 2606 1605 2640 ita

148 2651 281 2688 locutus
300 2661 382 2684 sum.
403 2647 596 2697 “quaenam
610 2653 706 2687 nobis
724 2664 891 2687 armorum
906 2654 1043 2697 fulgura
1057 2652 1147 2686 viros
1164 2652 1311 2695 subegit,
1338 2655 1396 2685 aut
1411 2656 1496 2697 quot
1511 2651 1606 2698 equi-

148 2702 218 2731 tum
236 2696 424 2743 phalanges
441 2702 495 2731 tot
508 2697 734 2733 devicerunt?
759 2699 818 2733 sed
842 2698 986 2732 melioris
1010 2697 1178 2743 praesidio
1203 2697 1360 2731 facillime
1387 2702 1423 2731 et
1446 2709 1531 2742 quae
1547 2697 1605 2730 vix

148 2753 292 2787 unquam
314 2742 403 2776 vinci
422 2746 578 2787 poterant
593 2743 816 2778 debellantur.
863 2745 940 2778 hinc
962 2744 1171 2778 verissimum
1192 2746 1245 2777 est
1264 2742 1362 2776 Pauli
1386 2742 1528 2788 apostoli
1552 2742 1605 2774 di-

148 2793 240 2822 ctum
250 2815 260 2831 ,
284 2799 351 2821 non
366 2798 442 2822 esse
457 2790 621 2823 currentis
637 2801 748 2835 neque
762 2789 1014 2835 persequentis»,
1047 2789 1106 2822 sed
1120 2788 1210 2822 illius
1226 2788 1278 2822 cui
1295 2788 1376 2822 deus
1390 2787 1604 2832 beneplacito

148 2844 212 2876 auo
227 2829 473 2869 concesserit.”
518 2840 700 2880 propterea
714 2835 816 2869 duces
831 2835 1033 2869 exercituum
1049 2844 1157 2879 neque
1172 2833 1328 2868 laudandi
1344 2845 1452 2878 neque
1467 2833 1603 2877 vitupe-

147 2879 244 2914 randi
258 2883 348 2916 sunt.
395 2878 490 2916 multi
505 2890 648 2926 namque
662 2880 842 2926 diligenter
856 2892 898 2916 ac
913 2880 1101 2926 prudenter
1116 2883 1307 2922 certantes,
1331 2879 1409 2912 dum
1425 2878 1601 2913 animosius
