1872 3236
495 182 867 228 COMPENDIUM
895 181 1240 234 CHRONICUM.
1485 175 1582 228 219

264 295 417 356 ἔλεγχοι
433 296 511 355 γὰρ
531 295 587 348 ὥς
605 293 800 352 μώλωπες
821 297 894 340 εἶσὶ
915 303 999 348 τοῖς
1015 296 1189 352 ἀσεβέσι,

131 366 241 411 5125
263 369 330 410 καὶ
346 364 585 422 πλήττουσιν
599 363 656 416 ὥς
669 365 842 419 βέλεμνα
861 364 937 415 τὰς
956 364 1236 422 φαυλουργοῦς
1257 366 1438 423 καρδίας.

268 434 291 478 ὃ
307 436 470 493 Καῖσαρ
488 434 566 491 γὰρ
586 434 866 491 ἐκπικρανθεὶς
887 439 971 483 τοῖς
986 433 1283 490 ὄνειδιστηριόις

262 501 456 558 Ῥήμασιν
476 501 537 553 οἷς
556 502 773 557 ἐπέπληκτο
795 501 907 558 παρὰ
923 504 997 543 τοῦ
1013 500 1236 558 θεοφόρου,

266 571 315 615 οὗ
329 569 454 626 μόνον
470 571 542 614 οὔκ
565 569 766 629 ἐφρόντιζε
787 574 869 613 τῶν
890 571 1220 627 παραινετηρίων,

266 639 372 682 ἀλλὰ
390 642 457 683 καὶ
478 638 595 683 κότον
610 639 748 697 ἔτρεφε
770 637 874 682 κατὰ
892 642 966 681 τοῦ
981 641 1285 694 παραινοῦντος,

130 706 243 751 5130
258 707 403 763 ὅμοιον,
420 710 528 764 δρῶν
550 707 606 759 ὡς
622 708 775 758 εἶ’τινες
793 705 949 764 ἰχώρων
967 705 1232 761 πεπλησμένοι

265 783 546 831 νοσοκομοῖντο
567 775 668 834 πρός
683 793 815 828 τινος,
846 776 883 818 οἱ
901 775 942 818 δ’
965 775 1276 818 ἅποδυσπετοῖεν

266 846 334 888 καὶ
351 849 507 900 μᾶλλον
528 845 794 902 ἄγριαίνοιντο
816 844 919 900 πρὸς
933 844 1003 887 τόν
1025 843 1318 899 εὐεργετοῦντα.

263 911 379 956 ἔνθεν
394 929 458 956 τοι
474 911 644 971 Βάρδας
659 911 900 970 προσελθών
917 929 1010 955 ποτε
1031 918 1115 962 τοῖς
1133 912 1370 969 μυστηρίοις

264 983 332 1028 καὶ
353 981 412 1037 μὴ
432 981 564 1037 τυχῶν
582 987 654 1037 τῆς
674 984 828 1038 δωρεᾶς
849 982 998 1036 ἐκείνης
1011 984 1083 1035 τῆς
1105 980 1246 1022 ἐνθέου
1608 978 1638 1011 ἶ)

128 1047 239 1092 5185
259 1050 326 1105 (οὗ
347 1050 426 1107 γὰρ
444 1049 669 1094 πιστεύεται
689 1049 846 1107 σαπρὸν
868 1049 991 1106 ἄγγος
1011 1048 1164 1102 εὔοσμα
1181 1045 1312 1104 μύρα)

265 1120 334 1161 καὶ
354 1118 455 1176 πρὸς
473 1119 611 1174 θυμὸν
629 1120 877 1176 ἐκπυρωθεὶς
891 1117 947 1169 ὡς
966 1118 1065 1160 λέων
1081 1115 1307 1173 ἓριβρύχης,

265 1185 322 1238 ὥς
340 1186 542 1245 πάρδαλις
561 1186 777 1246 &prim-etat
800 1187 976 1245 ῥαγδαῖοι
997 1190 1055 1244 τῷ
1072 1187 1227 1242 δικαίῳ,

265 1257 333 1299 καὶ
355 1255 520 1313 ῥήγνυσι
541 1259 607 1300 καὶ
628 1260 818 1316 κατασπᾷ
838 1260 910 1311 τῆς
927 1255 1231 1310 πηδαλιουχιάς,

264 1323 485 1384 ἀντεφιστᾷ
504 1326 547 1368 δὲ
573 1324 754 1377 Φώτιον,
790 1329 868 1381 φεῦ
888 1324 974 1366 ἀντὶ
995 1324 1102 1373 τίνος
1122 1329 1235 1364 ποῖον
1249 1326 1265 1363 !

128 1389 239 1434 5140
265 1393 450 1438 ἐντεῦθεν
469 1391 750 1450 ἓπεπάφλασεν
771 1393 879 1446 ἅλμη
903 1392 1169 1450 πειρατηρίων

263 1460 334 1502 τὸν
354 1461 460 1517 ἱερὸν
471 1460 662 1516 ’lp-duma
685 1465 856 1501 ποντοῧν
874 1462 1168 1516 φιλονεικοῦσα.

264 1526 286 1570 ὃ
311 1529 477 1584 Καῖσαρ
496 1527 576 1584 γὰρ
597 1526 773 1584 ἐφύσησε
787 1531 945 1583 βορρᾶς
968 1524 1024 1577 ὡς
1041 1523 1268 1582 βαρυβόας,

261 1594 318 1647 ὥς
339 1594 590 1653 εὕροκλύὸων
606 1595 765 1652 ἄγριος,
801 1593 856 1645 ὥς
876 1593 1078 1645 δύσπνους
1099 1595 1335 1650 ἀπαρκτίας,

261 1666 329 1707 καὶ
351 1666 543 1715 λαίλαπες
567 1664 800 1721 ἠγέρθησαν
821 1661 1052 1720 βαρύθροοι
1074 1664 1140 1704 καὶ
1161 1661 1291 1714 ζάλαι.

126 1731 237 1776 5145
260 1733 366 1775 ἀλλὰ
387 1733 465 1790 γὰρ
489 1734 549 1783 τίς
569 1731 780 1786 δυνήσεται
802 1731 853 1774 τὰ
877 1730 993 1786 πάθη
1014 1732 1275 1787 τραγῳδῆσαι

262 1801 373 1851 ὅσοις
394 1801 518 1844 αὐτὸν
541 1799 743 1855 ὑπέβαλον
771 1798 931 1851 Φώτιός
944 1817 986 1842 τε
1005 1801 1072 1840 καὶ
1097 1797 1280 1855 Βάρὸας,

267 1867 322 1920 ὥς
344 1868 395 1912 ἂν
412 1867 720 1925 ὖποσημήνηται
743 1868 907 1927 γραφὰς
926 1866 1191 1926 ι’διογράφους
1613 1864 1642 1898 P
1665 1864 1731 1900 105

219 2021 308 2058 5125
326 2019 472 2069 ἀσεβεῖς
493 2022 533 2059 Μ
669 2021 760 2058 5143
780 2018 979 2068 ἕρικλύδων
996 2021 1036 2057 Μ
1154 2018 1246 2057 5144
1267 2016 1482 2066 βαρύθυμοι
1503 2017 1543 2051 Μ

126 2159 185 2194 di:
207 2170 285 2194 nam
301 2159 593 2206 reprehensiones
612 2164 693 2195 sunt
716 2159 910 2194 hominibus
932 2158 1047 2204 impiis
1069 2157 1254 2202 flagrorum
1273 2157 1402 2200 instar,
1427 2158 1464 2190 et
1483 2154 1590 2188 corda

126 2217 295 2251 perversa
322 2206 432 2241 veluti
463 2206 614 2251 sagittae
636 2206 780 2240 feriunt.
828 2205 987 2240 nimirum
1013 2203 1313 2248 obiurgationibus
1340 2202 1437 2236 hisce
1456 2201 1590 2235 Bardas

127 2252 260 2286 Caesar
275 2254 503 2287 exacerbatus
522 2265 591 2287 non
608 2253 710 2286 modo
729 2252 828 2286 nihili
852 2252 939 2286 fecit
960 2263 1019 2285 eas
1044 2249 1306 2284 exhortationes
1319 2274 1329 2292 ‚
1347 2259 1468 2282 verum
1485 2246 1589 2280 etiam

126 2302 328 2343 conceptam
343 2299 514 2333 adversus
537 2303 731 2332 monentem
750 2298 963 2332 iracundiam
990 2301 1026 2331 et
1056 2295 1329 2340 indignationem
1357 2293 1492 2337 alebat,
1521 2303 1590 2326 non

127 2342 230 2377 aliter
249 2355 356 2388 agens
375 2353 480 2390 atque
501 2344 533 2378 si
550 2344 708 2379 saniosos
730 2343 845 2388 aliquo
865 2354 987 2377 curare
1010 2342 1150 2376 volente
1172 2340 1222 2374 illi
1250 2352 1318 2374 non
1337 2345 1469 2374 tantum
1488 2338 1589 2372 aufu-

127 2388 245 2433 giant,
267 2390 331 2425 sed
351 2390 455 2424 etiam
474 2402 558 2435 erga
575 2391 666 2425 bene
688 2390 874 2424 facientem
897 2389 1162 2424 excandescant.
1211 2398 1286 2421 cum
1305 2386 1415 2430 igitur
1432 2384 1586 2429 aliquan-

126 2435 172 2469 do
196 2435 328 2470 Bardas
354 2437 538 2471 accederet
562 2437 606 2471 ad
636 2436 805 2480 mysteria
836 2447 902 2470 nec
928 2434 1081 2470 divinum
1100 2433 1183 2467 illud
1208 2443 1330 2466 munus
1353 2443 1375 2465 a
1392 2430 1592 2476 patriarcha

127 2486 399 2525 consequeretur
417 2484 502 2525 (non
537 2482 627 2517 enim
655 2488 833 2527 unguenta
850 2480 1045 2526 fragrantia
1063 2479 1138 2514 vasi
1157 2479 1278 2524 putido
1304 2477 1591 2519 committuntur),

126 2526 355 2561 inflammatus
378 2527 559 2562 iracundia
581 2528 692 2562 leonis
722 2528 759 2562 in
789 2539 919 2563 morem
942 2526 1059 2571 rugit,
1091 2537 1155 2560 ceu
1186 2525 1342 2559 violenta
1376 2522 1527 2568 pardalis
1555 2521 1592 2554 in

126 2572 298 2606 hominem
314 2572 440 2607 iustum
463 2573 592 2618 insilit,
616 2574 766 2618 lacerat,
790 2585 812 2608 a
835 2573 934 2607 clavo
958 2578 1162 2607 summovet.
1210 2570 1285 2605 eius
1307 2570 1344 2603 in
1365 2569 1476 2603 locum
1496 2567 1590 2601 Pho-

126 2619 211 2652 tium
237 2618 429 2662 substituit,
450 2620 537 2665 proh
566 2620 699 2665 qualem
721 2631 785 2665 pro
816 2619 909 2665 quali
940 2619 1036 2652 viro!
1072 2630 1115 2652 ex
1137 2629 1179 2651 eo
1198 2623 1354 2661 tempore
1376 2613 1591 2648 miseriarum

126 2670 243 2698 aestus
265 2663 436 2707 Ignatium
459 2664 613 2700 iactabat
635 2672 672 2700 et
696 2667 899 2710 demergere
928 2665 1040 2698 virum
1068 2665 1273 2698 conabatur.
1329 2662 1461 2695 Caesar
1485 2670 1587 2693 auras

126 2710 272 2744 afflabat
294 2716 455 2754 tanquam
483 2711 638 2755 graviter
666 2711 803 2758 spirans
837 2710 953 2756 aquilo
981 2710 1037 2744 vel
1062 2721 1188 2743 saevus
1211 2708 1269 2742 ine
1294 2710 1588 2751 tempestatesque

126 2756 222 2789 ciens
243 2755 469 2797 subsolanum
487 2767 555 2801 quo
575 2757 682 2791 flante
700 2757 873 2803 procellae
892 2768 1018 2801 graves
1038 2756 1313 2789 concitabantur.
1347 2753 1425 2798 quis
1449 2764 1490 2785 ea
1500 2749 1589 2783 mala

125 2801 213 2835 satis
236 2813 410 2846 exponere
434 2802 563 2846 possit,
587 2803 712 2847 quibus
739 2803 910 2846 Ignatium
934 2802 1080 2836 Photius
1101 2807 1137 2835 ct
1159 2801 1292 2834 Bardas
1312 2796 1587 2832 excruciabant?

126 2846 284 2882 nimirum
313 2854 352 2881 ut
379 2847 542 2893 propriae
562 2859 681 2884 manus
705 2849 964 2896 subscriptione
988 2853 1180 2883 testaretur
1204 2846 1365 2882 amictum
1387 2855 1427 2878 se
1451 2851 1597 2891 sacrum*
