1924 3242
761 165 1016 211 ANNALES.
1539 157 1607 207 47

234 319 243 330 ⁴
301 280 382 329 26.
445 278 552 322 Ἐπεὶ
582 281 702 335 γοῦν,
735 276 791 330 ὥς
815 278 837 322 ὅ
862 276 980 336 λόγος
1007 273 1235 337 ἱστόρησεν,
1261 273 1479 333 δ’Άγγελος
1502 274 1607 319 Θεό-

164 351 298 408 δωρος
323 347 509 408 λάφυρον
538 345 702 404 ἐγεγόνει
732 347 836 402 μετὰ
866 350 933 390 καὶ
956 351 1105 390 λοιπῶν
1128 343 1410 405 προσηκόντων
1432 348 1490 403 τῷ
1508 345 1608 401 γένει

164 418 354 476 ἔκκρίτων
383 417 542 474 ἀνδρῶν
567 420 627 474 τῷ
640 413 783 468 Ἀσάν,
818 415 1050 473 ἐφρουρεῖτο
1070 416 1144 470 μὲν
1162 414 1262 473 παρ’
1286 413 1435 466 αὐτοῦ,
1468 413 1609 472 ἓφιλο-
1630 411 1663 448 0

165 492 351 545 φρονεῖτο
386 485 430 528 δὲ
458 485 511 528 τὰ
542 482 687 527 πολλά.
753 485 822 527 καὶ
857 488 976 526 τοῦτο
1001 478 1051 539 ἦν
1071 485 1134 526 ἐπὶ
1154 482 1277 527 πολύ·
1311 483 1394 526 ἐπεὶ
1417 481 1462 524 δὲ
1483 483 1539 532 εἰς
1558 482 1610 525 τὰ

127 554 269 598 ficiam
295 559 573 612 νεωτερισμοῖς
591 556 778 611 χρᾶσθαι
799 550 1058 609 πεφώραται,
1087 553 1284 610 ἓκτυφλοῖ
1297 551 1420 594 αὐτὸν
1441 548 1612 594 ὅἈσάν.

163 621 186 666 ὅ
217 624 292 678 μέν
323 617 395 667 οὖν
424 621 600 679 ἀδελφὸς
634 621 760 664 αῧτοῦ
790 620 997 676 Μανουὴλ
1027 618 1048 662 ὅ
1073 619 1281 676 Ἄγγελος,
1317 619 1361 670 ὃς
1393 621 1614 678 ὃεσποτικῷ

162 690 361 746 ἀξιώματι
392 690 504 748 παρὰ
533 694 607 733 τοῦ
636 690 815 748 ἀδελφοῦ
844 690 1068 746 ἐτετίμητο,
1098 693 1207 746 φυγῇ
1223 686 1478 746 χρησάμενος
1495 686 1613 742 ἥνίκα

161 759 209 803 τὸ
228 758 451 815 Ῥωμαϊκὸν
467 758 695 816 ἕπετρέπετο
716 756 968 816 στράτευμα,
1004 758 1066 799 ἐπὶ
1084 757 1158 812 τὴν
1179 757 1478 811 Θεσσαλονίκην
1497 754 1616 812 ἀπῄει

162 829 230 872 καὶ
253 826 448 883 δεσπότης
469 825 691 881 ὠνομάζετο
699 859 713 880 ,
742 824 891 881 ταύτης
909 844 951 869 τε
969 823 1162 883 κυριεύων
1182 827 1250 867 καὶ
1266 828 1347 867 τῶν
1368 825 1456 881 περὶ
1475 822 1614 878 αὐτήν,

109 902 156 937 10
164 896 355 955 ἐρυθροῖς
373 897 417 939 δὲ
436 894 647 952 γράμμασι
667 895 740 946 τ’ἁς
761 895 886 937 αὐτοῦ
908 894 1070 952 γραφὰς
1087 891 1293 951 ἐπεκύρου.
1360 892 1462 950 πρὸς
1481 891 1526 937 ὃν
1547 893 1616 934 καὶ

161 964 383 1019 ἄπέσκωψέ
410 981 471 1014 τις
504 968 584 1006 τῶν
614 964 818 1020 πρέσβεων
847 963 959 1020 παρὰ
984 967 1058 1006 τοῦ
1078 962 1278 1017 βασιλέως
1296 959 1482 1004 Ἰωάννου
1508 960 1613 1003 ἀπο-

159 1033 341 1085 σταλείς,
371 1029 428 1083 ὥς
456 1033 512 1082 εἰς
538 1032 583 1074 σὲ
602 1035 758 1086 μᾶλλον
778 1030 945 1090 ἁρμόσει
967 1031 1012 1074 τὸ
1033 1033 1088 1082 εἷς
1110 1030 1294 1088 Χριστὸν
1314 1028 1610 1089 ψαλτῳὸούμε-
1631 1030 1665 1066 D

158 1117 228 1144 νον
233 1132 249 1153 ,
278 1101 324 1144 σὲ
353 1100 424 1144 τόν
448 1101 619 1154 βασιλέα
649 1103 716 1143 καὶ
746 1099 955 1156 δεσπότην.
1023 1101 1091 1143 καὶ
1110 1094 1160 1155 ἦν
1184 1100 1258 1154 μὲν
1276 1097 1322 1142 τὸ
1347 1097 1426 1140 ἀπὸ
1448 1100 1564 1141 τοῦδε
1588 1097 1610 1140 ὃ

149 1167 336 1226 Ἄγγελος
351 1168 558 1224 Μανουὴλ
574 1173 654 1211 τῶν
670 1169 1034 1226 ἓναπολειφθεισῶν
1055 1167 1157 1226 πρὸς
1176 1168 1228 1210 τὰ
1246 1166 1387 1211 ὃυτικὰ
1403 1167 1506 1224 μέρη
1523 1183 1609 1221 χω-

104 1242 149 1280 15
161 1241 243 1294 ρῶν
275 1239 343 1279 καὶ
371 1235 525 1279 πόλεων
549 1235 764 1294 ἐγκρατής,
790 1237 849 1293 μὴ
870 1237 982 1294 παρὰ
1001 1241 1082 1280 τῶν
1102 1235 1352 1294 Βουλγάρων
1373 1235 1419 1278 τὸ
1443 1234 1612 1279 σύνολον

157 1303 466 1359 ἐνοχλούμενος,
505 1304 587 1346 ἐπεὶ
616 1309 668 1362 τῇ
702 1306 745 1347 ἐκ
779 1307 1026 1355 παλλακίδος
1056 1309 1130 1348 τοῦ
1154 1305 1277 1347 Ἀσὰν
1315 1302 1610 1356 ουνεκοιτάζετο

155 1374 346 1431 θυγατρί.

293 1440 373 1487 27·
434 1438 556 1484 Ἀλλὰ
578 1439 642 1481 ἐπὶ
661 1439 756 1490 τοὺς
774 1439 816 1483 ἓν
834 1444 886 1497 τῇ
906 1440 1213 1483 Κωνσταντίνου
1230 1438 1441 1489 Λατίνους
1459 1438 1612 1482 ἐλθέτω

157 1510 225 1553 καὶ
259 1503 384 1560 αὖθις
421 1506 443 1552 ὅ
473 1512 546 1563 τῆς
577 1508 756 1565 ἱστορίας
780 1506 928 1565 εἱρμός.
998 1510 1036 1551 οἱ
1056 1510 1098 1551 ἐν
1117 1514 1168 1566 τῇ
1191 1506 1611 1554 Κωνσταντινουπόλει

100 1575 314 1632 ωέπειδή,
349 1574 405 1626 ὥς
433 1574 751 1633 προειρήκαμεν,
787 1575 808 1619 ὃ
826 1575 1088 1634 Ῥομπὲρτος,
1119 1577 1164 1619 ὃν
1185 1575 1239 1627 ὥς
1256 1577 1428 1630 βασιλέα
1451 1574 1471 1618 ὅ
1493 1574 1613 1631 λόγος

154 1644 257 1700 ἔχειν
286 1643 454 1695 τούτους
478 1641 686 1701 ἱστόρησε,
734 1642 804 1686 τὸν
833 1644 1013 1701 Εὔριπον
1043 1644 1287 1699 καταλαβών
1324 1641 1611 1698 τετελεύτηκεν,

155 1714 425 1772 ἔναπελείφθη
465 1713 510 1756 δὲ
551 1710 574 1755 ὅ
616 1711 791 1770 ἀδελφὸς
825 1712 953 1756 αὐτοῦ
981 1716 1232 1764 Βαλὸουϊνος
1266 1711 1324 1755 ἔτι
1356 1712 1508 1769 ἀφῆλιξ
1539 1711 1609 1764 ὤν,

247 1846 267 1881 1
293 1842 394 1879 Ἐπεὶ
408 1861 454 1870 -
472 1842 494 1878 5
509 1842 695 1888 χρᾶσθαι]
721 1839 838 1888 ἔφρου
863 1843 939 1878 εῒτο
970 1836 1039 1878 οὖν
1067 1839 1088 1878 ὁ
1101 1838 1273 1888 Ἀγγελος
1295 1839 1490 1886 Θεόδωρος
1503 1840 1608 1886 πικροὶ

244 1889 313 1925 τοῦ
331 1886 445 1923 'Aah
462 1886 710 1933 φιλοφρόνως.
755 1888 816 1923 καὶ
856 1888 917 1924 nel
939 1888 1159 1933 νεωτερίζων
1178 1889 1211 1923 D
1349 1889 1372 1923 6
1395 1884 1417 1922 ὁ
1441 1885 1480 1922 δὲ
1502 1885 1608 1923 ἀδελ-

244 1932 472 1990 φὸςΙτούτου
491 1934 523 1968 D
668 1930 718 1990 ὃν,
732 1933 794 1968 καὶ
812 1932 993 1989 δεσπότην
1011 1935 1200 1990 τετίμηκεν
1214 1934 1249 1989 13
1388 1935 1412 1969 7
1434 1931 1546 1978 ἡνίκα
1559 1951 1605 1959 —-

244 1978 564 2060 ⁶²5⁰‘2-‘1'2‘232'ff13'
648 1977 1169 2070 ῗεοῖἕῖιὲηῗέᾜῖἓῗιαέῧυθροὶἒ
1179 1979 1410 2060 γ’ῗιῖἴὲῗῗέἷ
1420 1976 1605 2071 maai}

241 2037 311 2107 ’όαδ
343 2068 563 2116 Ῥομπέρτος
582 2066 603 2105 ὁ
625 2070 693 2116 τῆς
710 2070 992 2106 Κωνσταντίνου
1011 2068 1182 2116 βασιλεύς
1199 2070 1231 2105 D
1378 2068 1423 2105 22
1447 2065 1467 2104 ὁ
1487 2080 1541 2104 om
1559 2070 1604 2106 D.

242 2185 300 2222 25.
342 2183 548 2222 Theodorus
571 2184 741 2229 Angelus,
764 2186 804 2218 ut
832 2183 919 2225 dixi,
942 2194 1008 2218 una
1023 2194 1096 2218 cum
1111 2182 1186 2218 aliis
1202 2182 1363 2217 affinibus
1378 2185 1414 2217 et
1427 2182 1606 2218 virisillu-
1633 2180 1635 2184 ⁴

153 2230 279 2266 suibus
301 2231 345 2266 ab
366 2232 479 2266 Asano
502 2230 643 2277 spolium
663 2231 772 2264 factus
788 2229 822 2263 in
839 2230 1020 2264 custodiam
1038 2229 1230 2271 coniicitur3
1256 2228 1311 2262 cui
1326 2230 1457 2263 Asanus
1473 2229 1607 2274 prolixe

152 2287 196 2311 ac
211 2277 356 2322 benigne
371 2281 407 2311 et
421 2277 464 2311 ad
480 2277 618 2311 multum
634 2281 766 2320 tempus
784 2276 934 2310 favebat.
981 2275 1038 2309 sed
1056 2286 1128 2309 cum
1145 2274 1234 2308 domi
1248 2274 1344 2308 novis
1358 2275 1462 2309 rebus
1477 2274 1606 2309 inhiare

152 2321 446 2375 deprehendisset,
467 2322 590 2356 lumine
614 2321 740 2367 privat.
787 2322 895 2355 frater
918 2320 1006 2355 illius
1029 2320 1168 2355 Manuel
1186 2320 1353 2364 Angelus,
1378 2319 1540 2365 despotae
1554 2320 1607 2354 di-

152 2371 284 2411 gnitate
309 2379 331 2402 a
353 2368 462 2402 fratre
477 2368 737 2407 cohonestatus,
761 2367 875 2410 sugam
896 2366 1094 2410 meditatus,
1118 2377 1192 2400 cum
1208 2366 1380 2400 Romanus
1395 2366 1490 2400 miles
1505 2370 1606 2411 terga

154 2415 326 2455 verteret,
348 2412 626 2448 Thessalonicam
641 2423 800 2447 reversus
813 2412 954 2457 despota
968 2413 1154 2446 vocabatur
1164 2438 1175 2455 ,
1195 2411 1282 2445 illius
1299 2415 1333 2445 et
1347 2411 1495 2445 locorum
1511 2411 1606 2446 adia-

153 2457 298 2492 centium
323 2457 495 2499 dominus,
522 2459 788 2505 scriptionesque
813 2468 892 2492 suas
914 2457 1093 2503 purpureis
1109 2456 1357 2492 characteribus
1371 2457 1604 2501 consignabat.

153 2503 188 2537 in
212 2514 310 2549 quem
334 2507 370 2537 et
391 2503 523 2538 Ioannis
543 2504 755 2550 imperatoris
776 2504 910 2548 legatus
932 2515 999 2537 non
1014 2503 1178 2538 inurbana
1193 2502 1372 2537 dicacitate
1387 2502 1547 2546 iactavit,
1569 2503 1604 2537 in

153 2558 228 2584 eum
247 2548 378 2583 scilicet
400 2550 504 2593 magis
521 2550 633 2596 aptari
656 2561 757 2595 posse
772 2550 863 2595 quod
879 2550 922 2583 de
939 2549 1073 2584 Christo
1093 2549 1128 2583 in
1144 2549 1287 2583 Psalmis
1301 2547 1442 2592 legitur,
1464 2545 1484 2558 “
1494 2553 1534 2582 te
1547 2559 1604 2583 re-

151 2605 228 2637 gem
250 2597 287 2628 et
308 2591 523 2639 despotam.”
570 2599 605 2630 et
629 2607 671 2629 ex
694 2607 735 2630 eo
759 2600 909 2640 tempore
927 2595 1077 2640 Angelus
1091 2594 1228 2628 Manuel
1243 2594 1445 2638 reliquorum
1461 2593 1496 2628 in
1512 2594 1605 2628 occi-

151 2639 279 2673 dentali
309 2639 411 2685 plaga
437 2639 635 2685 oppidorum
661 2652 701 2676 ac
725 2641 855 2675 urbium
877 2641 1027 2675 dominus
1049 2641 1258 2682 habebatur,
1289 2650 1309 2673 a
1331 2639 1488 2684 Bulgaris
1513 2640 1601 2673 nulla

151 2684 304 2719 molestia
317 2684 510 2727 lacessitus,
534 2685 611 2720 dum
627 2686 699 2721 eius
713 2687 953 2722 matrimonium
969 2697 1042 2721 cum
1059 2686 1161 2719 Asani
1176 2685 1245 2719 filia
1260 2684 1406 2730 vigeret.

241 2730 298 2766 27.
343 2730 472 2764 Verum
495 2729 530 2764 in
553 2731 762 2776 Byzantinos
775 2732 879 2767 Italos
901 2743 1019 2766 rursus
1036 2730 1200 2765 orationis
1216 2731 1336 2766 seriem
1355 2733 1599 2766 convertamus.

149 2775 342 2822 epolitani‚
365 2786 439 2810 cum
482 2779 521 2808 ut
547 2781 626 2811 ante
652 2777 879 2819 narravimus,
903 2778 1096 2819 Robertus,
1121 2786 1219 2821 quem
1242 2776 1347 2811 veluti
1362 2777 1597 2822 imperatorem

148 2823 419 2866 venerabantur,
440 2802 604 2867 kuripum
629 2823 804 2868 profectus
828 2823 1037 2868 exspirasset
1051 2825 1087 2857 et
1100 2823 1210 2858 frater
1227 2822 1298 2858 eius
1312 2822 1494 2857 Balduinus
1512 2831 1598 2866 puer
