1858 3236
484 183 858 230 GOMPENDIUM
890 184 1237 231 CHRONIGUM.

266 296 484 344 κατάλυσιν
501 299 717 358 ἐπενεγκεῖν
735 298 874 355 ἴσχυσε
893 305 978 352 τοῖς
996 298 1227 360 τυράννοις,

137 368 247 413 1750
269 373 329 429 τῷ
348 369 561 428 ΊΤαρκυνίῳ
575 367 631 425 *δή
650 385 754 427 φημι
775 370 843 412 καὶ
863 375 948 419 τοῖς
967 369 1115 413 ἐκείνου
1135 371 1299 422 τέκνοις.

335 437 461 481 Μετὰ
478 442 576 494 γοῦν
593 436 666 494 τὴν
685 435 905 480 κατάλυσιν
917 435 1063 482 ὕπατοι
1081 437 1242 482 πάντων
1258 441 1409 498 πρῶτοι

262 502 474 561 Ῥωμαίοις
496 504 806 562 κατεστάθησαν
830 508 1015 563 Βροῦτος
1038 508 1105 549 καὶ
1130 509 1366 560 Κολατῖνος,

266 575 334 616 καὶ
353 574 445 629 μετ’
471 575 643 626 ἐκείνους
662 574 786 633 ἕτεροι
797 606 812 627 ,
846 576 913 616 καὶ
935 574 1027 628 μετ’
1054 574 1202 626 αὐτοὺς
1222 583 1417 631 παντοῖοι,

267 641 418 686 Κάσιοι
439 645 506 686 καὶ
528 644 752 702 Κικέρωνες
771 644 837 686 καὶ
857 641 1063 686 Λεύκολοι
1086 647 1153 686 καὶ
1177 643 1348 697 Κάτλοι,

133 709 242 754 1755
267 709 457 762 Κάτωνες
480 713 547 754 καὶ
570 713 821 768 Σκηπίωνες,
854 710 1065 767 Πομπήῖοι
1084 713 1151 754 καὶ
1174 715 1367 769 Σκαῦροι.

262 777 289 834 ἢ
310 779 526 835 τηλικαύτη
547 785 643 836 γοῦν
665 780 779 835 ἰσχὺς
800 782 867 823 καὶ
888 779 935 823 τὸ
956 785 1150 824 τοσοῦτον
1172 780 1321 840 κράτος

265 849 308 890 ἐν
327 847 452 892 ἔτεσιν
472 846 662 905 ἑξήκοντα
682 849 784 906 πρὸς
804 855 888 900 τοῖς
906 851 1176 907 τετρακοσίοις

265 918 332 959 καὶ
350 917 453 975 πρὸς
472 915 621 975 ἑτέροις
637 918 850 976 τέσσαρσιν
871 916 1000 968 οὕτως
1021 920 1260 975 ἐκυβερνᾶτο

264 985 405 1044 μέχρις
424 987 466 1028 Γ
462 988 554 1028 α·ί·ου
578 987 810 1044 Καίσαρος,
846 985 956 1037 ὅστις
974 982 1048 1041 τὴν
1066 985 1261 1030 ὑπατείαν

131 1053 240 1097 1760
262 1055 322 1110 ιεῖςι
332 1056 541 1109 βασιλείαν
559 1054 709 1110 ἦμειψε
730 1057 798 1098 καὶ
818 1056 1173 1099 καταδυναστείαν.

263 1125 299 1165 εἰ
319 1124 367 1166 δέ
386 1140 482 1166 ποτε
502 1115 710 1180 κατήπειξὲ
731 1122 979 1182 πραγμάτων
999 1124 1175 1167 ἄστασιά

264 1193 332 1234 καὶ
351 1190 398 1234 τὸ
420 1185 704 1250 πολῦστροφον
723 1192 858 1235 αὐτῶν
880 1195 948 1235 καὶ
969 1191 1094 1248 τύχης
1115 1192 1352 1250 ὁυσκληρία,

263 1260 552 1317 συνερχομένης
571 1266 643 1316 τῆς
659 1265 836 1317 βουλῆς,
871 1261 976 1304 ἀλλὰ
996 1263 1062 1304 καὶ
1084 1266 1165 1305 τῶν
1184 1259 1363 1314 ὖπάτων,

263 1327 461 1387 δικτάτωρ
483 1327 539 1380 εἷς
557 1330 706 1386 ἐγένετο
727 1329 958 1387 πάνταρχος
978 1328 1239 1387 αὐτοκράτωρ

129 1395 237 1438 1765
265 1397 359 1452 (τὴν
380 1397 421 1439 δ’
447 1396 725 1440 ἀνυπεύθυνον
745 1399 875 1455 ἀρχὴν
895 1397 922 1453 ἦ
946 1398 1050 1449 λέξις
1070 1396 1276 1456 ἓρμηνεύει

261 1467 328 1508 καὶ
346 1465 420 1521 τὴν
437 1465 779 1523 αὐτοκρατορικὴν
798 1465 959 1509 πάντων
979 1467 1227 1521 οἰκονομίαν)
1241 1480 1254 1492 ·

259 1538 333 1589 τῆς
355 1533 477 1590 ζάλης
497 1538 578 1577 τῶν
597 1533 845 1592 πραγμάτων
866 1535 910 1576 ὃὲ
929 1534 1345 1593 καταστορεννυμὲνης

260 1601 306 1645 τὸ
323 1601 472 1660 κράτος
490 1602 703 1645 ἀπετίθετο
723 1607 798 1658 τῆς
813 1603 1143 1660 αὐτοκρατορίας.

259 1669 385 1722 Γάϊος
406 1671 451 1714 δὲ
468 1668 678 1727 γενόμενος
701 1669 899 1727 δικτάτωρ
924 1670 1200 1728 αὐτοκράτωρ,

127 1742 235 1783 1770
258 1741 325 1782 καὶ
347 1737 762 1797 κατατροπωσάμενος
780 1740 931 1797 μυρίας
949 1740 1184 1797 ἐθναρχίας,

257 1810 324 1852 καὶ
344 1813 425 1852 τῶν
437 1806 647 1864 Ῥωμαίων
660 1809 736 1864 τὴν
754 1808 870 1863 ἳσχύν
889 1807 1008 1866 ἄχρις
1028 1809 1161 1852 αὐτῶν
1183 1805 1392 1864 Γαδείρων

257 1879 323 1920 καὶ
344 1877 463 1935 μέχρι
485 1879 552 1920 καὶ
574 1877 675 1935 πρὸς
695 1876 808 1933 ἣλιον
829 1876 1043 1931 ἀνίσχοντα
1064 1874 1283 1928 πλατύνας,

254 1946 358 2000 μετὰ
378 1946 452 1997 τὰς
472 1947 585 1997 νίκας
606 1947 835 2004 φθονηθεὶς
855 1947 922 1988 καὶ
943 1945 1018 1997 τὰς
1039 1945 1341 2004 τροπαιουχιάς,

1518 184 1585 233 77

213 2065 302 2102 1755
316 2063 494 2113 Πομπήοι
506 2077 547 2102 τε
561 2063 624 2102 καὶ
639 2066 707 2102 RR
801 2066 891 2102 1758
907 2062 1159 2111 ἐκυβερνῶντο
1175 2063 1209 2098 R
1304 2062 1391 2099 1771
1407 2060 1532 2108 μέχρις
1546 2063 1580 2098 R

120 2167 262 2203 efficere
289 2168 441 2215 denique
462 2172 603 2215 poterat
622 2174 662 2204 ut
682 2168 865 2215 imperium
885 2167 1058 2213 tyrannis,
1081 2164 1279 2212 Tarquinio
1300 2165 1460 2201 nimirum
1484 2165 1579 2200 eius-

118 2225 188 2260 que
209 2214 343 2260 liberis,
365 2217 607 2260 abrogaretur.

209 2261 297 2296 Post
318 2261 406 2296 hanc
433 2261 693 2307 abrogationem
722 2260 827 2307 primi
849 2260 941 2306 apud
964 2259 1139 2294 Romanos
1170 2256 1329 2292 consules
1359 2256 1470 2291 creati
1498 2260 1580 2292 sunt

117 2306 246 2347 Brutus
271 2312 376 2353 atque
398 2307 603 2342 Collatinus.
651 2319 710 2341 eos
732 2307 792 2341 alii
814 2306 926 2341 secuti
948 2311 1031 2339 sunt
1053 2304 1163 2338 omnis
1184 2303 1337 2349 generis,
1363 2303 1490 2346 Cassii,
1515 2303 1577 2337 Ci-

119 2363 278 2397 cos-ones,
298 2353 447 2398 Luculli,
470 2353 599 2397 Catuli,
625 2353 791 2397 Catones,
817 2351 1015 2397 Scipiones,
1036 2350 1208 2396 Pompeii,
1232 2349 1371 2385 Scauri.
1419 2361 1461 2383 ac
1481 2354 1580 2384 tanta

119 2409 204 2432 sane
220 2399 379 2444 potentia
394 2404 595 2445 tantumque
611 2399 795 2444 imperium
812 2399 883 2432 464
898 2396 997 2431 annis
1017 2397 1082 2431 hoc
1100 2402 1203 2442 pacto
1221 2395 1496 2430 administratum
1514 2401 1581 2439 est,

119 2444 165 2478 ad
183 2444 308 2480 Gaium
326 2456 436 2490 usque
455 2446 654 2488 Caesarem,
678 2445 739 2489 qui
757 2444 970 2479 consulatum
992 2442 1028 2476 in
1052 2453 1197 2487 regnum
1215 2442 1495 2486 dominatumque
1515 2452 1583 2486 pe-

119 2488 281 2526 culinam
301 2491 488 2526 convertit.
535 2491 661 2536 quodsi
681 2490 866 2536 aliquando
888 2501 1004 2524 rerum
1025 2487 1236 2523 instabilitas
1258 2493 1295 2521 et
1314 2487 1479 2532 iniquitas
1506 2489 1582 2521 for-

116 2540 224 2570 tame
240 2535 292 2570 sic
309 2537 513 2582 postularet,
537 2537 767 2571 conveniente
790 2542 914 2571 senatu
935 2540 972 2570 et
994 2534 1193 2568 consulibus
1211 2533 1362 2568 dictator
1379 2544 1467 2566 unus
1486 2544 1580 2567 sum-

118 2593 174 2616 ma
196 2592 272 2616 cum
293 2587 469 2628 potestate
490 2584 684 2627 creabatur,
711 2594 780 2628 qua
802 2582 940 2628 quidem
963 2592 1051 2614 voce
1074 2579 1293 2624 significatur
1316 2579 1497 2624 imperium
1519 2591 1578 2613 ra-

116 2626 271 2662 tionibus
291 2629 478 2664 reddendis
498 2629 590 2664 haud
614 2629 801 2663 obnoxium
824 2634 861 2663 et
883 2625 1137 2663 administratio
1159 2637 1275 2660 rerum
1294 2625 1442 2660 omnium
1466 2625 1578 2670 impe-

116 2672 262 2708 ratoria.
308 2673 434 2710 deinde
455 2675 520 2709 hac
541 2680 751 2721 tempestate
769 2676 891 2710 sedata
911 2673 1063 2708 dictator
1082 2684 1122 2706 se
1147 2671 1352 2716 magistratu
1373 2670 1574 2705 abdicabat.

119 2719 231 2753 Gaius
254 2723 368 2754 autem
385 2720 537 2765 Caesar,
561 2732 637 2756 cum
660 2721 810 2756 dictator
832 2726 970 2755 creatus
989 2729 1152 2752 summam
1171 2718 1259 2752 hanc
1280 2722 1489 2763 potestatem
1513 2729 1573 2750 ac-

115 2764 289 2810 cepisset,
323 2765 369 2799 de
393 2766 568 2802 sexcentis
591 2767 790 2802 nationibus
811 2766 915 2801 victis
936 2771 1083 2809 tropaea
1104 2764 1308 2808 statuisset,
1340 2764 1573 2798 Romanorum

114 2810 307 2857 potentiam
330 2812 375 2846 ad
397 2810 473 2856 ipsa
495 2823 605 2858 usque
624 2813 760 2848 Gadita
782 2813 959 2858 solemque
982 2809 1151 2844 orientem
1170 2809 1398 2856 prolatasset,
1423 2814 1504 2853 post
1520 2812 1574 2841 tot

115 2856 282 2896 victoria·
303 2861 341 2895 et
361 2862 508 2903 tropaea
527 2859 658 2906 petitus
680 2858 837 2906 invidia,
859 2855 1069 2897 sententiam
1085 2856 1190 2904 longe
1211 2855 1462 2903 iniquissimam
1486 2864 1570 2889 con-
