<?xml version="1.0" encoding="UTF-8"?>
<!DOCTYPE html PUBLIC "-//W3C//DTD XHTML 1.0 Transitional//EN"
    "http://www.w3.org/TR/xhtml1/DTD/xhtml1-transitional.dtd">
<html xmlns="http://www.w3.org/1999/xhtml" xml:lang="en" lang="en">
 <head>
  <title>
</title>
<meta http-equiv="Content-Type" content="text/html;charset=utf-8" />
  <meta name='ocr-system' content='tesseract 3.04.00' />
  <meta name='ocr-capabilities' content='ocr_page ocr_carea ocr_par ocr_line ocrx_word'/>
</head>
<body>
  <div class='ocr_page' id='page_1' title='image "./corpusscriptorum06niebuoft_0441.png"; bbox 0 0 1924 3242; ppageno 0'>
   <div class='ocr_carea' id='block_1_1' title="bbox 0 0 136 118">
    <p class='ocr_par' dir='ltr' id='par_1_1' title="bbox 0 0 136 118">
     <span class='ocr_line' id='line_1_1' title="bbox 0 0 136 118; baseline 0 3124"><span class='ocrx_word' id='word_1_1' title='bbox 0 0 136 118; x_wconf 95' lang='lat' dir='ltr'> </span> 
     </span>
    </p>
   </div>
   <div class='ocr_carea' id='block_1_2' title="bbox 742 148 1602 215">
    <p class='ocr_par' dir='ltr' id='par_1_2' title="bbox 742 148 1602 215">
     <span class='ocr_line' id='line_1_2' title="bbox 742 148 1602 215; baseline 0.002 -2"><span class='ocrx_word' id='word_1_2' title='bbox 742 169 997 214; x_wconf 80' lang='lat' dir='ltr'><strong>ANNALES.</strong></span> <span class='ocrx_word' id='word_1_3' title='bbox 1199 148 1202 150; x_wconf 69' lang='grc'><strong>’</strong></span> <span class='ocrx_word' id='word_1_4' title='bbox 1538 165 1602 215; x_wconf 83' lang='grc'>39</span> 
     </span>
    </p>
   </div>
   <div class='ocr_carea' id='block_1_3' title="bbox 92 277 1654 1702">
    <p class='ocr_par' dir='ltr' id='par_1_3' title="bbox 92 277 1654 1702">
     <span class='ocr_line' id='line_1_3' title="bbox 158 277 1653 342; baseline -0.003 -16"><span class='ocrx_word' id='word_1_5' title='bbox 158 281 366 342; x_wconf 58' lang='grc' dir='ltr'><strong><em>φρουρέας</em></strong></span> <span class='ocrx_word' id='word_1_6' title='bbox 382 279 629 335; x_wconf 71' lang='grc' dir='ltr'><strong><em>ἀντείχοντο·</em></strong></span> <span class='ocrx_word' id='word_1_7' title='bbox 661 277 718 331; x_wconf 79' lang='grc' dir='ltr'>ὥς</span> <span class='ocrx_word' id='word_1_8' title='bbox 731 281 776 323; x_wconf 75' lang='grc' dir='ltr'>δὲ</span> <span class='ocrx_word' id='word_1_9' title='bbox 788 282 1077 340; x_wconf 77' lang='grc' dir='ltr'><strong><em>χρονιωτέρους</em></strong></span> <span class='ocrx_word' id='word_1_10' title='bbox 1095 281 1216 325; x_wconf 68' lang='grc' dir='ltr'><strong><em>ἐποίει</em></strong></span> <span class='ocrx_word' id='word_1_11' title='bbox 1236 280 1310 332; x_wconf 76' lang='grc' dir='ltr'>τὰς</span> <span class='ocrx_word' id='word_1_12' title='bbox 1327 279 1558 338; x_wconf 72' lang='grc' dir='ltr'><strong><em>πολιορκίας</em></strong></span> <span class='ocrx_word' id='word_1_13' title='bbox 1575 279 1597 323; x_wconf 82' lang='grc' dir='ltr'><strong>ὅ</strong></span> <span class='ocrx_word' id='word_1_14' title='bbox 1618 286 1653 322; x_wconf 79' lang='lat' dir='ltr'><strong>c</strong></span> 
     </span>
     <span class='ocr_line' id='line_1_4' title="bbox 153 339 1602 408; baseline 0 -16"><span class='ocrx_word' id='word_1_15' title='bbox 153 347 364 406; x_wconf 63' lang='grc' dir='ltr'><strong><em>βασιλεύς,</em></strong></span> <span class='ocrx_word' id='word_1_16' title='bbox 396 347 575 404; x_wconf 78' lang='grc' dir='ltr'><strong><em>μάλιστα</em></strong></span> <span class='ocrx_word' id='word_1_17' title='bbox 595 348 639 392; x_wconf 73' lang='grc' dir='ltr'>δὲ</span> <span class='ocrx_word' id='word_1_18' title='bbox 657 351 725 392; x_wconf 76' lang='grc' dir='ltr'>καὶ</span> <span class='ocrx_word' id='word_1_19' title='bbox 746 353 1037 408; x_wconf 87' lang='grc' dir='ltr'><strong><em>παρακαιρίους</em></strong></span> <span class='ocrx_word' id='word_1_20' title='bbox 1060 351 1128 406; x_wconf 82' lang='grc' dir='ltr'>(οὐ</span> <span class='ocrx_word' id='word_1_21' title='bbox 1156 351 1233 408; x_wconf 79' lang='grc' dir='ltr'><strong><em>γὰρ</em></strong></span> <span class='ocrx_word' id='word_1_22' title='bbox 1262 351 1303 392; x_wconf 73' lang='grc' dir='ltr'>ἓν</span> <span class='ocrx_word' id='word_1_23' title='bbox 1333 349 1419 407; x_wconf 77' lang='grc' dir='ltr'><strong><em>ἴαρι</em></strong></span> <span class='ocrx_word' id='word_1_24' title='bbox 1445 339 1602 406; x_wconf 69' lang='grc' dir='ltr'><strong><em>ἢθέρει</em></strong></span> 
     </span>
     <span class='ocr_line' id='line_1_5' title="bbox 154 415 1600 475; baseline -0.001 -14"><span class='ocrx_word' id='word_1_25' title='bbox 154 417 187 474; x_wconf 70' lang='grc' dir='ltr'><em>ἢ</em></span> <span class='ocrx_word' id='word_1_26' title='bbox 201 415 435 475; x_wconf 76' lang='grc' dir='ltr'><em>μετοπώρῳ,</em></span> <span class='ocrx_word' id='word_1_27' title='bbox 465 417 559 460; x_wconf 75' lang='grc' dir='ltr'><strong><em>ἀλλ’</em></strong></span> <span class='ocrx_word' id='word_1_28' title='bbox 586 419 628 459; x_wconf 76' lang='grc' dir='ltr'>ἓν</span> <span class='ocrx_word' id='word_1_29' title='bbox 647 418 756 475; x_wconf 80' lang='grc' dir='ltr'><strong><em>μέσῳ</em></strong></span> <span class='ocrx_word' id='word_1_30' title='bbox 774 423 971 472; x_wconf 81' lang='grc' dir='ltr'><strong><em>χειμῶνος</em></strong></span> <span class='ocrx_word' id='word_1_31' title='bbox 989 419 1062 468; x_wconf 84' lang='grc' dir='ltr'>τὰς</span> <span class='ocrx_word' id='word_1_32' title='bbox 1082 418 1256 475; x_wconf 75' lang='grc' dir='ltr'><strong><em>ἐφόδους</em></strong></span> <span class='ocrx_word' id='word_1_33' title='bbox 1275 418 1484 473; x_wconf 77' lang='grc' dir='ltr'><strong><em>ἐποιεῖτο),</em></strong></span> <span class='ocrx_word' id='word_1_34' title='bbox 1514 416 1600 460; x_wconf 43' lang='grc' dir='ltr'><strong><em>ἕλει</em></strong></span> 
     </span>
     <span class='ocr_line' id='line_1_6' title="bbox 155 484 1600 541; baseline -0.001 -12"><span class='ocrx_word' id='word_1_35' title='bbox 155 484 288 537; x_wconf 78' lang='grc' dir='ltr'><strong><em>πόλεις</em></strong></span> <span class='ocrx_word' id='word_1_36' title='bbox 302 502 346 529; x_wconf 84' lang='grc' dir='ltr'>τε</span> <span class='ocrx_word' id='word_1_37' title='bbox 365 487 530 528; x_wconf 84' lang='grc' dir='ltr'><strong><em>συνίστα</em></strong></span> <span class='ocrx_word' id='word_1_38' title='bbox 550 487 616 528; x_wconf 81' lang='grc' dir='ltr'>καὶ</span> <span class='ocrx_word' id='word_1_39' title='bbox 639 486 712 536; x_wconf 79' lang='grc' dir='ltr'>τὰς</span> <span class='ocrx_word' id='word_1_40' title='bbox 730 485 910 536; x_wconf 78' lang='grc' dir='ltr'>ἐπάλξεις</span> <span class='ocrx_word' id='word_1_41' title='bbox 930 488 1172 540; x_wconf 59' lang='grc' dir='ltr'><strong><em>κατεζθαλλεν</em></strong></span> <span class='ocrx_word' id='word_1_42' title='bbox 1180 519 1193 538; x_wconf 87' lang='grc'>,</span> <span class='ocrx_word' id='word_1_43' title='bbox 1241 485 1536 541; x_wconf 81' lang='grc' dir='ltr'><strong><em>ἀποκάμνοντες</em></strong></span> <span class='ocrx_word' id='word_1_44' title='bbox 1561 486 1600 528; x_wconf 79' lang='grc' dir='ltr'><strong><em>οἳ</em></strong></span> 
     </span>
     <span class='ocr_line' id='line_1_7' title="bbox 122 552 1600 611; baseline -0.002 -12"><span class='ocrx_word' id='word_1_45' title='bbox 122 553 265 605; x_wconf 63' lang='grc' dir='ltr'><strong><em>ῦέντός</em></strong></span> <span class='ocrx_word' id='word_1_46' title='bbox 283 554 336 596; x_wconf 83' lang='grc' dir='ltr'><strong><em>τὰ</em></strong></span> <span class='ocrx_word' id='word_1_47' title='bbox 352 554 426 608; x_wconf 79' lang='grc' dir='ltr'>μὲν</span> <span class='ocrx_word' id='word_1_48' title='bbox 446 556 687 611; x_wconf 86' lang='grc' dir='ltr'><strong><em>προυδίδουν</em></strong></span> <span class='ocrx_word' id='word_1_49' title='bbox 704 552 837 611; x_wconf 80' lang='grc' dir='ltr'><strong><em>ὅρκοις</em></strong></span> <span class='ocrx_word' id='word_1_50' title='bbox 854 554 927 608; x_wconf 84' lang='grc' dir='ltr'>τὴν</span> <span class='ocrx_word' id='word_1_51' title='bbox 945 554 1047 608; x_wconf 86' lang='grc' dir='ltr'><strong><em>ζωὴν</em></strong></span> <span class='ocrx_word' id='word_1_52' title='bbox 1067 553 1324 609; x_wconf 74' lang='grc' dir='ltr'><strong><em>ἐξωνούμενοι</em></strong></span> <span class='ocrx_word' id='word_1_53' title='bbox 1334 587 1347 606; x_wconf 87' lang='lat'>,</span> <span class='ocrx_word' id='word_1_54' title='bbox 1385 555 1428 597; x_wconf 73' lang='grc' dir='ltr'>ἐκ</span> <span class='ocrx_word' id='word_1_55' title='bbox 1458 555 1502 596; x_wconf 76' lang='grc' dir='ltr'>δὲ</span> <span class='ocrx_word' id='word_1_56' title='bbox 1520 558 1600 596; x_wconf 84' lang='grc' dir='ltr'>τῶν</span> 
     </span>
     <span class='ocr_line' id='line_1_8' title="bbox 153 620 1600 680; baseline 0 -16"><span class='ocrx_word' id='word_1_57' title='bbox 153 622 319 665; x_wconf 61' lang='grc' dir='ltr'><strong><em>ἔπιπτον</em></strong></span> <span class='ocrx_word' id='word_1_58' title='bbox 344 620 457 679; x_wconf 79' lang='grc' dir='ltr'><strong><em>μάχῃ</em></strong></span> <span class='ocrx_word' id='word_1_59' title='bbox 486 624 553 664; x_wconf 82' lang='grc' dir='ltr'>καὶ</span> <span class='ocrx_word' id='word_1_60' title='bbox 584 624 867 680; x_wconf 75' lang='grc' dir='ltr'><strong><em>καθείργνυντο</em></strong></span> <span class='ocrx_word' id='word_1_61' title='bbox 901 620 956 672; x_wconf 81' lang='grc' dir='ltr'>ὥς</span> <span class='ocrx_word' id='word_1_62' title='bbox 988 624 1202 676; x_wconf 80' lang='grc' dir='ltr'><strong><em>δεσμῶται.</em></strong></span> <span class='ocrx_word' id='word_1_63' title='bbox 1270 621 1375 665; x_wconf 73' lang='grc' dir='ltr'><strong><em>ἑάλω</em></strong></span> <span class='ocrx_word' id='word_1_64' title='bbox 1403 626 1499 678; x_wconf 77' lang='grc' dir='ltr'><strong><em>γοῦν</em></strong></span> <span class='ocrx_word' id='word_1_65' title='bbox 1520 621 1600 664; x_wconf 80' lang='grc' dir='ltr'>ὕπὸ</span> 
     </span>
     <span class='ocr_line' id='line_1_9' title="bbox 152 687 1600 747; baseline -0.001 -14"><span class='ocrx_word' id='word_1_66' title='bbox 152 695 227 733; x_wconf 74' lang='grc' dir='ltr'>τοῦ</span> <span class='ocrx_word' id='word_1_67' title='bbox 248 691 448 746; x_wconf 79' lang='grc' dir='ltr'><strong><em>βασιλέως</em></strong></span> <span class='ocrx_word' id='word_1_68' title='bbox 467 691 729 746; x_wconf 84' lang='grc' dir='ltr'><strong><em>Ποιμανηνὸν</em></strong></span> <span class='ocrx_word' id='word_1_69' title='bbox 757 690 965 733; x_wconf 80' lang='grc' dir='ltr'><strong><em>Λεντιανὰ</em></strong></span> <span class='ocrx_word' id='word_1_70' title='bbox 995 691 1204 747; x_wconf 87' lang='grc' dir='ltr'><strong><em>Χαρίορος</em></strong></span> <span class='ocrx_word' id='word_1_71' title='bbox 1231 692 1512 747; x_wconf 84' lang='grc' dir='ltr'><strong><em>Βερβενίακον.</em></strong></span> <span class='ocrx_word' id='word_1_72' title='bbox 1577 687 1600 731; x_wconf 83' lang='grc' dir='ltr'><strong><em>ὃ</em></strong></span> 
     </span>
     <span class='ocr_line' id='line_1_10' title="bbox 151 755 1601 815; baseline -0.002 -13"><span class='ocrx_word' id='word_1_73' title='bbox 151 763 249 815; x_wconf 78' lang='grc' dir='ltr'><strong><em>γοῦν</em></strong></span> <span class='ocrx_word' id='word_1_74' title='bbox 267 759 457 812; x_wconf 71' lang='grc' dir='ltr'><strong><em>βασιλεὺς</em></strong></span> <span class='ocrx_word' id='word_1_75' title='bbox 481 757 667 814; x_wconf 87' lang='grc' dir='ltr'><strong><em>Ἰωάννης</em></strong></span> <span class='ocrx_word' id='word_1_76' title='bbox 697 760 894 809; x_wconf 80' lang='grc' dir='ltr'><strong><em>παντοίως</em></strong></span> <span class='ocrx_word' id='word_1_77' title='bbox 918 765 1002 809; x_wconf 81' lang='grc' dir='ltr'><strong><em>τοῖς</em></strong></span> <span class='ocrx_word' id='word_1_78' title='bbox 1019 760 1219 808; x_wconf 82' lang='grc' dir='ltr'><strong><em>Λατίνοις</em></strong></span> <span class='ocrx_word' id='word_1_79' title='bbox 1239 757 1468 812; x_wconf 84' lang='grc' dir='ltr'><strong><em>μαχόμενος</em></strong></span> <span class='ocrx_word' id='word_1_80' title='bbox 1487 755 1601 814; x_wconf 83' lang='grc' dir='ltr'><strong><em>τριή-</em></strong></span> 
     </span>
     <span class='ocr_line' id='line_1_11' title="bbox 153 824 1654 885; baseline -0.001 -16"><span class='ocrx_word' id='word_1_81' title='bbox 153 843 235 885; x_wconf 83' lang='grc' dir='ltr'><strong><em>ρεις</em></strong></span> <span class='ocrx_word' id='word_1_82' title='bbox 257 843 298 870; x_wconf 84' lang='grc' dir='ltr'>τε</span> <span class='ocrx_word' id='word_1_83' title='bbox 321 825 605 879; x_wconf 78' lang='grc' dir='ltr'><strong><em>κατεσκεύασε,</em></strong></span> <span class='ocrx_word' id='word_1_84' title='bbox 647 829 716 869; x_wconf 80' lang='grc' dir='ltr'>καὶ</span> <span class='ocrx_word' id='word_1_85' title='bbox 748 829 836 884; x_wconf 76' lang='grc' dir='ltr'><strong><em>περὶ</em></strong></span> <span class='ocrx_word' id='word_1_86' title='bbox 864 826 934 870; x_wconf 82' lang='grc' dir='ltr'>τὸν</span> <span class='ocrx_word' id='word_1_87' title='bbox 957 825 1248 882; x_wconf 82' lang='grc' dir='ltr'><strong><em>Ἑλλήσποντον</em></strong></span> <span class='ocrx_word' id='word_1_88' title='bbox 1269 824 1420 876; x_wconf 85' lang='grc' dir='ltr'><strong><em>ταύτας</em></strong></span> <span class='ocrx_word' id='word_1_89' title='bbox 1437 825 1599 880; x_wconf 69' lang='grc' dir='ltr'><strong><em>ἔστησεν</em></strong></span> <span class='ocrx_word' id='word_1_90' title='bbox 1621 827 1654 862; x_wconf 89' lang='lat' dir='ltr'>D</span> 
     </span>
     <span class='ocr_line' id='line_1_12' title="bbox 100 890 1607 953; baseline -0.003 -14"><span class='ocrx_word' id='word_1_91' title='bbox 100 895 195 939; x_wconf 69' lang='lat'><em>1032«</em></span> <span class='ocrx_word' id='word_1_92' title='bbox 220 893 330 953; x_wconf 81' lang='grc' dir='ltr'><strong><em>τόπῳ</em></strong></span> <span class='ocrx_word' id='word_1_93' title='bbox 361 893 406 945; x_wconf 79' lang='grc' dir='ltr'>ὃς</span> <span class='ocrx_word' id='word_1_94' title='bbox 431 893 575 945; x_wconf 85' lang='grc' dir='ltr'><strong><em>Ὄλκὸς</em></strong></span> <span class='ocrx_word' id='word_1_95' title='bbox 607 893 839 949; x_wconf 79' lang='grc' dir='ltr'><strong><em>ὀνομάζεται</em></strong></span> <span class='ocrx_word' id='word_1_96' title='bbox 847 926 862 947; x_wconf 83' lang='grc'>,</span> <span class='ocrx_word' id='word_1_97' title='bbox 907 896 974 937; x_wconf 80' lang='grc' dir='ltr'><strong><em>καὶ</em></strong></span> <span class='ocrx_word' id='word_1_98' title='bbox 1005 890 1055 950; x_wconf 80' lang='grc' dir='ltr'>ἦν</span> <span class='ocrx_word' id='word_1_99' title='bbox 1086 895 1217 937; x_wconf 82' lang='grc' dir='ltr'><strong><em>πολλὰ</em></strong></span> <span class='ocrx_word' id='word_1_100' title='bbox 1249 895 1434 952; x_wconf 78' lang='grc' dir='ltr'><strong><em>παρέχων</em></strong></span> <span class='ocrx_word' id='word_1_101' title='bbox 1470 893 1607 943; x_wconf 78' lang='grc' dir='ltr'><strong><em>αὐτοῖς</em></strong></span> 
     </span>
     <span class='ocr_line' id='line_1_13' title="bbox 150 959 1605 1020; baseline -0.002 -14"><span class='ocrx_word' id='word_1_102' title='bbox 150 961 389 1020; x_wconf 78' lang='grc' dir='ltr'><strong><em>πράγματα,</em></strong></span> <span class='ocrx_word' id='word_1_103' title='bbox 433 963 537 1005; x_wconf 82' lang='grc' dir='ltr'><strong><em>κατὰ</em></strong></span> <span class='ocrx_word' id='word_1_104' title='bbox 560 961 674 1006; x_wconf 77' lang='grc' dir='ltr'><strong><em>δύσιν</em></strong></span> <span class='ocrx_word' id='word_1_105' title='bbox 696 961 927 1020; x_wconf 78' lang='grc' dir='ltr'><strong><em>ὁρμώμενος</em></strong></span> <span class='ocrx_word' id='word_1_106' title='bbox 948 965 1014 1005; x_wconf 83' lang='grc' dir='ltr'>καὶ</span> <span class='ocrx_word' id='word_1_107' title='bbox 1032 965 1141 1006; x_wconf 83' lang='grc' dir='ltr'><strong><em>λείαν</em></strong></span> <span class='ocrx_word' id='word_1_108' title='bbox 1162 963 1214 1006; x_wconf 83' lang='grc' dir='ltr'><strong><em>τὰ</em></strong></span> <span class='ocrx_word' id='word_1_109' title='bbox 1235 965 1393 1005; x_wconf 77' lang='grc' dir='ltr'><strong><em>ἐκείνων</em></strong></span> <span class='ocrx_word' id='word_1_110' title='bbox 1414 959 1605 1015; x_wconf 76' lang='grc' dir='ltr'><strong><em>ποιούμε-</em></strong></span> 
     </span>
     <span class='ocr_line' id='line_1_14' title="bbox 149 1029 1598 1088; baseline -0.002 -14"><span class='ocrx_word' id='word_1_111' title='bbox 149 1047 231 1084; x_wconf 80' lang='grc' dir='ltr'><strong><em>νος,</em></strong></span> <span class='ocrx_word' id='word_1_112' title='bbox 262 1035 431 1088; x_wconf 77' lang='grc' dir='ltr'><strong><em>πορθῶν</em></strong></span> <span class='ocrx_word' id='word_1_113' title='bbox 446 1048 487 1074; x_wconf 84' lang='grc' dir='ltr'>τε</span> <span class='ocrx_word' id='word_1_114' title='bbox 509 1031 555 1074; x_wconf 80' lang='grc' dir='ltr'><strong><em>τὸ</em></strong></span> <span class='ocrx_word' id='word_1_115' title='bbox 573 1036 654 1074; x_wconf 80' lang='grc' dir='ltr'>τῶν</span> <span class='ocrx_word' id='word_1_116' title='bbox 674 1031 888 1075; x_wconf 82' lang='grc' dir='ltr'><strong><em>Μαδύτων</em></strong></span> <span class='ocrx_word' id='word_1_117' title='bbox 907 1031 1008 1074; x_wconf 78' lang='grc' dir='ltr'><strong><em>ἄστυ</em></strong></span> <span class='ocrx_word' id='word_1_118' title='bbox 1031 1034 1097 1074; x_wconf 82' lang='grc' dir='ltr'>καὶ</span> <span class='ocrx_word' id='word_1_119' title='bbox 1119 1031 1191 1087; x_wconf 84' lang='grc' dir='ltr'>τὴν</span> <span class='ocrx_word' id='word_1_120' title='bbox 1211 1029 1511 1074; x_wconf 79' lang='grc' dir='ltr'><strong><em>Καλλιούπολιν</em></strong></span> <span class='ocrx_word' id='word_1_121' title='bbox 1530 1031 1598 1072; x_wconf 84' lang='grc' dir='ltr'>καὶ</span> 
     </span>
     <span class='ocr_line' id='line_1_15' title="bbox 147 1097 1259 1158; baseline 0 -16"><span class='ocrx_word' id='word_1_122' title='bbox 147 1099 202 1142; x_wconf 77' lang='grc' dir='ltr'><strong><em>τὰ</em></strong></span> <span class='ocrx_word' id='word_1_123' title='bbox 222 1097 485 1156; x_wconf 77' lang='grc' dir='ltr'><strong><em>παραιγιάλια</em></strong></span> <span class='ocrx_word' id='word_1_124' title='bbox 508 1098 639 1150; x_wconf 80' lang='grc' dir='ltr'><strong><em>πάντα</em></strong></span> <span class='ocrx_word' id='word_1_125' title='bbox 658 1107 742 1151; x_wconf 76' lang='grc' dir='ltr'><strong><em>τοῖς</em></strong></span> <span class='ocrx_word' id='word_1_126' title='bbox 754 1101 920 1151; x_wconf 79' lang='grc' dir='ltr'><strong><em>Ἰταλοῖς</em></strong></span> <span class='ocrx_word' id='word_1_127' title='bbox 937 1098 1128 1158; x_wconf 79' lang='grc' dir='ltr'><strong><em>ὖπόφορα</em></strong></span> <span class='ocrx_word' id='word_1_128' title='bbox 1150 1099 1259 1142; x_wconf 80' lang='grc' dir='ltr'><strong><em>ὄντα.</em></strong></span> 
     </span>
     <span class='ocr_line' id='line_1_16' title="bbox 284 1164 1599 1223; baseline -0.005 -11"><span class='ocrx_word' id='word_1_129' title='bbox 284 1167 363 1212; x_wconf 78' lang='grc'>23.</span> <span class='ocrx_word' id='word_1_130' title='bbox 425 1167 494 1210; x_wconf 86' lang='grc' dir='ltr'>Ἔν</span> <span class='ocrx_word' id='word_1_131' title='bbox 522 1171 698 1211; x_wconf 78' lang='grc' dir='ltr'><strong><em>τουτοισὶ</em></strong></span> <span class='ocrx_word' id='word_1_132' title='bbox 727 1170 770 1211; x_wconf 79' lang='grc' dir='ltr'>δὲ</span> <span class='ocrx_word' id='word_1_133' title='bbox 801 1168 914 1219; x_wconf 72' lang='grc' dir='ltr'><strong><em>ὄντος</em></strong></span> <span class='ocrx_word' id='word_1_134' title='bbox 942 1173 1015 1211; x_wconf 81' lang='grc' dir='ltr'>τοῦ</span> <span class='ocrx_word' id='word_1_135' title='bbox 1041 1169 1238 1223; x_wconf 79' lang='grc' dir='ltr'><strong><em>βασιλέως</em></strong></span> <span class='ocrx_word' id='word_1_136' title='bbox 1271 1164 1481 1217; x_wconf 80' lang='grc' dir='ltr'><strong><em>Ἰωάννου,</em></strong></span> <span class='ocrx_word' id='word_1_137' title='bbox 1531 1165 1599 1207; x_wconf 81' lang='grc' dir='ltr'>καὶ</span> 
     </span>
     <span class='ocr_line' id='line_1_17' title="bbox 96 1233 1598 1293; baseline -0.001 -15"><span class='ocrx_word' id='word_1_138' title='bbox 96 1241 139 1278; x_wconf 85' lang='grc'>15</span> <span class='ocrx_word' id='word_1_139' title='bbox 150 1233 334 1292; x_wconf 73' lang='grc' dir='ltr'><strong><em>ἀκρατῶς</em></strong></span> <span class='ocrx_word' id='word_1_140' title='bbox 354 1236 584 1290; x_wconf 73' lang='grc' dir='ltr'><strong><em>μαχομένου</em></strong></span> <span class='ocrx_word' id='word_1_141' title='bbox 608 1243 692 1287; x_wconf 82' lang='grc' dir='ltr'><strong><em>τοῖς</em></strong></span> <span class='ocrx_word' id='word_1_142' title='bbox 717 1237 884 1288; x_wconf 81' lang='grc' dir='ltr'><strong><em>Ἰταλοῖς</em></strong></span> <span class='ocrx_word' id='word_1_143' title='bbox 912 1235 1017 1279; x_wconf 81' lang='grc' dir='ltr'><strong><em>κατά</em></strong></span> <span class='ocrx_word' id='word_1_144' title='bbox 1043 1254 1084 1279; x_wconf 83' lang='grc' dir='ltr'>τε</span> <span class='ocrx_word' id='word_1_145' title='bbox 1110 1237 1258 1293; x_wconf 78' lang='grc' dir='ltr'><strong><em>χέρσον</em></strong></span> <span class='ocrx_word' id='word_1_146' title='bbox 1279 1238 1346 1278; x_wconf 85' lang='grc' dir='ltr'>καὶ</span> <span class='ocrx_word' id='word_1_147' title='bbox 1366 1233 1598 1285; x_wconf 76' lang='grc' dir='ltr'><strong><em>θάλασσαν,</em></strong></span> 
     </span>
     <span class='ocr_line' id='line_1_18' title="bbox 149 1302 1598 1361; baseline -0.001 -16"><span class='ocrx_word' id='word_1_148' title='bbox 149 1309 403 1360; x_wconf 82' lang='grc' dir='ltr'><strong><em>σκευωρεῖται</em></strong></span> <span class='ocrx_word' id='word_1_149' title='bbox 420 1302 549 1361; x_wconf 77' lang='grc' dir='ltr'><strong><em>τούτῳ</em></strong></span> <span class='ocrx_word' id='word_1_150' title='bbox 570 1303 775 1359; x_wconf 72' lang='grc' dir='ltr'><strong><em>ἐπιβουλή.</em></strong></span> <span class='ocrx_word' id='word_1_151' title='bbox 823 1303 843 1346; x_wconf 85' lang='grc' dir='ltr'><strong><em>ὃ</em></strong></span> <span class='ocrx_word' id='word_1_152' title='bbox 866 1305 909 1346; x_wconf 77' lang='grc' dir='ltr'>δὲ</span> <span class='ocrx_word' id='word_1_153' title='bbox 926 1303 1075 1359; x_wconf 77' lang='grc' dir='ltr'><strong><em>ταύτην</em></strong></span> <span class='ocrx_word' id='word_1_154' title='bbox 1101 1303 1399 1358; x_wconf 82' lang='grc' dir='ltr'><strong><em>συστησάμενος</em></strong></span> <span class='ocrx_word' id='word_1_155' title='bbox 1419 1304 1598 1357; x_wconf 59' lang='grc' dir='ltr'><strong><em>πρωτεξυ</em></strong></span> 
     </span>
     <span class='ocr_line' id='line_1_19' title="bbox 149 1365 1600 1429; baseline -0.002 -16"><span class='ocrx_word' id='word_1_156' title='bbox 149 1369 324 1429; x_wconf 78' lang='grc' dir='ltr'><strong><em>άδελφος</em></strong></span> <span class='ocrx_word' id='word_1_157' title='bbox 354 1365 404 1423; x_wconf 79' lang='grc' dir='ltr'>ἦν</span> <span class='ocrx_word' id='word_1_158' title='bbox 431 1375 504 1414; x_wconf 82' lang='grc' dir='ltr'><em>τοῦ</em></span> <span class='ocrx_word' id='word_1_159' title='bbox 532 1373 730 1425; x_wconf 80' lang='grc' dir='ltr'><strong><em>βασιλέως</em></strong></span> <span class='ocrx_word' id='word_1_160' title='bbox 757 1370 778 1414; x_wconf 84' lang='grc' dir='ltr'><em>ὃ</em></span> <span class='ocrx_word' id='word_1_161' title='bbox 808 1370 1037 1428; x_wconf 79' lang='grc' dir='ltr'><strong><em>Νεστόγγος</em></strong></span> <span class='ocrx_word' id='word_1_162' title='bbox 1056 1370 1318 1428; x_wconf 76' lang='grc' dir='ltr'><strong><em>Ἀνδρόνικος.</em></strong></span> <span class='ocrx_word' id='word_1_163' title='bbox 1385 1368 1521 1412; x_wconf 75' lang='grc' dir='ltr'><strong><em>οὑτοσὶ</em></strong></span> <span class='ocrx_word' id='word_1_164' title='bbox 1555 1368 1600 1410; x_wconf 76' lang='grc' dir='ltr'>δὲ</span> 
     </span>
     <span class='ocr_line' id='line_1_20' title="bbox 148 1437 1600 1497; baseline -0.002 -16"><span class='ocrx_word' id='word_1_165' title='bbox 148 1441 216 1482; x_wconf 83' lang='grc' dir='ltr'><strong><em>καὶ</em></strong></span> <span class='ocrx_word' id='word_1_166' title='bbox 243 1439 318 1495; x_wconf 85' lang='grc' dir='ltr'>τὴν</span> <span class='ocrx_word' id='word_1_167' title='bbox 344 1443 418 1494; x_wconf 84' lang='grc' dir='ltr'>τῆς</span> <span class='ocrx_word' id='word_1_168' title='bbox 445 1441 670 1496; x_wconf 76' lang='grc' dir='ltr'><strong><em>συγγενείας</em></strong></span> <span class='ocrx_word' id='word_1_169' title='bbox 698 1440 832 1494; x_wconf 80' lang='grc' dir='ltr'><strong><em>σχέσιν</em></strong></span> <span class='ocrx_word' id='word_1_170' title='bbox 862 1440 963 1497; x_wconf 71' lang='grc' dir='ltr'><strong><em>παρ’</em></strong></span> <span class='ocrx_word' id='word_1_171' title='bbox 997 1440 1110 1487; x_wconf 74' lang='grc' dir='ltr'><strong><em>οὐδὲν</em></strong></span> <span class='ocrx_word' id='word_1_172' title='bbox 1140 1440 1312 1494; x_wconf 74' lang='grc' dir='ltr'><strong><em>θέμενος</em></strong></span> <span class='ocrx_word' id='word_1_173' title='bbox 1341 1439 1407 1480; x_wconf 83' lang='grc' dir='ltr'>καὶ</span> <span class='ocrx_word' id='word_1_174' title='bbox 1436 1437 1506 1480; x_wconf 82' lang='grc' dir='ltr'>τὸν</span> <span class='ocrx_word' id='word_1_175' title='bbox 1527 1439 1600 1490; x_wconf 81' lang='grc' dir='ltr'>τῆς</span> 
     </span>
     <span class='ocr_line' id='line_1_21' title="bbox 149 1505 1597 1565; baseline -0.001 -17"><span class='ocrx_word' id='word_1_176' title='bbox 149 1508 287 1564; x_wconf 82' lang='grc' dir='ltr'><strong><em>φιλίας</em></strong></span> <span class='ocrx_word' id='word_1_177' title='bbox 318 1506 550 1564; x_wconf 75' lang='grc' dir='ltr'><strong><em>ἀπορρήξας</em></strong></span> <span class='ocrx_word' id='word_1_178' title='bbox 580 1508 727 1562; x_wconf 82' lang='grc' dir='ltr'><strong><em>δεσμὸν</em></strong></span> <span class='ocrx_word' id='word_1_179' title='bbox 760 1509 978 1565; x_wconf 83' lang='grc' dir='ltr'><strong><em>ἀνταρσίαν</em></strong></span> <span class='ocrx_word' id='word_1_180' title='bbox 1014 1508 1118 1550; x_wconf 78' lang='grc' dir='ltr'><strong><em>κατὰ</em></strong></span> <span class='ocrx_word' id='word_1_181' title='bbox 1155 1511 1229 1550; x_wconf 79' lang='grc' dir='ltr'>τοῦ</span> <span class='ocrx_word' id='word_1_182' title='bbox 1263 1505 1597 1564; x_wconf 81' lang='grc' dir='ltr'><strong><em>πρωτεξαδέλφου</em></strong></span> 
     </span>
     <span class='ocr_line' id='line_1_22' title="bbox 92 1570 1597 1632; baseline -0.002 -15"><span class='ocrx_word' id='word_1_183' title='bbox 92 1581 139 1617; x_wconf 80' lang='grc'>20</span> <span class='ocrx_word' id='word_1_184' title='bbox 145 1575 344 1629; x_wconf 77' lang='grc' dir='ltr'><strong><em>βασιλέως</em></strong></span> <span class='ocrx_word' id='word_1_185' title='bbox 361 1575 636 1630; x_wconf 73' lang='grc' dir='ltr'><strong><em>βεβούλευται,</em></strong></span> <span class='ocrx_word' id='word_1_186' title='bbox 658 1576 758 1630; x_wconf 66' lang='grc' dir='ltr'><strong><em>ἔχων</em></strong></span> <span class='ocrx_word' id='word_1_187' title='bbox 776 1577 965 1632; x_wconf 82' lang='grc' dir='ltr'><strong><em>συνεργὸν</em></strong></span> <span class='ocrx_word' id='word_1_188' title='bbox 981 1578 1037 1625; x_wconf 82' lang='grc' dir='ltr'>εἰς</span> <span class='ocrx_word' id='word_1_189' title='bbox 1053 1580 1169 1618; x_wconf 82' lang='grc' dir='ltr'><strong><em>τοῦτο</em></strong></span> <span class='ocrx_word' id='word_1_190' title='bbox 1189 1576 1259 1618; x_wconf 81' lang='grc' dir='ltr'>τὸν</span> <span class='ocrx_word' id='word_1_191' title='bbox 1276 1574 1451 1631; x_wconf 80' lang='grc' dir='ltr'><strong><em>ἀδελφὸν</em></strong></span> <span class='ocrx_word' id='word_1_192' title='bbox 1460 1570 1597 1615; x_wconf 80' lang='grc' dir='ltr'><strong><em>Ἰσαά-</em></strong></span> 
     </span>
     <span class='ocr_line' id='line_1_23' title="bbox 146 1640 1598 1702; baseline -0.003 -16"><span class='ocrx_word' id='word_1_193' title='bbox 146 1660 232 1686; x_wconf 83' lang='grc' dir='ltr'><strong><em>κιον</em></strong></span> <span class='ocrx_word' id='word_1_194' title='bbox 255 1645 323 1686; x_wconf 82' lang='grc' dir='ltr'>καὶ</span> <span class='ocrx_word' id='word_1_195' title='bbox 344 1641 504 1700; x_wconf 71' lang='grc' dir='ltr'><strong><em>ἑτέρους</em></strong></span> <span class='ocrx_word' id='word_1_196' title='bbox 525 1647 606 1686; x_wconf 79' lang='grc' dir='ltr'>τῶν</span> <span class='ocrx_word' id='word_1_197' title='bbox 629 1645 833 1702; x_wconf 71' lang='grc' dir='ltr'><strong><em>ἐπιφανῶν</em></strong></span> <span class='ocrx_word' id='word_1_198' title='bbox 855 1645 927 1686; x_wconf 79' lang='grc' dir='ltr'><strong><em>οὐκ</em></strong></span> <span class='ocrx_word' id='word_1_199' title='bbox 946 1644 1126 1699; x_wconf 80' lang='grc' dir='ltr'><strong><em>ὀλίγους,</em></strong></span> <span class='ocrx_word' id='word_1_200' title='bbox 1167 1642 1238 1686; x_wconf 85' lang='grc' dir='ltr'>τόν</span> <span class='ocrx_word' id='word_1_201' title='bbox 1256 1660 1298 1686; x_wconf 82' lang='grc' dir='ltr'>τε</span> <span class='ocrx_word' id='word_1_202' title='bbox 1323 1640 1598 1696; x_wconf 79' lang='grc' dir='ltr'><strong><em>Φλαμούλιον,</em></strong></span> 
     </span>
    </p>
   </div>
   <div class='ocr_carea' id='block_1_4' title="bbox 236 1731 1598 2012">
    <p class='ocr_par' dir='ltr' id='par_1_4' title="bbox 236 1731 1598 2012">
     <span class='ocr_line' id='line_1_24' title="bbox 238 1731 1598 1783; baseline -0.008 -4"><span class='ocrx_word' id='word_1_203' title='bbox 238 1739 259 1774; x_wconf 88' lang='grc'>1</span> <span class='ocrx_word' id='word_1_204' title='bbox 282 1733 334 1777; x_wconf 70' lang='lat'>⁰36</span> <span class='ocrx_word' id='word_1_205' title='bbox 357 1735 420 1782; x_wconf 59' lang='grc' dir='ltr'>δὲ]</span> <span class='ocrx_word' id='word_1_206' title='bbox 445 1733 488 1778; x_wconf 69' lang='grc'>36·</span> <span class='ocrx_word' id='word_1_207' title='bbox 508 1738 542 1772; x_wconf 89' lang='lat' dir='ltr'>D</span> <span class='ocrx_word' id='word_1_208' title='bbox 680 1735 701 1775; x_wconf 83' lang='lat' dir='ltr'>o‘</span> <span class='ocrx_word' id='word_1_209' title='bbox 729 1758 776 1765; x_wconf 90' lang='lat'>—</span> <span class='ocrx_word' id='word_1_210' title='bbox 798 1738 1069 1783; x_wconf 80' lang='grc' dir='ltr'><strong><em>παρακαιρίους</em></strong></span> <span class='ocrx_word' id='word_1_211' title='bbox 1092 1749 1145 1772; x_wconf 91' lang='lat' dir='ltr'>om</span> <span class='ocrx_word' id='word_1_212' title='bbox 1164 1738 1197 1772; x_wconf 84' lang='lat'>1)</span> <span class='ocrx_word' id='word_1_213' title='bbox 1334 1738 1357 1771; x_wconf 75' lang='lat'>2</span> <span class='ocrx_word' id='word_1_214' title='bbox 1378 1733 1447 1780; x_wconf 74' lang='grc' dir='ltr'>γάρ</span> <span class='ocrx_word' id='word_1_215' title='bbox 1472 1732 1553 1779; x_wconf 80' lang='grc' dir='ltr'><strong><em>ἔαρι</em></strong></span> <span class='ocrx_word' id='word_1_216' title='bbox 1574 1731 1598 1779; x_wconf 80' lang='grc' dir='ltr'><strong><em>ἢ</em></strong></span> 
     </span>
     <span class='ocr_line' id='line_1_25' title="bbox 237 1779 1598 1828; baseline -0.004 -10"><span class='ocrx_word' id='word_1_217' title='bbox 237 1782 343 1826; x_wconf 76' lang='grc' dir='ltr'><strong><em>θέρει</em></strong></span> <span class='ocrx_word' id='word_1_218' title='bbox 363 1794 403 1818; x_wconf 89' lang='grc' dir='ltr'>τε</span> <span class='ocrx_word' id='word_1_219' title='bbox 424 1779 449 1828; x_wconf 83' lang='grc' dir='ltr'><em>ἢ</em></span> <span class='ocrx_word' id='word_1_220' title='bbox 471 1784 504 1818; x_wconf 87' lang='lat' dir='ltr'>D</span> <span class='ocrx_word' id='word_1_221' title='bbox 686 1787 709 1820; x_wconf 88' lang='lat'><strong>6</strong></span> <span class='ocrx_word' id='word_1_222' title='bbox 732 1781 782 1824; x_wconf 70' lang='grc' dir='ltr'>αῖς</span> <span class='ocrx_word' id='word_1_223' title='bbox 805 1784 988 1828; x_wconf 76' lang='grc' dir='ltr'><strong><em>δεσμῶται</em></strong></span> <span class='ocrx_word' id='word_1_224' title='bbox 1011 1795 1065 1817; x_wconf 91' lang='lat' dir='ltr'>om</span> <span class='ocrx_word' id='word_1_225' title='bbox 1087 1784 1119 1817; x_wconf 95' lang='lat' dir='ltr'>D</span> <span class='ocrx_word' id='word_1_226' title='bbox 1299 1779 1376 1816; x_wconf 67' lang='grc' dir='ltr'>’ὑπὸ</span> <span class='ocrx_word' id='word_1_227' title='bbox 1402 1781 1470 1815; x_wconf 85' lang='grc' dir='ltr'>τοῦ</span> <span class='ocrx_word' id='word_1_228' title='bbox 1495 1780 1598 1825; x_wconf 79' lang='grc' dir='ltr'><strong><em>βασι-</em></strong></span> 
     </span>
     <span class='ocr_line' id='line_1_26' title="bbox 237 1825 1596 1882; baseline -0.004 -18"><span class='ocrx_word' id='word_1_229' title='bbox 237 1826 328 1869; x_wconf 66' lang='lat' dir='ltr'>adme</span> <span class='ocrx_word' id='word_1_230' title='bbox 349 1840 402 1862; x_wconf 89' lang='lat' dir='ltr'>om</span> <span class='ocrx_word' id='word_1_231' title='bbox 424 1829 456 1863; x_wconf 94' lang='lat' dir='ltr'>D</span> <span class='ocrx_word' id='word_1_232' title='bbox 591 1831 614 1865; x_wconf 82' lang='lat'><em>7</em></span> <span class='ocrx_word' id='word_1_233' title='bbox 635 1831 792 1864; x_wconf 83' lang='grc' dir='ltr'><strong><em>Λεντίνα</em></strong></span> <span class='ocrx_word' id='word_1_234' title='bbox 818 1830 849 1864; x_wconf 91' lang='lat' dir='ltr'>D</span> <span class='ocrx_word' id='word_1_235' title='bbox 956 1831 978 1864; x_wconf 90' lang='lat'>8</span> <span class='ocrx_word' id='word_1_236' title='bbox 1001 1828 1188 1868; x_wconf 81' lang='grc' dir='ltr'><strong><em>παντοίως</em></strong></span> <span class='ocrx_word' id='word_1_237' title='bbox 1201 1850 1246 1856; x_wconf 88' lang='grc'><strong>-</strong></span> <span class='ocrx_word' id='word_1_238' title='bbox 1261 1825 1466 1882; x_wconf 75' lang='grc' dir='ltr'><strong><em>μαχόμενος</em></strong></span> <span class='ocrx_word' id='word_1_239' title='bbox 1488 1837 1541 1859; x_wconf 92' lang='lat' dir='ltr'>om</span> <span class='ocrx_word' id='word_1_240' title='bbox 1565 1826 1596 1859; x_wconf 90' lang='lat' dir='ltr'>D</span> 
     </span>
     <span class='ocr_line' id='line_1_27' title="bbox 236 1871 1594 1917; baseline -0.004 -9"><span class='ocrx_word' id='word_1_241' title='bbox 236 1875 260 1909; x_wconf 87' lang='lat'><em>9</em></span> <span class='ocrx_word' id='word_1_242' title='bbox 281 1885 322 1908; x_wconf 84' lang='grc' dir='ltr'>τε</span> <span class='ocrx_word' id='word_1_243' title='bbox 352 1872 416 1908; x_wconf 78' lang='grc' dir='ltr'><strong><em>καὶ</em></strong></span> <span class='ocrx_word' id='word_1_244' title='bbox 449 1874 724 1915; x_wconf 80' lang='grc' dir='ltr'><strong><em>κατασκευάσας</em></strong></span> <span class='ocrx_word' id='word_1_245' title='bbox 753 1874 815 1910; x_wconf 75' lang='grc' dir='ltr'><strong><em>καὶ</em></strong></span> <span class='ocrx_word' id='word_1_246' title='bbox 845 1875 877 1910; x_wconf 93' lang='lat' dir='ltr'>D</span> <span class='ocrx_word' id='word_1_247' title='bbox 1063 1877 1106 1909; x_wconf 91' lang='lat'>10</span> <span class='ocrx_word' id='word_1_248' title='bbox 1127 1872 1166 1908; x_wconf 78' lang='grc' dir='ltr'>ἐν</span> <span class='ocrx_word' id='word_1_249' title='bbox 1181 1895 1227 1901; x_wconf 94' lang='grc'>-</span> <span class='ocrx_word' id='word_1_250' title='bbox 1243 1871 1463 1917; x_wconf 81' lang='grc' dir='ltr'><strong><em>ὄνομαζεται</em></strong></span> <span class='ocrx_word' id='word_1_251' title='bbox 1487 1883 1539 1904; x_wconf 90' lang='lat' dir='ltr'>om</span> <span class='ocrx_word' id='word_1_252' title='bbox 1564 1871 1594 1904; x_wconf 94' lang='lat' dir='ltr'>D</span> 
     </span>
     <span class='ocr_line' id='line_1_28' title="bbox 238 1916 1595 1965; baseline -0.003 -12"><span class='ocrx_word' id='word_1_253' title='bbox 238 1916 390 1965; x_wconf 71' lang='grc' dir='ltr'><strong><em>αὐτοῖς]</em></strong></span> <span class='ocrx_word' id='word_1_254' title='bbox 429 1919 605 1962; x_wconf 81' lang='grc' dir='ltr'><strong><em>Λατίνοις</em></strong></span> <span class='ocrx_word' id='word_1_255' title='bbox 639 1921 672 1954; x_wconf 91' lang='lat' dir='ltr'>D</span> <span class='ocrx_word' id='word_1_256' title='bbox 857 1922 900 1956; x_wconf 90' lang='lat'>16</span> <span class='ocrx_word' id='word_1_257' title='bbox 935 1923 1166 1964; x_wconf 77' lang='grc' dir='ltr'><strong><em>σκαιωρεῖται</em></strong></span> <span class='ocrx_word' id='word_1_258' title='bbox 1198 1919 1230 1953; x_wconf 89' lang='lat' dir='ltr'>D</span> <span class='ocrx_word' id='word_1_259' title='bbox 1413 1917 1534 1951; x_wconf 85' lang='grc' dir='ltr'><strong><em>ταῦτα</em></strong></span> <span class='ocrx_word' id='word_1_260' title='bbox 1563 1916 1595 1949; x_wconf 94' lang='lat' dir='ltr'>D</span> 
     </span>
     <span class='ocr_line' id='line_1_29' title="bbox 238 1959 1596 2012; baseline -0.003 -12"><span class='ocrx_word' id='word_1_261' title='bbox 238 1966 282 2000; x_wconf 85' lang='lat'>17</span> <span class='ocrx_word' id='word_1_262' title='bbox 310 1959 359 2009; x_wconf 79' lang='grc' dir='ltr'>ἦν</span> <span class='ocrx_word' id='word_1_263' title='bbox 383 1976 435 1999; x_wconf 91' lang='lat' dir='ltr'>om</span> <span class='ocrx_word' id='word_1_264' title='bbox 457 1966 489 2000; x_wconf 91' lang='lat' dir='ltr'>D</span> <span class='ocrx_word' id='word_1_265' title='bbox 628 1964 754 2002; x_wconf 72' lang='grc' dir='ltr'><strong><em>οὑτοσὶ</em></strong></span> <span class='ocrx_word' id='word_1_266' title='bbox 770 1985 811 1993; x_wconf 86' lang='grc'><strong>-</strong></span> <span class='ocrx_word' id='word_1_267' title='bbox 831 1965 1071 2012; x_wconf 78' lang='grc' dir='ltr'><strong><em>βεβούλευται</em></strong></span> <span class='ocrx_word' id='word_1_268' title='bbox 1093 1977 1146 2000; x_wconf 91' lang='lat' dir='ltr'>om</span> <span class='ocrx_word' id='word_1_269' title='bbox 1167 1965 1199 1998; x_wconf 95' lang='lat' dir='ltr'>D</span> <span class='ocrx_word' id='word_1_270' title='bbox 1336 1964 1379 1998; x_wconf 75' lang='lat'>21</span> <span class='ocrx_word' id='word_1_271' title='bbox 1406 1962 1474 1997; x_wconf 87' lang='grc' dir='ltr'>τόν</span> <span class='ocrx_word' id='word_1_272' title='bbox 1494 1973 1532 1996; x_wconf 84' lang='grc' dir='ltr'>τε</span> <span class='ocrx_word' id='word_1_273' title='bbox 1550 1980 1596 1987; x_wconf 89' lang='grc'>--</span> 
     </span>
    </p>
   </div>
   <div class='ocr_carea' id='block_1_5' title="bbox 237 2006 542 2056">
    <p class='ocr_par' dir='ltr' id='par_1_5' title="bbox 237 2006 542 2056">
     <span class='ocr_line' id='line_1_30' title="bbox 237 2006 542 2056; baseline 0.01 -12"><span class='ocrx_word' id='word_1_274' title='bbox 237 2006 402 2056; x_wconf 75' lang='grc' dir='ltr'><strong><em>ἀριθμόν</em></strong></span> <span class='ocrx_word' id='word_1_275' title='bbox 422 2022 474 2046; x_wconf 89' lang='lat' dir='ltr'>om</span> <span class='ocrx_word' id='word_1_276' title='bbox 496 2011 542 2047; x_wconf 87' lang='lat' dir='ltr'>D.</span> 
     </span>
    </p>
   </div>
   <div class='ocr_carea' id='block_1_6' title="bbox 145 2087 1594 2865">
    <p class='ocr_par' dir='ltr' id='par_1_6' title="bbox 145 2087 1594 2625">
     <span class='ocr_line' id='line_1_31' title="bbox 145 2087 1594 2138; baseline -0.003 -13"><span class='ocrx_word' id='word_1_277' title='bbox 145 2101 277 2138; x_wconf 79' lang='lat' dir='ltr'>opeque</span> <span class='ocrx_word' id='word_1_278' title='bbox 291 2089 454 2124; x_wconf 83' lang='lat' dir='ltr'>destituta</span> <span class='ocrx_word' id='word_1_279' title='bbox 469 2101 685 2135; x_wconf 65' lang='lat' dir='ltr'>expugnaret</span> <span class='ocrx_word' id='word_1_280' title='bbox 715 2089 883 2135; x_wconf 80' lang='lat' dir='ltr'>paululum</span> <span class='ocrx_word' id='word_1_281' title='bbox 899 2089 984 2123; x_wconf 88' lang='lat' dir='ltr'>enim</span> <span class='ocrx_word' id='word_1_282' title='bbox 999 2089 1057 2133; x_wconf 88' lang='lat' dir='ltr'>qui</span> <span class='ocrx_word' id='word_1_283' title='bbox 1071 2088 1106 2122; x_wconf 91' lang='lat' dir='ltr'>in</span> <span class='ocrx_word' id='word_1_284' title='bbox 1120 2087 1250 2133; x_wconf 75' lang='lat' dir='ltr'>oppidis</span> <span class='ocrx_word' id='word_1_285' title='bbox 1265 2090 1379 2130; x_wconf 77' lang='lat' dir='ltr'>erant,</span> <span class='ocrx_word' id='word_1_286' title='bbox 1405 2087 1594 2128; x_wconf 76' lang='lat' dir='ltr'>obsistere3</span> 
     </span>
     <span class='ocr_line' id='line_1_32' title="bbox 147 2133 1594 2181; baseline -0.003 -10"><span class='ocrx_word' id='word_1_287' title='bbox 147 2137 208 2171; x_wconf 82' lang='lat' dir='ltr'>sed</span> <span class='ocrx_word' id='word_1_288' title='bbox 223 2147 296 2170; x_wconf 88' lang='lat' dir='ltr'>cum</span> <span class='ocrx_word' id='word_1_289' title='bbox 311 2136 570 2171; x_wconf 77' lang='lat' dir='ltr'>diuturnioribus</span> <span class='ocrx_word' id='word_1_290' title='bbox 586 2140 620 2170; x_wconf 85' lang='lat' dir='ltr'>et</span> <span class='ocrx_word' id='word_1_291' title='bbox 635 2135 839 2181; x_wconf 81' lang='lat' dir='ltr'>potissimum</span> <span class='ocrx_word' id='word_1_292' title='bbox 855 2134 1096 2180; x_wconf 75' lang='lat' dir='ltr'>intempestivis</span> <span class='ocrx_word' id='word_1_293' title='bbox 1116 2136 1246 2179; x_wconf 86' lang='lat' dir='ltr'>(neque</span> <span class='ocrx_word' id='word_1_294' title='bbox 1264 2133 1349 2167; x_wconf 87' lang='lat' dir='ltr'>enim</span> <span class='ocrx_word' id='word_1_295' title='bbox 1365 2144 1446 2167; x_wconf 86' lang='lat' dir='ltr'>vere</span> <span class='ocrx_word' id='word_1_296' title='bbox 1458 2137 1516 2167; x_wconf 80' lang='lat' dir='ltr'>aut</span> <span class='ocrx_word' id='word_1_297' title='bbox 1530 2143 1594 2166; x_wconf 82' lang='lat' dir='ltr'>au—</span> 
     </span>
     <span class='ocr_line' id='line_1_33' title="bbox 146 2177 1594 2226; baseline -0.004 -9"><span class='ocrx_word' id='word_1_298' title='bbox 146 2187 260 2216; x_wconf 76' lang='lat' dir='ltr'>tumno</span> <span class='ocrx_word' id='word_1_299' title='bbox 273 2186 333 2216; x_wconf 76' lang='lat' dir='ltr'>aut</span> <span class='ocrx_word' id='word_1_300' title='bbox 345 2187 494 2226; x_wconf 78' lang='lat' dir='ltr'>aestate,</span> <span class='ocrx_word' id='word_1_301' title='bbox 517 2182 577 2216; x_wconf 83' lang='lat' dir='ltr'>sed</span> <span class='ocrx_word' id='word_1_302' title='bbox 593 2181 701 2215; x_wconf 86' lang='lat' dir='ltr'>hieme</span> <span class='ocrx_word' id='word_1_303' title='bbox 717 2181 824 2215; x_wconf 84' lang='lat' dir='ltr'>media</span> <span class='ocrx_word' id='word_1_304' title='bbox 839 2180 1041 2226; x_wconf 72' lang='lat' dir='ltr'>irruptiones</span> <span class='ocrx_word' id='word_1_305' title='bbox 1056 2179 1224 2222; x_wconf 81' lang='lat' dir='ltr'>faciebat,</span> <span class='ocrx_word' id='word_1_306' title='bbox 1249 2179 1451 2212; x_wconf 76' lang='lat' dir='ltr'>admovebat</span> <span class='ocrx_word' id='word_1_307' title='bbox 1467 2177 1594 2212; x_wconf 84' lang='lat' dir='ltr'>machi-</span> 
     </span>
     <span class='ocr_line' id='line_1_34' title="bbox 147 2223 1593 2272; baseline -0.003 -10"><span class='ocrx_word' id='word_1_308' title='bbox 147 2238 208 2262; x_wconf 74' lang='lat' dir='ltr'>nas</span> <span class='ocrx_word' id='word_1_309' title='bbox 222 2231 258 2262; x_wconf 88' lang='lat' dir='ltr'>et</span> <span class='ocrx_word' id='word_1_310' title='bbox 270 2228 524 2272; x_wconf 77' lang='lat' dir='ltr'>propugnacula</span> <span class='ocrx_word' id='word_1_311' title='bbox 537 2227 731 2270; x_wconf 80' lang='lat' dir='ltr'>deiiciebat)</span> <span class='ocrx_word' id='word_1_312' title='bbox 749 2226 973 2260; x_wconf 80' lang='lat' dir='ltr'>obsidionibus</span> <span class='ocrx_word' id='word_1_313' title='bbox 988 2230 1135 2270; x_wconf 79' lang='lat' dir='ltr'>urgeret,</span> <span class='ocrx_word' id='word_1_314' title='bbox 1158 2225 1217 2271; x_wconf 89' lang='lat' dir='ltr'>qui</span> <span class='ocrx_word' id='word_1_315' title='bbox 1231 2224 1266 2259; x_wconf 88' lang='lat' dir='ltr'>in</span> <span class='ocrx_word' id='word_1_316' title='bbox 1281 2224 1347 2258; x_wconf 85' lang='lat' dir='ltr'>illis</span> <span class='ocrx_word' id='word_1_317' title='bbox 1360 2228 1470 2266; x_wconf 81' lang='lat' dir='ltr'>erant,</span> <span class='ocrx_word' id='word_1_318' title='bbox 1495 2223 1593 2257; x_wconf 78' lang='lat' dir='ltr'>defa-</span> 
     </span>
     <span class='ocr_line' id='line_1_35' title="bbox 147 2270 1593 2317; baseline -0.003 -10"><span class='ocrx_word' id='word_1_319' title='bbox 147 2272 245 2317; x_wconf 68' lang='lat' dir='ltr'>tigati</span> <span class='ocrx_word' id='word_1_320' title='bbox 259 2283 312 2315; x_wconf 72' lang='lat' dir='ltr'>ea,</span> <span class='ocrx_word' id='word_1_321' title='bbox 337 2273 548 2308; x_wconf 81' lang='lat' dir='ltr'>iureiurando</span> <span class='ocrx_word' id='word_1_322' title='bbox 563 2273 666 2307; x_wconf 82' lang='lat' dir='ltr'>vitam</span> <span class='ocrx_word' id='word_1_323' title='bbox 682 2273 898 2314; x_wconf 81' lang='lat' dir='ltr'>redimentes,</span> <span class='ocrx_word' id='word_1_324' title='bbox 923 2272 1056 2310; x_wconf 85' lang='lat' dir='ltr'>dedere,</span> <span class='ocrx_word' id='word_1_325' title='bbox 1079 2271 1228 2317; x_wconf 86' lang='lat' dir='ltr'>plerique</span> <span class='ocrx_word' id='word_1_326' title='bbox 1243 2270 1340 2304; x_wconf 83' lang='lat' dir='ltr'>etiam</span> <span class='ocrx_word' id='word_1_327' title='bbox 1357 2281 1399 2303; x_wconf 86' lang='lat' dir='ltr'>ex</span> <span class='ocrx_word' id='word_1_328' title='bbox 1414 2270 1464 2303; x_wconf 87' lang='lat' dir='ltr'>his</span> <span class='ocrx_word' id='word_1_329' title='bbox 1478 2280 1593 2314; x_wconf 80' lang='lat' dir='ltr'>pugna</span> 
     </span>
     <span class='ocr_line' id='line_1_36' title="bbox 147 2315 1593 2364; baseline -0.002 -13"><span class='ocrx_word' id='word_1_330' title='bbox 147 2317 376 2363; x_wconf 71' lang='lat' dir='ltr'>periclitantes</span> <span class='ocrx_word' id='word_1_331' title='bbox 391 2319 554 2364; x_wconf 86' lang='lat' dir='ltr'>oppressi,</span> <span class='ocrx_word' id='word_1_332' title='bbox 577 2324 734 2363; x_wconf 78' lang='lat' dir='ltr'>tanquam</span> <span class='ocrx_word' id='word_1_333' title='bbox 752 2318 875 2363; x_wconf 84' lang='lat' dir='ltr'>captivi</span> <span class='ocrx_word' id='word_1_334' title='bbox 892 2317 1085 2363; x_wconf 83' lang='lat' dir='ltr'>mancipati.</span> <span class='ocrx_word' id='word_1_335' title='bbox 1115 2317 1163 2350; x_wconf 87' lang='lat' dir='ltr'>sic</span> <span class='ocrx_word' id='word_1_336' title='bbox 1178 2317 1220 2350; x_wconf 84' lang='lat' dir='ltr'>ab</span> <span class='ocrx_word' id='word_1_337' title='bbox 1235 2316 1436 2361; x_wconf 77' lang='lat' dir='ltr'>imperatore</span> <span class='ocrx_word' id='word_1_338' title='bbox 1450 2315 1593 2349; x_wconf 83' lang='lat' dir='ltr'>Poema-</span> 
     </span>
     <span class='ocr_line' id='line_1_37' title="bbox 147 2362 1592 2408; baseline -0.002 -12"><span class='ocrx_word' id='word_1_339' title='bbox 147 2373 287 2404; x_wconf 77' lang='lat' dir='ltr'>nenum‚</span> <span class='ocrx_word' id='word_1_340' title='bbox 309 2364 492 2406; x_wconf 77' lang='lat' dir='ltr'>Lentiana,</span> <span class='ocrx_word' id='word_1_341' title='bbox 518 2364 722 2406; x_wconf 70' lang='lat' dir='ltr'>Chorion-os,</span> <span class='ocrx_word' id='word_1_342' title='bbox 745 2363 986 2397; x_wconf 83' lang='lat' dir='ltr'>Berbeniacum</span> <span class='ocrx_word' id='word_1_343' title='bbox 1010 2367 1201 2408; x_wconf 77' lang='lat' dir='ltr'>expugnata</span> <span class='ocrx_word' id='word_1_344' title='bbox 1215 2366 1305 2395; x_wconf 86' lang='lat' dir='ltr'>sunt.</span> <span class='ocrx_word' id='word_1_345' title='bbox 1351 2362 1493 2394; x_wconf 83' lang='lat' dir='ltr'>loannes</span> <span class='ocrx_word' id='word_1_346' title='bbox 1510 2371 1592 2404; x_wconf 85' lang='lat' dir='ltr'>ergo</span> 
     </span>
     <span class='ocr_line' id='line_1_38' title="bbox 146 2405 1593 2455; baseline -0.002 -13"><span class='ocrx_word' id='word_1_347' title='bbox 146 2409 329 2454; x_wconf 67' lang='lat' dir='ltr'>imperator</span> <span class='ocrx_word' id='word_1_348' title='bbox 343 2409 488 2455; x_wconf 84' lang='lat' dir='ltr'>undique</span> <span class='ocrx_word' id='word_1_349' title='bbox 502 2410 623 2444; x_wconf 89' lang='lat' dir='ltr'>bellum</span> <span class='ocrx_word' id='word_1_350' title='bbox 638 2411 673 2444; x_wconf 86' lang='lat' dir='ltr'>in</span> <span class='ocrx_word' id='word_1_351' title='bbox 687 2409 828 2443; x_wconf 85' lang='lat' dir='ltr'>Latinos</span> <span class='ocrx_word' id='word_1_352' title='bbox 844 2420 1051 2443; x_wconf 81' lang='lat' dir='ltr'>commovens</span> <span class='ocrx_word' id='word_1_353' title='bbox 1069 2409 1222 2442; x_wconf 81' lang='lat' dir='ltr'>triremes</span> <span class='ocrx_word' id='word_1_354' title='bbox 1237 2407 1427 2453; x_wconf 84' lang='lat' dir='ltr'>compegit,</span> <span class='ocrx_word' id='word_1_355' title='bbox 1461 2405 1593 2451; x_wconf 80' lang='lat' dir='ltr'>pergit-</span> 
     </span>
     <span class='ocr_line' id='line_1_39' title="bbox 147 2453 1592 2507; baseline -0.002 -20"><span class='ocrx_word' id='word_1_356' title='bbox 147 2465 215 2507; x_wconf 74' lang='lat' dir='ltr'>que</span> <span class='ocrx_word' id='word_1_357' title='bbox 228 2453 262 2487; x_wconf 89' lang='lat' dir='ltr'>iu</span> <span class='ocrx_word' id='word_1_358' title='bbox 278 2454 543 2500; x_wconf 80' lang='lat' dir='ltr'>Hellespontum,</span> <span class='ocrx_word' id='word_1_359' title='bbox 560 2456 617 2490; x_wconf 91' lang='lat' dir='ltr'>ubi</span> <span class='ocrx_word' id='word_1_360' title='bbox 631 2455 741 2490; x_wconf 88' lang='lat' dir='ltr'>Holco</span> <span class='ocrx_word' id='word_1_361' title='bbox 757 2466 874 2489; x_wconf 90' lang='lat' dir='ltr'>nomen</span> <span class='ocrx_word' id='word_1_362' title='bbox 890 2459 952 2494; x_wconf 83' lang='lat' dir='ltr'>est,</span> <span class='ocrx_word' id='word_1_363' title='bbox 970 2453 1089 2499; x_wconf 86' lang='lat' dir='ltr'>quibus</span> <span class='ocrx_word' id='word_1_364' title='bbox 1105 2454 1266 2488; x_wconf 81' lang='lat' dir='ltr'>molestus</span> <span class='ocrx_word' id='word_1_365' title='bbox 1280 2457 1356 2486; x_wconf 78' lang='lat' dir='ltr'>erat</span> <span class='ocrx_word' id='word_1_366' title='bbox 1370 2457 1473 2497; x_wconf 85' lang='lat' dir='ltr'>atque</span> <span class='ocrx_word' id='word_1_367' title='bbox 1485 2462 1592 2495; x_wconf 86' lang='lat' dir='ltr'>nego-</span> 
     </span>
     <span class='ocr_line' id='line_1_40' title="bbox 148 2497 1591 2546; baseline -0.002 -13"><span class='ocrx_word' id='word_1_368' title='bbox 148 2504 254 2533; x_wconf 75' lang='lat' dir='ltr'>tiosus</span> <span class='ocrx_word' id='word_1_369' title='bbox 266 2498 301 2532; x_wconf 89' lang='lat' dir='ltr'>in</span> <span class='ocrx_word' id='word_1_370' title='bbox 317 2511 468 2534; x_wconf 77' lang='lat' dir='ltr'>occasum</span> <span class='ocrx_word' id='word_1_371' title='bbox 481 2501 643 2546; x_wconf 83' lang='lat' dir='ltr'>irrepens,</span> <span class='ocrx_word' id='word_1_372' title='bbox 665 2502 818 2535; x_wconf 83' lang='lat' dir='ltr'>fortunas</span> <span class='ocrx_word' id='word_1_373' title='bbox 832 2500 1089 2545; x_wconf 82' lang='lat' dir='ltr'>uniuscuiusque</span> <span class='ocrx_word' id='word_1_374' title='bbox 1106 2505 1141 2534; x_wconf 89' lang='lat' dir='ltr'>et</span> <span class='ocrx_word' id='word_1_375' title='bbox 1158 2500 1246 2533; x_wconf 80' lang='lat' dir='ltr'>bona</span> <span class='ocrx_word' id='word_1_376' title='bbox 1261 2498 1481 2543; x_wconf 80' lang='lat' dir='ltr'>depopulans.</span> <span class='ocrx_word' id='word_1_377' title='bbox 1504 2497 1591 2531; x_wconf 88' lang='lat' dir='ltr'>inter</span> 
     </span>
     <span class='ocr_line' id='line_1_41' title="bbox 145 2542 1592 2624; baseline -0.003 -43"><span class='ocrx_word' id='word_1_378' title='bbox 145 2556 190 2624; x_wconf 55' lang='lat' dir='ltr'>{a</span> <span class='ocrx_word' id='word_1_379' title='bbox 204 2549 240 2578; x_wconf 78' lang='lat' dir='ltr'>et</span> <span class='ocrx_word' id='word_1_380' title='bbox 256 2545 466 2623; x_wconf 44' lang='lat' dir='ltr'>hflndytarum</span> <span class='ocrx_word' id='word_1_381' title='bbox 479 2546 593 2581; x_wconf 89' lang='lat' dir='ltr'>urbem</span> <span class='ocrx_word' id='word_1_382' title='bbox 610 2551 645 2581; x_wconf 90' lang='lat' dir='ltr'>et</span> <span class='ocrx_word' id='word_1_383' title='bbox 661 2546 870 2592; x_wconf 75' lang='lat' dir='ltr'>Calliupolim</span> <span class='ocrx_word' id='word_1_384' title='bbox 894 2551 930 2581; x_wconf 86' lang='lat' dir='ltr'>et</span> <span class='ocrx_word' id='word_1_385' title='bbox 956 2557 1048 2581; x_wconf 79' lang='lat' dir='ltr'>oram</span> <span class='ocrx_word' id='word_1_386' title='bbox 1069 2545 1263 2580; x_wconf 79' lang='lat' dir='ltr'>maritimam</span> <span class='ocrx_word' id='word_1_387' title='bbox 1277 2543 1370 2578; x_wconf 84' lang='lat' dir='ltr'>Italis</span> <span class='ocrx_word' id='word_1_388' title='bbox 1382 2542 1592 2579; x_wconf 79' lang='lat' dir='ltr'>tributariam</span> 
     </span>
     <span class='ocr_line' id='line_1_42' title="bbox 171 2595 382 2625; baseline 0 -1"><span class='ocrx_word' id='word_1_389' title='bbox 171 2602 190 2624; x_wconf 92' lang='lat' dir='ltr'>e</span> <span class='ocrx_word' id='word_1_390' title='bbox 214 2601 271 2623; x_wconf 77' lang='lat' dir='ltr'>rae</span> <span class='ocrx_word' id='word_1_391' title='bbox 296 2595 382 2625; x_wconf 79' lang='lat' dir='ltr'>atur.</span> 
     </span>
    </p>

    <p class='ocr_par' dir='ltr' id='par_1_7' title="bbox 145 2602 1593 2865">
     <span class='ocr_line' id='line_1_43' title="bbox 190 2602 1593 2685; baseline -0.003 -14"><span class='ocrx_word' id='word_1_392' title='bbox 190 2602 214 2636; x_wconf 69' lang='lat' dir='ltr'>p</span> <span class='ocrx_word' id='word_1_393' title='bbox 237 2635 294 2671; x_wconf 68' lang='lat'>23.</span> <span class='ocrx_word' id='word_1_394' title='bbox 325 2636 409 2670; x_wconf 87' lang='lat' dir='ltr'>Cum</span> <span class='ocrx_word' id='word_1_395' title='bbox 425 2636 509 2672; x_wconf 77' lang='lat' dir='ltr'>haec</span> <span class='ocrx_word' id='word_1_396' title='bbox 521 2641 638 2681; x_wconf 76' lang='lat' dir='ltr'>ageret</span> <span class='ocrx_word' id='word_1_397' title='bbox 649 2638 832 2685; x_wconf 71' lang='lat' dir='ltr'>imperator</span> <span class='ocrx_word' id='word_1_398' title='bbox 844 2638 1001 2679; x_wconf 77' lang='lat' dir='ltr'>Ioannes,</span> <span class='ocrx_word' id='word_1_399' title='bbox 1019 2637 1218 2680; x_wconf 81' lang='lat' dir='ltr'>acribusque</span> <span class='ocrx_word' id='word_1_400' title='bbox 1232 2635 1337 2669; x_wconf 80' lang='lat' dir='ltr'>Italos</span> <span class='ocrx_word' id='word_1_401' title='bbox 1352 2634 1487 2680; x_wconf 82' lang='lat' dir='ltr'>praeliis</span> <span class='ocrx_word' id='word_1_402' title='bbox 1501 2636 1593 2668; x_wconf 83' lang='lat' dir='ltr'>terra</span> 
     </span>
     <span class='ocr_line' id='line_1_44' title="bbox 147 2678 1590 2728; baseline -0.001 -14"><span class='ocrx_word' id='word_1_403' title='bbox 147 2681 296 2726; x_wconf 74' lang='lat' dir='ltr'>marique</span> <span class='ocrx_word' id='word_1_404' title='bbox 317 2681 512 2723; x_wconf 66' lang='lat' dir='ltr'>divexant,</span> <span class='ocrx_word' id='word_1_405' title='bbox 541 2683 680 2717; x_wconf 82' lang='lat' dir='ltr'>insidiae</span> <span class='ocrx_word' id='word_1_406' title='bbox 698 2684 786 2718; x_wconf 87' lang='lat' dir='ltr'>vitae</span> <span class='ocrx_word' id='word_1_407' title='bbox 802 2683 890 2717; x_wconf 85' lang='lat' dir='ltr'>illius</span> <span class='ocrx_word' id='word_1_408' title='bbox 907 2687 1077 2728; x_wconf 83' lang='lat' dir='ltr'>parantur.</span> <span class='ocrx_word' id='word_1_409' title='bbox 1123 2681 1279 2715; x_wconf 76' lang='lat' dir='ltr'>facinoris</span> <span class='ocrx_word' id='word_1_410' title='bbox 1294 2684 1412 2716; x_wconf 83' lang='lat' dir='ltr'>auctor</span> <span class='ocrx_word' id='word_1_411' title='bbox 1426 2682 1503 2714; x_wconf 77' lang='lat' dir='ltr'>erat</span> <span class='ocrx_word' id='word_1_412' title='bbox 1515 2678 1590 2713; x_wconf 83' lang='lat' dir='ltr'>Ne—</span> 
     </span>
     <span class='ocr_line' id='line_1_45' title="bbox 145 2724 1589 2774; baseline -0.004 -12"><span class='ocrx_word' id='word_1_413' title='bbox 145 2732 289 2771; x_wconf 85' lang='lat' dir='ltr'>stongus</span> <span class='ocrx_word' id='word_1_414' title='bbox 305 2727 510 2762; x_wconf 77' lang='lat' dir='ltr'>Andronicus</span> <span class='ocrx_word' id='word_1_415' title='bbox 527 2727 736 2774; x_wconf 76' lang='lat' dir='ltr'>imperatoris</span> <span class='ocrx_word' id='word_1_416' title='bbox 750 2729 981 2764; x_wconf 84' lang='lat' dir='ltr'>consobrinus,</span> <span class='ocrx_word' id='word_1_417' title='bbox 1015 2729 1044 2762; x_wconf 79' lang='lat' dir='ltr'>is</span> <span class='ocrx_word' id='word_1_418' title='bbox 1060 2727 1248 2762; x_wconf 80' lang='lat' dir='ltr'>artissimae</span> <span class='ocrx_word' id='word_1_419' title='bbox 1263 2726 1436 2762; x_wconf 77' lang='lat' dir='ltr'>affinitatis</span> <span class='ocrx_word' id='word_1_420' title='bbox 1450 2724 1589 2759; x_wconf 87' lang='lat' dir='ltr'>coniun-</span> 
     </span>
     <span class='ocr_line' id='line_1_46' title="bbox 146 2772 1591 2818; baseline -0.003 -12"><span class='ocrx_word' id='word_1_421' title='bbox 146 2772 260 2807; x_wconf 87' lang='lat' dir='ltr'>ctione</span> <span class='ocrx_word' id='word_1_422' title='bbox 282 2773 437 2818; x_wconf 77' lang='lat' dir='ltr'>neglecta</span> <span class='ocrx_word' id='word_1_423' title='bbox 457 2773 646 2818; x_wconf 78' lang='lat' dir='ltr'>spretisque</span> <span class='ocrx_word' id='word_1_424' title='bbox 668 2775 833 2809; x_wconf 76' lang='lat' dir='ltr'>amicitiae</span> <span class='ocrx_word' id='word_1_425' title='bbox 853 2774 981 2808; x_wconf 82' lang='lat' dir='ltr'>iuribus</span> <span class='ocrx_word' id='word_1_426' title='bbox 1000 2774 1033 2807; x_wconf 89' lang='lat' dir='ltr'>in</span> <span class='ocrx_word' id='word_1_427' title='bbox 1050 2773 1282 2807; x_wconf 86' lang='lat' dir='ltr'>consobrinum</span> <span class='ocrx_word' id='word_1_428' title='bbox 1296 2783 1390 2806; x_wconf 87' lang='lat' dir='ltr'>suum</span> <span class='ocrx_word' id='word_1_429' title='bbox 1405 2772 1591 2815; x_wconf 79' lang='lat' dir='ltr'>imperato-</span> 
     </span>
     <span class='ocr_line' id='line_1_47' title="bbox 146 2813 1589 2865; baseline -0.003 -12"><span class='ocrx_word' id='word_1_430' title='bbox 146 2829 217 2854; x_wconf 86' lang='lat' dir='ltr'>rem</span> <span class='ocrx_word' id='word_1_431' title='bbox 232 2819 386 2854; x_wconf 78' lang='lat' dir='ltr'>coniurat</span> <span class='ocrx_word' id='word_1_432' title='bbox 397 2844 408 2865; x_wconf 89' lang='lat'>,</span> <span class='ocrx_word' id='word_1_433' title='bbox 432 2819 666 2855; x_wconf 75' lang='lat' dir='ltr'>coniurationis</span> <span class='ocrx_word' id='word_1_434' title='bbox 681 2825 836 2855; x_wconf 86' lang='lat' dir='ltr'>consorte</span> <span class='ocrx_word' id='word_1_435' title='bbox 851 2821 958 2855; x_wconf 84' lang='lat' dir='ltr'>fratre</span> <span class='ocrx_word' id='word_1_436' title='bbox 975 2819 1103 2858; x_wconf 76' lang='lat' dir='ltr'>Isaacio</span> <span class='ocrx_word' id='word_1_437' title='bbox 1118 2822 1155 2854; x_wconf 85' lang='lat' dir='ltr'>et</span> <span class='ocrx_word' id='word_1_438' title='bbox 1168 2830 1236 2854; x_wconf 84' lang='lat' dir='ltr'>uon</span> <span class='ocrx_word' id='word_1_439' title='bbox 1250 2818 1365 2865; x_wconf 82' lang='lat' dir='ltr'>paucis</span> <span class='ocrx_word' id='word_1_440' title='bbox 1381 2828 1423 2852; x_wconf 81' lang='lat' dir='ltr'>ex</span> <span class='ocrx_word' id='word_1_441' title='bbox 1439 2813 1589 2862; x_wconf 83' lang='lat' dir='ltr'>proceri-</span> 
     </span>
    </p>
   </div>
  </div>
 </body>
</html>
