1832 3250
268 997 298 1029 C

329 212 387 258 18
705 207 1071 254 CONSTANTINI
1101 207 1360 252 MANASSIS

457 323 639 367 ἄκανθαν
656 322 860 373 κνίζουσαν
879 318 1025 370 αὐτοῖς,
1058 316 1266 375 τριβόλους
1281 318 1546 378 ὄξυκέντρους.

350 391 431 435 340
456 392 599 439 ὠδῖνας
617 387 841 444 ἐπηράσατο
863 388 1040 443 δριμείας
1055 383 1322 441 μογοστόκους

458 457 544 516 Εὔα
567 461 615 512 τῇ
632 453 907 511 πρωτομήτορι
928 458 978 509 τῇ
997 452 1368 510 πρωτοπαθησάσῃ.

522 524 604 565 Καὶ
625 523 755 564 τοίνυν
778 521 798 564 ὃ
821 520 1063 570 ταλάντατος
1083 522 1147 562 καὶ
1169 519 1396 575 δύσποτμος
1408 518 1611 579 γενάρχης,

457 590 706 644 ἀπελαθῆναι
728 591 924 638 δυσκλεῶς
945 589 1094 630 ε’κεῖθεν
1114 587 1386 643 δυστυχήσας,

454 655 678 713 κατῴκησεν
697 656 880 698 ἀπέναντι
902 659 974 697 τοῦ
991 659 1061 709 τῆς
1077 661 1238 712 τρυφῆς
1247 657 1412 712 χωρίου.

346 724 425 767 345
452 727 516 766 καὶ
538 725 771 780 δερματίνην
790 725 968 772 ε’νδυθεὶς
990 723 1137 776 σαρκὸς
1156 723 1384 765 ἀντιτυπίαν

453 793 518 832 καὶ
538 791 652 846 γνοὺς
676 791 747 844 τὴν
766 789 876 832 Εὕαν
901 791 1095 843 ἐμπαθῶς
1110 790 1226 843 Ἀβέλ
1245 794 1361 849 γεννᾷ
1383 793 1449 832 καὶ
1472 789 1590 833 Κάϊν.
1635 846 1639 852 ’

451 860 515 899 καὶ
540 857 643 900 Κάίῗν
658 859 731 911 μὲν
752 858 1010 911 αὖλακισμοΐς
1030 864 1210 914 προσεῖχε
1231 857 1429 900 πεδιάδων

450 927 515 966 καὶ
535 925 605 974 τὰς
626 924 801 982 ἀρούρας
821 925 980 967 ἔσπευδε
1003 931 1125 967 ποιεῖν
1146 924 1496 981 ταυροπολεύτους,

453 991 473 1033 ὃ
499 993 538 1033 δ’
557 993 670 1045 Ἅβελ
687 991 708 1033 ὃ
729 991 915 1048 νεώτερος
937 992 1194 1047 ποιμαντικὴν
1216 990 1362 1048 μετῄει.

343 1059 426 1102 350
451 1062 643 1115 προσῆξεν
663 1054 732 1101 οὖν
755 1058 938 1116 ἑκάτερος
958 1059 1030 1109 τὰς
1051 1059 1235 1115 ἀπαρχὰς
1252 1065 1332 1102 τῶν
1353 1057 1496 1104 πόνων.

450 1129 516 1169 καὶ
535 1131 606 1168 τοῦ
627 1127 698 1180 μὲν
712 1127 827 1180 Ἀβὲλ
850 1126 870 1168 ὅ
893 1127 989 1176 θεὸς
1011 1125 1236 1183 προσήκατο
1260 1127 1312 1170 τὰ
1332 1129 1444 1183 δῶρα

450 1192 505 1243 ὡς
522 1194 848 1249 προσενέγκαντος
867 1194 1003 1250 ὀρθῶς
1023 1195 1088 1236 καὶ
1110 1193 1465 1250 τεθεραπευκότος,

447 1267 529 1310 τοῖς
555 1259 932 1318 δὲδωροφορήμασι
952 1266 1025 1303 τοῦ
1042 1260 1147 1303 Κάϊν
1169 1262 1214 1303 οὐ
1235 1262 1440 1318 προσέσχε.

449 1327 494 1369 τὸ
515 1326 726 1384 πρόσωπον
745 1329 951 1371 συνέπεσεν
972 1330 1153 1371 ἐντεῦθεν
1174 1329 1218 1370 τὸ
1239 1333 1312 1371 τοῦ
1328 1328 1447 1378 Κάϊν.

342 1395 420 1437 355
448 1395 516 1436 τὸν
529 1395 665 1449 Ἀβέλ
679 1394 916 1450 ὖπεβλέπετο
937 1395 1156 1453 βλεφάροις
1171 1397 1454 1453 μισαδέλφοις,

447 1464 512 1504 καὶ
532 1468 587 1520 τῷ
608 1464 733 1517 μηδὲν
750 1462 981 1519 πικράναντι
1001 1464 1103 1518 μηδὲ
1121 1461 1354 1518 λελυπηκότι

447 1531 658 1585 ἐπενεγκεῖν
679 1531 880 1572 ἐσκέπτετο
903 1529 1091 1583 παλάμας
1110 1532 1363 1586 φονευτρίας·

448 1597 520 1650 τὴν
540 1597 615 1652 γὰρ
637 1602 708 1639 τοῦ
731 1595 887 1653 φθόνου
906 1596 1071 1650 κάμινον
1088 1598 1317 1652 βρέμουσαν
1336 1594 1435 1650 εἶχεν
1456 1595 1580 1639 ἔνδον.

450 1668 567 1705 τοῦτο
589 1666 655 1704 καὶ
678 1663 727 1717 δὴ
747 1662 978 1717 τετόλμηκε,
1014 1668 1090 1719 φεῦ
1105 1662 1380 1718 ἀπανθρώπου
1398 1662 1586 1718 γνώμης]

339 1733 420 1771 360
447 1732 513 1771 καὶ
531 1731 623 1778 τοὺς
641 1731 817 1782 θεσμοὺς
840 1731 910 1771 οὐκ
930 1732 1128 1780 αἰδεσθεὶς
1145 1729 1213 1779 οὓς
1232 1733 1434 1773 αἰδοῦνται
1454 1734 1520 1772 καὶ
1542 1734 1680 1788 θῆρες,

446 1797 514 1837 τὸν
531 1797 703 1852 ἀδελφὸν
724 1798 958 1852 παρέπεμψε
978 1803 1065 1847 ταῖς
1082 1801 1153 1839 τοῦ
1170 1795 1350 1840 θανᾶτου
1367 1797 1546 1853 γνάθοις.

447 1863 611 1920 ὀργίλως
633 1862 731 1906 εἶδεν
753 1862 774 1905 ὃ
793 1864 889 1914 θεὸς
910 1866 965 1914 εἰς
983 1865 1051 1906 τὸν
1071 1863 1373 1921 ἀδελφοκτόνον,

400 1962 469 2024 339
502 1986 641 2030 αὐτοὺς
675 1989 857 2036 τριβόλοις
894 1989 1120 2035 ὀξυκέντροις
1155 1992 1194 2026 Μ
1377 1992 1452 2032 345·
1481 1974 1636 2034 ἐντιθεὶς
1670 1993 1738 2028 RR

398 2034 467 2069 357
488 2033 672 2079 παλάμαις
693 2036 926 2082 φονευτρίαις
946 2038 976 2072 Α
1065 2037 1132 2072 358
1156 2035 1246 2081 ἔχων
1259 2037 1298 2072 Μ
1385 2038 1454 2072 362
1471 2035 1616 2082 ὀργίλον
1631 2038 1737 2073 MRR
1801 2052 1803 2054 ·

310 2146 413 2181 ditos.
460 2146 689 2192 parturigines
711 2146 916 2193 imprecatus
940 2153 994 2184 est
1018 2160 1140 2194 graves
1162 2161 1203 2184 ac
1225 2149 1385 2184 difficiles
1407 2151 1507 2184 Evae
1534 2150 1636 2185 man-i
1662 2150 1735 2196 pri-

310 2203 397 2235 mae,
420 2203 507 2236 quae
529 2192 603 2226 illas
627 2193 786 2238 princeps
810 2199 864 2228 est
883 2199 1038 2239 experta.

402 2237 627 2277 Quamobrem
649 2238 955 2273 calamitosissimus
978 2245 1014 2274 et
1032 2239 1134 2273 miser
1155 2239 1213 2273 ille
1235 2239 1372 2284 generis
1395 2244 1532 2283 auctor,
1565 2251 1640 2274 cum
1672 2240 1735 2274 ad-

312 2292 414 2316 verso
447 2293 527 2316 casu
558 2282 650 2316 illinc
681 2283 840 2328 expulsus
864 2290 975 2328 esset,
1010 2285 1178 2319 habitavit
1201 2296 1220 2318 e
1242 2285 1385 2329 regione
1407 2286 1505 2319 fundi
1525 2283 1735 2328 deliciarum,

312 2338 354 2360 ac
376 2326 518 2371 pellicea
539 2333 637 2362 veste
660 2327 810 2372 indutus,
834 2341 921 2374 quae
943 2330 1053 2374 figura
1074 2330 1185 2364 carnis
1207 2335 1294 2364 erat.
1339 2331 1485 2375 Evaque
1508 2330 1644 2373 cognita
1666 2342 1735 2364 non

310 2373 386 2406 sine
409 2371 596 2406 vitiositate
611 2373 752 2407 Abelum
769 2374 980 2420 Cainumque
1002 2375 1132 2419 genuit.
1174 2375 1302 2409 Cainus
1326 2385 1482 2418 agrorum
1505 2374 1656 2408 culturae
1677 2375 1732 2408 in-

310 2421 424 2450 tentus
441 2422 514 2451 erat
529 2423 564 2450 et
579 2422 703 2452 terram
726 2430 845 2462 magno
868 2420 982 2454 studio
1004 2420 1105 2454 boum
1127 2432 1147 2454 o
1173 2431 1231 2454 era
1252 2420 1456 2463 invertebat,
1478 2419 1605 2453 Abelus
1621 2424 1735 2454 autem

308 2461 424 2495 iunior
445 2462 660 2506 pastoriciam
682 2466 875 2498 exercebat.
910 2465 1027 2510 itaque
1050 2465 1150 2509 singu
1165 2465 1173 2473 ‘
1196 2465 1261 2499 deo
1284 2464 1436 2498 laborum
1457 2463 1623 2509 primitias
1646 2466 1733 2499 offe-

308 2508 452 2547 rebant3
486 2507 544 2551 qui
567 2507 665 2542 Abeli
689 2509 823 2552 quidem
845 2513 1044 2554 acceptabat
1066 2521 1204 2544 munera
1224 2509 1332 2544 veluti
1354 2509 1413 2553 qui
1434 2514 1528 2543 recte
1550 2509 1607 2542 illa
1633 2510 1733 2543 obtu—

309 2551 408 2584 lisset
430 2562 470 2585 ac
492 2552 607 2586 debito
631 2553 740 2587 cultu:
763 2566 879 2588 verum
899 2555 942 2588 iis
966 2567 1053 2599 quae
1077 2555 1204 2588 Cainiis
1225 2555 1393 2588 offerebat
1415 2554 1560 2588 animum
1581 2566 1648 2587 non
1672 2555 1732 2588 ad-

309 2596 479 2630 vertebat.
526 2609 568 2631 ex
602 2610 643 2632 ea
673 2610 711 2632 re
733 2600 857 2633 factum
880 2605 919 2634 ut
942 2601 1069 2635 Cainus
1092 2600 1221 2633 vultum
1242 2610 1338 2633 suum
1360 2599 1554 2633 demitteret
1574 2598 1732 2633 Abelum-

311 2652 379 2686 que
401 2643 541 2675 fratrem
561 2643 667 2677 oculis
688 2644 823 2678 infestis
847 2646 1074 2690 adspectaret.
1111 2645 1259 2689 denique
1276 2644 1346 2687 illi,
1371 2644 1429 2696 qui
1451 2643 1541 2677 nulla
1561 2654 1601 2677 re
1623 2644 1735 2688 ipsum

310 2686 468 2730 laeserat,
491 2688 615 2722 afferre
638 2700 753 2722 manus
774 2689 1008 2734 parricidiales
1032 2690 1215 2734 cogitabat.
1240 2689 1364 2723 etenim
1386 2700 1422 2722 1n
1444 2689 1547 2722 corde
1570 2689 1734 2722 caminum

308 2731 460 2765 invidiae
488 2733 678 2768 ferventem
708 2734 866 2769 habebat.
912 2739 1014 2779 atque
1038 2736 1103 2769 hoc
1125 2735 1260 2780 quidem
1282 2735 1383 2768 etiam
1404 2745 1505 2767 ausus
1531 2738 1584 2767 est
1605 2735 1734 2767 facere.

311 2788 332 2809 o
355 2783 498 2811 mentem
519 2778 747 2813 inhumanam!
794 2792 861 2814 non
890 2780 1060 2814 reveritus
1085 2792 1126 2814 ea
1147 2779 1282 2814 vincula
1305 2790 1392 2824 quae
1414 2778 1547 2812 belluae
1568 2789 1727 2812 reveren-

307 2825 383 2866 tur,
416 2822 555 2858 fratrem
583 2824 674 2859 intra
704 2825 821 2861 mortis
852 2825 1060 2861 mandibulas
1092 2825 1239 2861 demisit.
1286 2824 1371 2860 deus
1393 2830 1505 2860 autem
1526 2822 1735 2859 fratricidam
