1872 3236
329 203 423 248 162
718 200 1096 248 CONSTANTINI
1127 204 1418 250 MANASSIS·

323 318 436 358 3760
458 315 524 357 καὶ
546 319 682 358 πᾶσαν
695 314 956 375 ’περιταῦριον
977 317 1130 375 ἤγειρεν
1153 319 1403 376 ἐθναρχίαν

460 384 608 440 ἀκρίδα
629 383 898 443 μυριόπτερον
918 387 1020 430 εἶ’ποι
1039 405 1099 438 τις
1121 386 1171 430 ἂν
1189 387 1403 443 εὐστόχως.

461 454 528 493 καὶ
551 449 628 508 γάρ
648 469 710 494 τοι
733 452 1036 509 συμπηξάμενοι
1055 455 1348 511 θαλαττοπόρα
1370 454 1507 514 σκάφη

463 524 774 575 Ταυροσκυθῶν
795 522 833 564 οἱ
852 521 1053 580 φύλαρχοι
1071 529 1151 566 τῶν
1170 523 1477 582 ἀγριοκαρὸίων,

459 590 525 629 καὶ
545 592 704 643 πλῆθος
727 587 1026 648 ἀπειράριθμον
1046 599 1130 642 τοῖς
1150 591 1346 648 σκάφεσιν
1369 594 1564 646 ἐνθέντες,

319 658 430 699 3765
455 654 627 711 ἐπῄεσαν
644 656 910 710 καλύπτοντες
930 660 981 702 τὰ
1003 664 1112 702 νῶτα
1131 665 1204 713 τῆς
1222 659 1440 715 θαλάσσης

455 731 540 774 τοῖς
560 727 792 779 λεμβαδίοις
814 735 897 778 τοῖς
916 735 1099 778 πυκνοῖς,
1134 735 1218 778 τοῖς
1243 727 1478 780 αὗτοξύλοις
1495 727 1648 781 πλόοις.
1672 734 1682 754 ’-

261 797 291 830 C
454 792 583 844 οὕτως
605 793 837 850 αἲμάστιγες
855 799 1001 837 πολλαὶ
1021 794 1275 852 μυριαχόθεν
1295 791 1400 851 ἦσαν

452 863 520 902 καὶ
541 860 743 905 πάντοθεν
763 864 814 905 τὰ
835 862 1054 919 πράγματα
1076 864 1195 910 στενὰ
1217 869 1266 921 τῇ
1282 867 1477 917 βασιλίδι.

452 923 502 983 ἦν
521 927 541 971 ὃ
562 930 636 983 μὲν
652 931 819 986 Πέρσης
837 930 891 981 ὡς
906 932 1051 989 πικρὸς
1073 934 1264 987 σκορπίος
1280 932 1562 991 κεντροφόρος,
1585 951 1589 953 ’

315 1000 426 1042 3770
452 995 507 1047 ὥς
528 998 569 1039 δ’
592 998 728 1052 ἔχιδνα
746 998 1011 1056 ᾳιαρμάκτρια
1033 1003 1210 1042 Σκυθῶν
1230 1004 1506 1055 θυμοτολμιά,

449 1066 565 1121 ἄκρὶς
581 1065 602 1107 ὅ
626 1067 928 1123 Ταυροσκύθης
948 1069 992 1110 δὲ
1010 1067 1248 1124 πεζόπτερος
1265 1068 1506 1123 πτηνόπους.

449 1132 584 1184 τόσοις
603 1132 925 1193 κακοΐςὲποῖλαιε
946 1136 992 1179 τὸ
1010 1138 1240 1188 Βυζαντίων
1262 1136 1379 1188 ἄστυ,

448 1200 652 1244 πάντοθεν
675 1206 700 1245 δ
707 1204 719 1219 ²
742 1198 792 1258 ἦν
812 1202 1003 1258 ἀμήχανα
1024 1205 1077 1247 τὰ
1098 1209 1170 1259 τῆς
1190 1205 1436 1262 ἐπικουρίας.

446 1269 541 1311 ἀλλ’
561 1268 824 1326 ’ὗπερήσπιζεν
848 1273 973 1315 αὐτοῦ
994 1273 1250 1327 μεγασθενὴς
1267 1274 1473 1329 βραχίων,

311 1338 422 1380 3775
447 1337 540 1379 ἀλλ’
565 1333 615 1393 ἦν
633 1336 867 1395 ὗπέρμαχος
887 1340 1012 1382 αὐτοῦ
1033 1338 1202 1394 παλάμῃ
1222 1339 1494 1397 κραταιόχειρ.

443 1408 511 1448 καὶ
533 1409 666 1448 τοίνυν
686 1406 929 1464 ἐξεφύσησεν
947 1407 1094 1461 ἄνεμος
1114 1406 1367 1464 ἆγριόπνους,

409 1521 412 1523 Α
446 1475 514 1516 καὶ
537 1473 747 1525 κλύδωνας
768 1473 940 1532 ἐξήγειρε
962 1478 1030 1518 καὶ
1052 1474 1257 1533 στρόφους
1282 1472 1605 1533 πολυστρόφους,

445 1544 512 1584 καὶ
535 1547 670 1585 πᾶσαν
693 1543 989 1587 κατεπόντωσεν
1011 1543 1183 1587 ἄπλετον
1202 1546 1460 1600 στολαρχίαν.

445 1609 594 1654 ἔδυσαν
614 1609 669 1662 ὡς
690 1609 716 1666 ’ἢ
734 1611 932 1666 μόλιβδος
955 1614 1010 1663 εἷς
1031 1612 1164 1667 ἅλμην
1183 1614 1411 1654 θαλαττίαν

254 1670 285 1705 D
309 1681 420 1721 3780
445 1680 483 1721 οἱ
502 1678 666 1735 κούφως
684 1680 933 1730 ἔπιπλέοντες
952 1679 1274 1737 ὗγροκελεῦθους
1290 1679 1455 1737 πόρους,
1512 1731 1516 1735 .

442 1747 497 1797 ὥς
515 1750 608 1803 πρὶν
626 1740 992 1805 σοβαροπρόσωποι
1011 1753 1085 1791 τοῦ
1107 1748 1265 1804 Φαραὼ
1283 1747 1508 1803 τριστάται.

440 1817 626 1857 ἐντεῦθεν
646 1815 896 1871 ἐξεχύθησαν
915 1817 952 1858 οἳ
974 1819 1067 1873 πρὶν
1087 1818 1361 1874 πεφοβημένοι

439 1882 631 1938 Ῥωμαῖοι
653 1886 719 1926 καὶ
738 1891 822 1936 τοῖς
837 1886 1003 1940 τείχεσιν
1024 1882 1172 1936 αὖτοὺς
1189 1881 1518 1941 συγκεκλεικότες.

394 2015 488 2050 3760
525 2011 745 2059 ἐπιταύριον
781 2015 835 2061 R,
873 2012 1134 2059 περιταύρειαν
1171 2014 1203 2050 Α
1385 2004 1478 2050 3766
1506 2011 1703 2059 καραβίοις
1736 2012 1772 2046 R

387 2062 549 2101 ’πυκνοῖς
570 2061 633 2095 καὶ
657 2059 741 2096 αὐτ.
767 2062 801 2095 R
925 2062 1017 2097 3769
1042 2059 1109 2104 μὲν
1131 2058 1152 2096 o‘
1173 2062 1208 2096 R
1322 2061 1415 2097 3770
1437 2057 1719 2104 φαρμακεύτρια
1737 2059 1772 2092 R

391 2107 486 2142 3778
507 2105 770 2142 κατεπόντισεν
793 2107 827 2142 R
954 2108 1048 2143 3782
1070 2104 1294 2153 ἕξεχέθησαν
1310 2109 1342 2141 Α

299 2229 363 2254 nes
386 2218 595 2262 concitavit,
621 2230 706 2264 quas
729 2220 939 2256 locustarum
962 2220 1129 2255 infinitati
1152 2233 1222 2256 non
1245 2221 1308 2256 abs
1331 2231 1371 2255 re
1395 2220 1473 2265 quis
1498 2218 1768 2265 comparaverit.

299 2265 429 2300 etenim
452 2265 776 2308 Tauroscytharum
808 2267 1004 2300 immanium
1028 2267 1205 2312 principes
1230 2267 1417 2311 compactis
1441 2266 1580 2311 scaphis
1605 2271 1640 2301 et
1662 2265 1765 2299 innu-

299 2310 459 2345 merabili
485 2310 706 2345 multitudine
729 2312 765 2344 in
790 2324 849 2346 eas
874 2312 1058 2357 imposita,
1095 2313 1257 2347 lintribus
1283 2325 1327 2346 ex
1350 2324 1418 2346 uno
1442 2312 1536 2357 ligno
1560 2311 1663 2346 factis
1686 2311 1766 2345 uni-

299 2367 440 2391 versum
466 2367 561 2388 mare
585 2357 826 2400 cooperibant.
875 2358 941 2391 hoc
968 2359 1068 2392 modo
1100 2358 1224 2403 plagae
1256 2359 1377 2392 variae
1409 2358 1454 2392 de
1489 2357 1644 2402 plurimis
1679 2356 1766 2391 locIs

299 2402 517 2444 existebant,
554 2406 591 2435 et
623 2403 665 2436 ab
698 2403 790 2436 omni
813 2408 914 2447 parte
936 2415 994 2437 res
1018 2403 1116 2438 urbis
1138 2404 1368 2449 imperatricis
1391 2403 1427 2437 in
1452 2409 1635 2447 angustum
1658 2414 1764 2446 coge—

297 2449 437 2483 bantur.
486 2446 598 2480 Persa
615 2447 802 2482 consimilis
827 2454 903 2481 erat
924 2449 1095 2493 pungenti
1118 2450 1277 2494 scorpio,
1310 2450 1520 2493 Scytharum
1543 2450 1645 2483 ferox
1669 2447 1763 2482 natio

296 2493 493 2528 virulentae
515 2493 681 2537 viperae,
719 2493 1039 2537 Tauroscytharum
1072 2507 1158 2538 gens
1182 2495 1360 2538 locustae,
1394 2507 1484 2539 quae
1516 2498 1552 2528 et
1574 2495 1683 2540 pedes
1707 2493 1761 2527 in-

297 2539 393 2574 cedit
417 2543 453 2573 et
475 2538 584 2572 volat.
630 2543 685 2573 tot
708 2543 741 2573 et
766 2538 893 2573 talibus
918 2540 1091 2574 aerumnis
1117 2542 1199 2575 urbs
1224 2540 1426 2584 laborabat,
1453 2545 1489 2574 et
1511 2540 1548 2574 in
1572 2541 1626 2574 his
1652 2539 1756 2574 omni-

293 2586 360 2620 bus
385 2583 482 2618 malis
507 2583 627 2618 auxilii
650 2584 736 2618 nihil
759 2586 964 2630 apparebat.
1012 2587 1075 2619 sed
1090 2587 1179 2620 enirn
1201 2588 1446 2631 propugnabat
1470 2598 1545 2620 eam
1561 2597 1680 2620 manus
1698 2597 1761 2631 po·-

294 2630 507 2673 tentissima,
537 2631 788 2675 robustumque
818 2630 997 2665 brachium
1019 2631 1111 2666 illam
1135 2633 1363 2667 defendebat.
1411 2634 1532 2677 itaque
1555 2637 1681 2666 ventus
1704 2632 1760 2665 in-

294 2688 382 2722 gens
406 2680 593 2710 commotus
611 2681 802 2721 tempestas
823 2682 860 2710 et
881 2686 1046 2721 aquarum
1069 2678 1221 2712 vertices
1246 2678 1434 2722 excitavit,
1468 2683 1646 2723 totamque
1669 2676 1759 2711 clas-

295 2734 369 2757 sem
390 2722 483 2756 illam
502 2720 701 2756 immensam
725 2722 900 2758 adobruit.
925 2722 1049 2756 videre
1070 2728 1143 2757 tum
1168 2729 1245 2758 erat
1270 2724 1383 2758 instar
1406 2724 1538 2769 plumbi
1561 2726 1625 2758 sub
1649 2734 1757 2768 aquas

293 2768 444 2802 marinas
475 2768 630 2811 demergi
654 2780 714 2802 eos
739 2769 799 2814 qui
822 2773 926 2803 antea
947 2767 1018 2802 levi
1041 2774 1135 2803 motu
1159 2770 1301 2803 semitas
1325 2770 1401 2804 illas
1426 2770 1583 2804 humidas
1605 2768 1756 2813 navigiis

289 2815 546 2860 peragrabant,
583 2826 651 2848 non
686 2814 789 2849 aliter
811 2820 918 2860 atque
940 2814 1020 2848 olim
1043 2816 1187 2860 superbi
1210 2815 1404 2850 Pharaonis
1428 2815 1635 2850 satellitibus
1662 2814 1756 2849 acci-

290 2860 355 2896 dit.
403 2860 485 2895 hinc
507 2859 577 2896 iam
599 2861 760 2907 Romani,
782 2861 881 2908 prius
903 2865 1040 2897 terrore
1063 2861 1168 2897 nimio
1191 2862 1357 2909 perculsi,
1382 2867 1483 2898 extra
1501 2862 1622 2897 urbem
1645 2865 1757 2896 semet
