1832 3250
685 175 1000 220 DEDICATIO.
1502 187 1564 217 vn

39 334 46 346 ,
120 303 271 358 patriae
290 298 450 353 ingenia
467 296 682 345 consiliarii
703 297 893 350 dignitate
914 298 1113 337 exornasti
1126 326 1137 347 ,
1179 303 1224 336 ut
1243 298 1421 335 animum
1439 296 1567 334 maie-

122 371 236 411 statis
252 370 367 409 Tuae
385 369 429 406 in
447 373 607 419 gentem
624 378 669 404 ac
687 379 772 403 rem
794 366 995 418 publicam
1019 373 1195 406 nostram
1214 365 1568 418 propensissimum

123 439 246 478 etiam
267 438 344 476 isto
372 434 493 475 modo
521 433 762 474 ostenderes.
818 446 937 472 nemo
957 435 1078 486 igitur
1094 432 1259 486 posthac
1277 433 1506 481 mirabitur,
1536 434 1571 470 si

121 506 282 559 ingenia
297 504 447 558 patriae
465 509 641 551 nostrae,
680 515 753 540 rex
781 509 966 553 auguste,
1006 501 1137 540 studia
1155 515 1226 540 sua
1244 508 1414 554 votaque
1436 501 1568 539 omnia

122 573 319 613 maiestati
339 573 453 611 Tuae
474 576 714 610 eonsecrent.
771 582 845 621 ego
862 577 965 608 certe
982 568 1084 607 mihi
1104 568 1147 607 id
1166 569 1391 608 faciendum
1409 569 1569 622 putavi3

123 654 250 696 eoque
270 641 431 680 nomine
451 638 503 678 ad
519 640 651 691 regiae
672 639 786 677 Tuae
812 638 1068 690 benignitatis
1097 651 1206 676 aram
1227 639 1320 677 sisto
1345 638 1570 677 Constanti-

122 723 222 749 num
238 705 346 748 huno
362 709 609 755 Manassem,
639 704 870 745 historicum
898 708 1065 745 minime
1097 706 1429 745 contemnendum
1442 736 1452 756 ‚
1472 718 1571 747 ‚ma-

121 779 233 818 xime
263 778 307 816 in
333 772 378 816 ἕο
409 776 641 829 Byzantina.
700 773 894 813 confidere
923 776 1053 814 ausim
1078 776 1238 815 veniam
1263 774 1357 816 huic
1383 773 1571 812 audaciae

121 848 208 887 fore
227 859 318 886 cum
337 859 362 884 a
378 844 593 884 maiestatis
613 843 728 882 Tuae
744 843 789 880 in
809 843 943 882 literas
962 834 1120 894 favore,
1157 850 1244 882 tum
1262 843 1310 881 ab
1337 856 1407 892 ea,
1451 855 1572 896 quam

123 911 371 968 praedicavi,
413 913 457 952 in
490 917 653 964 gentem
680 918 856 950 nostram
883 911 1139 963 benignitate.
1198 910 1432 950 concludam
1464 917 1569 960 voto,

123 995 199 1022 rex
215 971 395 1034 auguste.
453 978 550 1019 deus
573 979 643 1018 ille
661 981 832 1031 optimus
850 981 1070 1030 maximus,
1122 993 1261 1032 regum
1279 977 1571 1032 regnorumque

125 1051 292 1100 arbiter,
332 1048 484 1101 regiam
508 1048 758 1087 maiestatem
774 1049 907 1086 Tuam
936 1061 1058 1102 quam
1087 1046 1306 1088 diutissime
1331 1048 1574 1086 incolumem

124 1123 281 1168 servet,
319 1115 372 1156 ad
389 1116 562 1156 nominis
582 1117 644 1156 sui
665 1117 902 1157 sanctissimi
921 1117 1110 1169 gloriam,
1147 1116 1394 1156 subditorum
1420 1116 1573 1154 utilita-

122 1191 208 1224 tem
223 1191 263 1224 et
280 1181 457 1224 hosfium
471 1190 673 1224 terrorem.
711 1184 714 1189 '
731 1184 919 1238 Lugduni
936 1187 1175 1226 Batavorum
1188 1215 1200 1236 ,
1242 1198 1281 1224 a.
1304 1184 1344 1224 d.
1363 1187 1388 1225 6
1405 1182 1572 1224 Kalend.

121 1254 239 1292 Mart.
265 1251 387 1297 1616.

563 1400 709 1453 Regiae
765 1401 962 1440 Maiestati
1017 1401 1131 1440 Tuae

643 1544 868 1585 humillime
897 1545 1062 1586 devotus

858 1683 1139 1733 10ANNES
1196 1693 1526 1735 Maunsws.

0 2959 17 2998 ,νε
0 2906 13 2948 ’.ψ’
0 2884 11 2899 κ
0 2749 21 2875 ,vm-2⁴3

0 3115 26 3250 emate*
6 3088 23 3096 ὴ
