1924 3242
328 183 391 228 30
957 183 1140 228 IOELIS

324 298 392 339 καὶ
416 298 451 340 εἲ
469 297 543 351 μὲν
565 299 699 346 καλῶς
721 295 848 353 ἄρχω,
881 294 982 354 ὑπὲρ
1003 298 1126 352 ἐμοῦ,
1162 300 1196 341 εἰ
1217 299 1261 341 δὲ
1282 295 1340 353 μή
1353 329 1366 350 ,
1396 298 1488 340 κατ’
1515 298 1616 353 ἐμοῦ
1630 301 1784 356 χρῆσαι

324 365 482 422 αὖτῷ.”
562 364 620 419 μὴ
647 364 748 418 {figam
770 365 815 407 δὲ
836 367 986 416 παῖδας
1006 365 1280 424 κληρονόμους
1301 370 1374 419 τῆς
1392 368 1603 420 βασιλείας
1625 365 1785 421 ἔμελλεν

322 434 365 483 ἐξ
387 431 592 486 ὑποβολῆς
614 436 733 475 τινῶν
763 433 878 477 ἐᾶσαι
908 433 981 488 τὴν
1013 433 1179 491 σύζυγον
1215 435 1343 477 αὐτοῦ
1373 437 1441 476 καὶ
1475 438 1614 490 λαβεῖν
1644 433 1783 492 ἑτέραν

321 501 422 558 πρὸς
447 500 492 542 τὸ
517 502 828 556 παιδοποιῆσαι·
862 499 889 555 ἡ
913 503 958 544 δὲ
979 504 1121 558 συνετὴ
1145 498 1248 545 οὖσα
1270 500 1579 556 συνεβούλευσεν
1601 502 1712 562 αὐτῷ
1728 501 1784 554 ὡς

321 569 429 625 εἴπερ
464 566 654 622 βούλεται
683 567 1009 625 μνημονεύεσθαι
1044 569 1123 613 ὑπὸ
1159 569 1320 613 πάντων
1353 571 1395 612 ἓν
1432 569 1583 621 πάσαις
1612 577 1816 627 ’γενεαῖς,5

321 640 534 679 πλακῶσαι
567 637 636 679 διὰ
665 636 894 695 μαρμάρων
924 639 999 689 τὰς
1025 637 1322 689 εἷσοδοεξόὸους
1346 642 1488 681 πασῶν
1506 641 1587 680 τῶν
1606 642 1782 694 μεγαλο-

320 703 497 747 πόλεων·
532 704 555 747 ὃ
582 706 632 760 δὴ
658 708 725 748 καὶ
754 708 976 761 πεποίηκεν.
1045 708 1115 764 ἐφ’
1148 701 1196 749 οὗ
1225 708 1292 749 καὶ
1313 706 1482 760 Συμεὼν
1501 704 1522 748 ὅ
1543 710 1617 749 τοῦ
1635 708 1785 750 ,Κλοπᾶ

176 784 205 817 Ρ
233 783 296 820 165
321 775 388 815 καὶ
407 771 597 829 Ἰγνάτιος
620 771 641 815 ὅ
662 773 868 831 θεοφόρος
885 773 1182 832 ἐμαρτύρησαν,
1213 777 1279 817 καὶ
1302 776 1526 829 Βασιλίὸης
1546 775 1613 816 καὶ
1626 772 1784 832 Κήριν-

318 845 398 891 θος
429 843 496 883 καὶ
522 840 727 892 Νικόλαος
758 845 824 885 καὶ
854 843 1089 897 Ἔβιωναῖος
1120 844 1157 886 οἱ
1179 840 1434 900 αἱρεσιάρχαι
1454 844 1522 885 καὶ
1545 839 1689 900 ἐχθροὶ
1710 846 1785 898 τῆς

318 910 515 964 ἀληθείας
538 910 805 968 ἓγνωρίζοντο.
1793 917 1838 952 10

455 989 581 1032 Μετὰ
603 990 646 1031 δὲ
670 989 875 1046 Τραϊανὸν
894 991 1149 1044 ἐβασίλευσεν
1165 990 1375 1047 Ἀδριανὸς
1396 988 1441 1040 ὃς
1460 991 1527 1032 καὶ
1540 988 1691 1039 Αἴλιος
1714 987 1782 1044 ἴτη

319 1054 396 1109 κδ’,
422 1059 490 1099 καὶ
508 1056 728 1114 ὕδεριάσας
745 1058 966 1101 ἀπέθανεν·
991 1057 1034 1108 ὃς
1054 1058 1151 1100 ναὸν
1175 1060 1217 1101 ἓν
1239 1060 1401 1116 Κυζίκῳ
1424 1059 1564 1108 κτίσας
1582 1059 1648 1099 καὶ
1667 1056 1784 1099 πόλιν

319 1127 361 1167 ἓν
383 1130 433 1182 τῇ
459 1124 603 1183 Θρᾴκῃ
618 1124 948 1181 Ἀδριανούπολιν
972 1126 1098 1180 αὐτὴν
1118 1125 1451 1182 προσηγόρευσεν.
1508 1125 1580 1182 ἐφ’
1605 1119 1654 1167 οὗ
1672 1126 1783 1182 Κίρ-

318 1195 401 1235 ὃων
428 1197 495 1235 καὶ
518 1194 780 1243 Οὖαλεντῖνος
800 1196 869 1235 καὶ
886 1195 1093 1250 Μαρκίων
1116 1197 1182 1235 καὶ
1208 1194 1429 1244 Μοντανὸς
1449 1195 1518 1235 καὶ
1541 1195 1784 1250 Σατορνῖνος

315 1263 383 1303 καὶ
400 1259 703 1317 Καρποκράτης
720 1261 758 1302 οἳ
777 1260 1031 1317 αἱρεσιάρχαι.
1051 1263 1118 1302 καὶ
1135 1260 1307 1311 Ἀκύλας
1324 1262 1592 1318 ἕγνωρίζοντο.
1791 1266 1835 1302 15

261 1351 292 1386 Β
451 1339 578 1383 Μετὰ
597 1341 640 1381 δὲ
661 1340 872 1395 Ἀὸριανὸν
892 1340 1148 1393 ἐβασίλευσεν
1161 1339 1394 1389 Ἀντωνῖνος
1415 1338 1481 1394 ἔτη
1501 1337 1580 1393 κβ.
1637 1338 1707 1396 ἐφ’
1733 1333 1784 1382 οὗ

311 1405 590 1463 Πολύκαρπος
617 1405 637 1449 ὅ
666 1407 862 1462 μαθητὴς
886 1405 1074 1449 Ἰωάννου
1094 1411 1167 1449 τοῦ
1188 1407 1469 1463 εὐαγγελιστοῦ
1485 1409 1553 1449 καὶ
1567 1407 1783 1458 Ἰουστῖνος

312 1474 333 1516 ὃ
357 1474 584 1532 φιλόσοφος
604 1477 670 1517 καὶ
689 1474 906 1525 Διονύσιος
928 1476 1143 1525 ἐπίσκοπος
1162 1476 1372 1532 Κορίνθου
1396 1473 1694 1532 ἐμαρτύρησαν,
1713 1477 1781 1517 καὶ

313 1543 519 1593 Τατιανὸς
555 1545 623 1585 καὶ
659 1542 932 1600 Βαρδησάνης
975 1543 1013 1584 οἳ
1052 1541 1305 1599 αἷρεσιάρχαι
1342 1545 1410 1584 καὶ
1437 1545 1671 1600 Πρισκίλλα
1712 1545 1780 1586 καὶ

310 1613 558 1666 Μαξιμίλλα
581 1612 624 1653 αἶ
644 1610 1024 1668 ψευδοπροφήτιδες
1042 1615 1123 1653 τῶν
1140 1611 1244 1652 κατὰ
1269 1609 1437 1667 Φρύγας
1455 1612 1722 1668 ἕγνωρίζοντο.
1788 1614 1835 1649 m

452 1690 576 1733 Μετὰ
600 1691 643 1732 δὲ
657 1690 889 1732 Ἀντωνῖνον
913 1691 1144 1744 ἐβασίλευσε
1164 1687 1343 1746 Μάρκος
1361 1690 1449 1739 υἱὸς
1469 1690 1596 1732 αὐτοῦ
1615 1688 1682 1744 ἴτη
1707 1688 1777 1742 ια’,

311 1757 383 1813 ἐφ’
418 1752 468 1799 οὗ
489 1762 569 1815 πῦρ
594 1758 637 1800 ἐκ
660 1762 734 1800 τοῦ
758 1758 934 1815 οὐρανοῦ
954 1757 1034 1800 ἀπὸ
1057 1760 1221 1812 δυσμῶν
1242 1758 1308 1799 ἐπ’
1333 1757 1535 1808 ἀνατολὰς
1557 1755 1777 1815 φερόμενον

311 1826 453 1884 ὤφθη.

312 1977 483 2024 publicam
499 1976 798 2021 administravero,
821 1988 883 2023 pro
900 1988 972 2019 me,
996 1977 1047 2012 sin
1062 1978 1189 2020 minus,
1212 1979 1333 2011 contra
1350 1987 1402 2011 me
1417 1976 1532 2011 utitor.
1541 1973 1562 1988 ¹'
1609 1987 1683 2010 cum
1698 1987 1773 2011 suc·

312 2023 457 2057 cessoris
479 2023 577 2067 copia
603 2032 672 2056 non
697 2027 787 2057 esset
797 2049 808 2068 ,
844 2023 1076 2058 nonnullorum
1101 2023 1245 2069 impulsu
1270 2022 1444 2066 coniugem
1473 2025 1549 2056 erat
1574 2021 1773 2057 dimissurus

311 2069 480 2113 aliamque
496 2068 560 2102 sibi
575 2068 813 2111 collocaturus,
835 2073 874 2103 ut
891 2068 977 2102 filios
993 2073 1202 2114 procrearet.
1233 2067 1352 2103 coniux
1367 2067 1516 2112 prudens
1532 2069 1568 2100 et
1583 2071 1678 2101 casta
1693 2079 1774 2102 sua-

311 2114 377 2156 sit,
412 2115 441 2147 si
464 2114 656 2148 memoriam
679 2114 730 2147 sui
753 2114 859 2148 vellet
873 2114 963 2159 apud
979 2126 1093 2148 omnes
1108 2114 1343 2160 sempiternam
1359 2112 1574 2153 conservari,
1594 2112 1644 2145 'ut
1658 2124 1772 2147 omnes

312 2158 458 2193 omnium
473 2170 667 2203 magnarum
684 2160 811 2194 urbium
828 2160 938 2194 exitus
954 2165 1057 2204 atque
1072 2160 1226 2194 introitus
1242 2157 1461 2202 marmoribus
1474 2158 1701 2202 insculperet3
1718 2157 1770 2192 id-

312 2215 381 2249 que
395 2215 500 2250 opere
516 2204 697 2249 praestitit.
744 2206 807 2238 sub
834 2217 873 2239 eo
890 2205 1041 2249 Symeon
1059 2205 1186 2250 Clopae
1204 2204 1292 2238 filius
1317 2205 1358 2237 et'
1375 2202 1527 2246 Ignatius
1546 2208 1770 2244 cognomento

310 2250 538 2295 Theophorus
554 2249 715 2292 martyrio
731 2250 834 2284 vitam
851 2261 1007 2295 posuere.
1027 2250 1195 2285 Basilides
1206 2249 1386 2285 Cerinthus
1400 2247 1564 2283 Nicolaus
1574 2247 1771 2283 Ebionaeus

309 2294 564 2329 haeresiarchae
580 2299 616 2327 et
632 2294 788 2328 veritatis
803 2296 918 2329 hostes
933 2295 1107 2330 vivebant.

403 2349 552 2383 Traiano
568 2349 601 2382 in
616 2349 756 2395 imperio
771 2352 935 2386 successit
950 2351 1136 2394 Adrianus,
1166 2350 1224 2396 qui
1240 2352 1276 2384 et
1289 2349 1403 2385 Aelius
1413 2374 1423 2391 ,
1444 2348 1487 2384 im
1514 2349 1691 2394 eravitque
1705 2360 1769 2384 an-

307 2406 370 2429 nos
385 2394 504 2439 viginti
519 2398 673 2439 quatuor.
721 2406 810 2439 aqua
825 2397 992 2430 intercute
1008 2397 1178 2430 extinctus
1195 2402 1258 2430 est.
1306 2395 1466 2441 templum
1514 2394 1599 2438 yzici
1620 2396 1769 2430 extruxit

308 2445 345 2474 et
363 2441 479 2474 urbem
494 2439 529 2473 in
545 2439 692 2474 Thracia
708 2441 973 2486 Adrianopolim.
1003 2443 1067 2476 sub
1084 2453 1124 2475 eo
1142 2441 1255 2475 Cerdo
1271 2440 1470 2476 Valentinus
1484 2439 1615 2475 Marcio
1631 2440 1768 2475 Monta-

309 2497 374 2520 nus
391 2485 590 2519 Satorninus
608 2485 836 2531 Carpocrates
850 2486 1106 2521 haeresiarchae
1124 2491 1160 2520 et
1176 2487 1297 2531 Aquila
1311 2486 1463 2521 vivebat.

397 2543 562 2577 Extincto
586 2541 736 2576 Adriano
762 2542 806 2575 ad
821 2542 1025 2577 Antoninum
1047 2543 1222 2588 imperium
1243 2542 1437 2577 devolutum
1460 2543 1530 2583 est,
1564 2540 1656 2585 quod
1676 2540 1768 2576 rexit

306 2598 412 2622 annos
426 2588 548 2632 viginti
565 2587 661 2621 duos.
710 2587 781 2622 eius
796 2587 935 2633 imperio
951 2589 1163 2634 Polycarpus
1177 2588 1312 2622 Ioannis
1329 2587 1560 2631 evangelistae
1575 2587 1654 2621 disci
1679 2587 1766 2629 ulus,

306 2633 458 2668 Iustinus
481 2633 699 2679 philosophus
721 2638 756 2667 et
779 2633 963 2677 Dionysius
988 2634 1165 2679 episcopus
1193 2633 1348 2668 Corinthi
1375 2638 1516 2667 mortem
1541 2643 1604 2677 pro
1627 2632 1657 2666 C
1681 2631 1765 2666 risto

309 2678 439 2713 obiere.
487 2686 565 2712 tunc
581 2690 715 2723 quoque
730 2678 901 2713 Tatianus
917 2684 952 2712 et
970 2679 1180 2713 Bardesanes
1198 2679 1476 2721 haeresiarchae,
1492 2703 1495 2706 -
1509 2681 1544 2712 et
1558 2677 1715 2715 Priscilla
1729 2680 1767 2711 et

309 2723 493 2758 Maximilla
508 2736 551 2758 ex
568 2725 863 2769 cataphrygarum
877 2729 972 2758 secta
987 2724 1146 2759 fatidicae
1160 2724 1311 2759 celebres
1324 2724 1548 2758 habebantur.

402 2780 568 2815 Antonino
584 2781 748 2815 successit
762 2781 901 2815 Marcus
916 2780 1019 2814 filius:
1042 2781 1215 2826 imperium
1240 2781 1348 2816 tenuit
1371 2791 1476 2816 annos
1492 2779 1656 2817 undecim.
1702 2777 1765 2813 sub

313 2837 354 2862 eo
369 2825 457 2871 ignis
470 2826 514 2862 de
529 2826 624 2862 coelo
640 2827 683 2862 ab
699 2837 822 2863 occasu
837 2826 883 2862 ad
898 2830 1007 2862 ortum
1023 2825 1124 2872 longe
1137 2826 1274 2873 lateque
1289 2827 1407 2874 vagari
1422 2827 1516 2861 visus
1531 2830 1594 2860 est.
