1924 3242
322 183 385 229 64
950 180 1131 225 IOELIS

323 311 426 349 μους
446 294 639 352 ἐμπειρίᾳ.
706 290 827 348 ἤγαγε
847 291 890 334 δὲ
909 296 975 336 καὶ
996 295 1067 349 τὴν
1087 292 1233 337 ἑαυτοῦ
1251 299 1419 351 γυναῖκα
1436 294 1704 350 Λῗκατερίναν
1721 292 1764 335 ἐκ

325 367 396 418 τῆς
417 362 634 415 ἀνατολῆς,
670 362 738 402 καὶ
758 359 907 416 ταύτην
931 361 1202 420 ἀνηγόρευσεν.
1270 363 1350 404 ἐπεὶ
1372 362 1416 404 δὲ
1433 363 1499 404 καὶ
1522 359 1543 404 ὅ
1565 357 1763 417 πατριάρ-

322 448 398 485 χης
430 429 604 483 Μιχαὴλ
637 426 658 469 ὅ
687 427 968 485 Κηρουλάριος
996 431 1146 485 ἇπεβίω
1158 463 1170 483 ,
1205 431 1488 486 προχειρίζεται
1518 429 1606 472 ἄντ’
1639 429 1765 471 αὐτοῦ

324 496 573 553 πατριάρχης
605 494 626 537 ὃ
658 495 887 551 Λεικούὸης
913 499 1225 548 Κωνσταντῖνος.
1294 495 1315 539 ὅ
1341 498 1384 539 δὲ
1403 496 1592 551 βασιλεὺς
1614 499 1670 547 εἰς
1690 513 1764 538 κυ-

279 577 308 610 C
329 564 462 620 νήγιον
477 563 651 614 ἐξελθὼν
669 566 736 606 καὶ
755 567 857 621 φωτὶ
878 564 1171 623 ἀστραπηβόλῳ
1187 566 1355 619 βληθεὶς
1375 569 1447 607 τοῦ
1463 566 1648 607 ἰ’ππουτε
1666 563 1796 606 ἀπε-5

328 634 554 690 σφαιρίσθη
573 634 638 674 καὶ
658 632 758 690 πρὸς
778 637 828 689 τῇ
847 637 896 689 γῇ
917 634 1094 690 ἀφρίζων
1114 634 1298 675 ἐκυλίετο.
1367 629 1676 688 γνωσιμαχήσας
1694 625 1765 674 οὖν

327 701 395 757 ἐφ’
419 699 571 757 ἡμέρας
593 699 725 751 τινάς,
761 701 801 743 εἶ’
815 718 900 750 πως
925 702 1083 755 ἀνεθείη
1106 705 1178 756 τῆς
1197 699 1316 743 νόσου
1331 731 1344 751 ,
1379 701 1532 756 ἐπείπερ
1554 699 1651 755 ἴγνω
1670 698 1762 741 κατ’

328 767 455 825 ἄκρας
471 766 597 824 ταύτῃ
619 766 740 817 ἁλούς
747 800 760 819 ,
795 768 867 821 τὴν
892 771 1099 822 βασιλείαν
1121 769 1369 822 ἀποθέμενος
1387 767 1460 822 τὴν
1476 771 1550 810 τοῦ
1571 767 1766 810 Στουδίου

327 834 626 890 καταλαμβάνει
661 835 787 889 μονὴν
816 837 882 877 καὶ
911 837 981 879 τὸν
1007 836 1223 891 μοναχικὸν
1255 834 1471 888 ἀσπάζεται
1491 836 1603 889 βίον,
1637 833 1768 876 πολλὰ

327 906 394 945 καὶ
421 892 762 958 τῆςιΑὗγούστης
790 905 1056 961 Αἷκατερίνης
1093 905 1424 959 συμβαλλομένης
1455 904 1564 961 αὐτῷ
1593 901 1703 960 πρὸς)
1721 900 1767 944 τὸ
1780 907 1823 942 10

328 973 603 1028 προκείμενον,
637 969 880 1025 βασιλεύσας
909 973 982 1026 μὲν
1012 973 1077 1028 ἔτη
1111 972 1151 1027 β’
1181 974 1247 1014 καὶ
1276 976 1406 1026 μῆνας
1426 970 1477 1027 γ’,
1517 969 1704 1025 ἐπιζήσας
1726 969 1770 1011 δὲ

327 1038 479 1081 τούτων
509 1037 699 1080 ἐλάττονα
727 1043 784 1096 τῷ
810 1045 1037 1098 μοναχικῷ,
1068 1045 1202 1082 πᾶσαν
1229 1039 1409 1093 ὑπακοὴν
1439 1038 1540 1095 πρὸς
1562 1038 1632 1080 τὸν
1657 1039 1698 1079 ἐν
1719 1040 1770 1093 τῇ

325 1112 430 1163 μονῇ
461 1105 747 1161 ἡγεμονεύοντα
783 1107 1095 1162 ἐνδεικνύμενος,
1133 1107 1187 1158 ὥς
1208 1110 1274 1150 καὶ
1290 1106 1481 1163 θυρωρὸς
1498 1106 1683 1161 γενέσθαι
1703 1105 1770 1145 καὶ

327 1181 415 1224 ταῖς
453 1174 595 1223 ἄλλαις
623 1172 869 1230 ὑπηρετῆσαι
901 1178 1118 1225 διακονίαις
1149 1176 1216 1217 διὰ
1246 1174 1396 1228 πολλὴν
1428 1170 1771 1229 μετριοφροσῦνην

277 1251 309 1285 D
333 1240 660 1293 καταδεξάμενος.
727 1244 1014 1297 προχειρίζεται
1049 1243 1092 1282 δὲ
1121 1241 1211 1282 ἀντ’
1244 1242 1368 1282 αὐτοῦ
1387 1242 1442 1289 εἷς
1460 1240 1630 1293 βασιλέα
1651 1241 1770 1282 Κων-
1782 1243 1824 1280 15

327 1315 532 1351 σταντῖνον
555 1307 623 1348 τὸν
638 1306 817 1347 Λοῦκαν.

463 1374 586 1416 Μετὰ
614 1375 656 1414 ds*
682 1373 752 1414 τὸν
783 1373 997 1427 Κομνηνόν
1026 1375 1328 1424 Κωνσταντΐνος
1349 1372 1370 1416 ὅ
1393 1373 1558 1425 Δοῦκας
1577 1372 1772 1427 ἀναιμωτὶ

329 1443 422 1496 δίχα
445 1439 692 1498 πραγμάτων
713 1443 780 1482 καὶ
799 1446 980 1497 ταραχῆς
1002 1446 1082 1484 τῶν
1100 1441 1311 1499 σκήπτρων
1332 1441 1656 1497 ἐπιλαμβάνεται.
1701 1443 1774 1482 τοῦ

330 1511 374 1552 δὲ
408 1508 658 1566 πατριάρχου
691 1511 995 1551 Κωνσταντίνου
1026 1515 1100 1552 τοῦ
1129 1509 1337 1566 Λεικούὸη
1369 1509 1567 1560 θανόντος
1588 1506 1774 1562 Ἰωάννης

328 1578 505 1631 μοναχὸς
529 1575 548 1618 ὃ
574 1578 734 1631 ἐπίκλην
755 1574 966 1633 Ξιφιλῖνος
987 1580 1285 1635 προχειρίζεται.
1352 1582 1410 1635 τῷ
1426 1579 1469 1620 δὲ
1484 1581 1647 1631 βασιλεῖ
1656 1574 1828 1625 νόσοςΞΟ

329 1645 566 1699 ἐνσκήψασα
585 1644 630 1685 οὗ
650 1648 804 1700 μικρῶς
826 1645 946 1686 αὐτὸν
968 1647 1215 1702 κατέτρυχεν.
1283 1643 1338 1695 ὡς
1363 1647 1406 1687 δὲ
1425 1645 1523 1701 ἔγνω
1542 1644 1620 1699 ἤδη
1642 1644 1774 1685 τέλεον

330 1718 379 1769 τῇ
407 1711 513 1769 νόσῳ
545 1714 851 1768 κατεργασθείς,
886 1713 980 1763 τοὺς
1009 1714 1050 1763 ἐξ
1080 1714 1279 1763 Εὗδοκίας
1299 1718 1370 1767 τῆς
1390 1714 1630 1766 βασιλίσσης
1650 1709 1775 1751 αὐτοῦ

330 1787 435 1836 τρεῖς
460 1782 609 1828 παῖδας
631 1780 805 1833 Μιχᾶὴλ
821 1779 1070 1836 Ἀνδρόνικον
1092 1784 1159 1822 καὶ
1179 1783 1502 1831 Κωνσταντῖνον,
1531 1780 1573 1829 ἐξ
1595 1772 1651 1820 ὧν
1673 1793 1775 1834 πορ-

332 1848 620 1903 φυρογέννητος
643 1841 692 1900 ἦν
717 1845 737 1887 ὃ
766 1849 1092 1899 Κωνσταντῖνος,
1128 1846 1280 1898 πάντας
1312 1851 1490 1901 βασιλεῖς
1523 1843 1776 1902 ἀνηγόρευσε,

301 1941 315 1952 ·
334 1916 527 1971 Καίσαρα
549 1915 592 1956 δὲ
612 1914 680 1956 τὸν
701 1914 825 1956 αὐτοῦ
848 1915 1023 1972 ἀδελφὸν
1034 1914 1233 1971 Ἰωάννην.
1300 1910 1404 1970 ἦσαν
1424 1916 1467 1957 ὁέ
1483 1915 1594 1973 αὐτῷ
1611 1915 1677 1956 καὶ
1692 1916 1830 1956 θυ-25

333 2042 475 2077 abduxit
498 2054 539 2076 ex
563 2042 703 2077 Oriente
726 2055 861 2078 uxorem
888 2044 1095 2086 camerinam,
1121 2056 1259 2090 eamque
1273 2043 1666 2090 imperatricemcreavit.
1713 2053 1776 2075 ve-

335 2099 406 2121 rum
433 2099 506 2121 cum
535 2088 726 2132 patriarcha
744 2090 889 2123 Michael
906 2086 1097 2123 Cerularius
1113 2091 1339 2132 occubuisset,
1362 2091 1395 2124 in
1411 2090 1481 2123 eius
1494 2090 1601 2123 locum
1617 2087 1776 2122 Licudem

336 2133 593 2167 Constantinum
617 2134 800 2169 substituit.
846 2136 1030 2180 imperator
1045 2146 1117 2169 cum
1133 2136 1216 2170 isset
1234 2141 1408 2178 venatum,
1431 2135 1510 2179 igne
1523 2133 1679 2167 fulmineo
1697 2144 1776 2178 per-

337 2179 448 2211 culsus
467 2189 621 2222 equoque
637 2179 786 2212 deiectus
805 2191 961 2225 spumans
978 2180 1066 2214 humi
1082 2181 1431 2215 circumvolutabatur.
1473 2180 1588 2224 itaque
1604 2189 1677 2212 eum
1693 2189 1775 2212 con-

337 2223 402 2256 silii
421 2224 598 2269 paenituit.
623 2235 685 2256 nec
704 2226 818 2258 morbo
837 2227 1029 2259 remittente
1045 2226 1103 2259 sed
1119 2227 1234 2259 intime
1252 2226 1439 2269 misereque
1454 2229 1616 2265 vexante,
1639 2227 1774 2273 sceptro

337 2278 512 2311 rerumque
537 2268 756 2303 moderamine
781 2271 934 2314 deposito
962 2271 1003 2304 ad
1028 2271 1143 2304 Studii
1164 2270 1398 2304 monasterium
1426 2281 1463 2304 se
1484 2270 1637 2310 confert,
1660 2279 1775 2302 mona-

337 2312 453 2345 sticam
479 2312 583 2344 vitam
610 2314 781 2357 amplexus
795 2340 805 2356 ‚
843 2315 887 2348 ad
912 2316 975 2349 hoc
998 2316 1149 2359 Augusta
1173 2316 1331 2350 Caterina
1350 2326 1441 2349 suam
1458 2326 1554 2359 opem
1571 2315 1775 2348 conferente.

337 2356 511 2401 imperavit
526 2367 629 2389 annos
645 2358 728 2391 duos
745 2371 872 2392 menses
888 2365 966 2393 tres.
1013 2361 1063 2394 his
1079 2361 1184 2394 minus
1198 2361 1384 2405 supervixit
1398 2361 1432 2394 in
1450 2360 1564 2394 habitu
1579 2359 1774 2393 monastico.

340 2401 425 2435 adeo
454 2401 642 2434 monasterii
660 2403 805 2446 praesidi
823 2404 885 2436 suit
903 2405 1062 2439 obediens
1087 2411 1123 2438 ut
1150 2411 1185 2438 et
1209 2406 1363 2439 ostiarius
1378 2407 1485 2438 sactus
1502 2406 1547 2438 sit
1561 2405 1702 2449 aliisque
1715 2403 1777 2437 mi-

339 2446 486 2480 nisteriis
513 2457 574 2490 pro
602 2457 661 2478 sua
683 2447 810 2489 ingenti
826 2449 1054 2483 moderatione
1069 2450 1269 2484 inservierit.
1312 2451 1346 2484 in
1362 2451 1467 2484 vicem
1479 2461 1562 2484 vero
1577 2461 1670 2484 suam
1685 2449 1777 2482 Con-

337 2491 516 2525 stantinum
532 2491 659 2523 Ducam
673 2491 904 2535 imperatorem
924 2495 1035 2537 elegit.

428 2537 510 2569 Post
530 2535 733 2570 Comnenum
757 2537 996 2573 Constantinus
1022 2540 1133 2574 Ducas
1155 2541 1280 2585 absque
1296 2540 1474 2585 sanguine,
1497 2540 1570 2575 sine
1583 2539 1650 2573 ullo
1664 2549 1776 2572 rerum

338 2580 526 2614 discrimine
554 2592 593 2614 ac
623 2581 792 2623 molestia,
826 2589 993 2628 sceptrum
1025 2591 1177 2629 occupat.
1224 2586 1352 2620 Licude
1383 2585 1601 2620 Constantino
1627 2587 1776 2618 emortuo

338 2626 479 2659 Ioannes
494 2626 671 2659 monachus
687 2633 906 2670 cognomento
923 2629 1109 2674 xiphilinus
1124 2631 1299 2664 sufficitur.
1347 2632 1576 2677 imperatorem
1593 2633 1703 2663 autem
1718 2629 1779 2662 ob-

340 2675 434 2704 ortus
454 2672 588 2704 morbus
611 2672 898 2707 vehementissime
922 2676 1077 2709 vexabat.
1126 2682 1163 2709 ut
1186 2676 1345 2720 cognovit
1368 2688 1405 2711 se
1426 2675 1632 2720 aegritudine
1661 2673 1778 2708 coufe-

338 2720 447 2759 ctum,
477 2720 548 2749 tres
575 2716 721 2758 liberos,
753 2728 836 2761 quos
864 2731 905 2753 ex
928 2719 1080 2754 Eudocia
1104 2720 1312 2766 imperatrice
1332 2725 1546 2767 susceperat,
1581 2718 1778 2753 Michaelem

337 2761 558 2797 Andronicum
588 2761 862 2804 Constantinum,
885 2765 973 2799 inter
994 2777 1078 2809 quos
1095 2767 1334 2800 Constantinus
1353 2771 1427 2801 erat
1441 2766 1777 2810 Porphyrogenneta,

339 2806 558 2851 imperatores
573 2811 674 2848 creat,
693 2808 872 2844 Caesarem
891 2821 970 2844 vero
986 2811 1127 2846 fratrem
1137 2811 1304 2847 Ioannem.
1333 2812 1381 2846 ini
1396 2813 1530 2846 fuerunt
1544 2815 1579 2845 et
1593 2814 1661 2844 tres
1676 2807 1777 2851 filiae,
