1924 3242
355 206 384 251 2
393 205 451 252 12
873 203 931 246 IN
966 201 1261 246 GEORGIUM

355 319 498 364 guntur
526 311 749 350 Bonifacius
778 308 951 348 marchio
978 311 1276 358 Monfisferrafi,
1303 307 1508 348 Flandriae
1534 309 1776 348 0011185·Βαῖ-

355 369 518 416 dumus,
559 379 688 403 comes
714 367 847 403 Sancti
873 367 986 404 Pauli
1019 368 1173 414 Ericus,
1214 379 1341 403 comes
1363 367 1480 403 Pleae
1503 366 1708 413 Doloicus,
1739 371 1778 402 et

355 425 424 461 alii
451 423 689 473 complures,
733 420 851 458 tradit
880 420 1091 471 (limmata,
1132 420 1297 459 audaces
1325 421 1531 460 bellatores
1566 427 1604 459 et
1633 427 1779 458 statura

356 481 436 516 suis
473 478 594 515 hastis
626 476 910 528 propemodum
939 490 1066 528 pares.
1121 479 1282 514 navium
1303 483 1384 514 toto
1411 478 1576 514 triennio
1606 477 1777 515 venetiis

355 535 647 581 fabricatarum,
683 545 755 570 nec
789 546 869 570 non
907 534 1104 585 equitum,
1126 540 1184 570 ,et
1219 534 1389 570 militum
1426 545 1632 570 numerum
1657 530 1778 568 habes

355 588 462 639 apud
496 587 665 626 eundem
703 587 959 638 Choniatam‚
1011 588 1209 626 Andream
1243 587 1468 625 Dandolum
1505 590 1606 625 Hist.
1640 588 1779 625 venet.

354 645 424 681 lib.
455 646 504 685 10
537 657 623 709 cap.
656 646 681 683 3
718 651 755 681 et
786 645 896 682 alios.
951 645 1065 695 plura
1097 643 1239 681 ducum
1272 645 1429 681 nomina
1461 643 1566 695 apud
1596 642 1780 681 Iacobum
1812 677 1815 680 ,

355 701 558 751 Meyerum
581 701 623 735 iu
643 700 785 736 Annal.
805 698 1038 748 Flandricis,
1069 713 1169 737 anno
1194 701 1470 741 1203.A11..

464 768 504 805 Ρ.
528 757 552 794 6
573 767 611 791 v·
637 756 701 796 16.
757 750 810 804 ἦν
834 753 876 795 δὲ
902 754 926 795 o‘
943 770 1108 803 τουτους
1126 753 1417 806 συναθροίσας]
1446 755 1617 805 maligne
1641 751 1780 790 admo-

356 809 451 847 dum
472 817 604 847 noster
626 811 850 861 Acropolita
871 824 1027 849 causam
1049 812 1274 861 cpolitanae
1295 810 1584 861 expeditionis
1573 822 1615 846 m
1635 810 1780 846 Roma-

356 879 453 902 num
486 865 730 916 pontificem,
759 873 803 903 ut
833 868 875 903 in
906 880 996 904 eum
1026 867 1260 903 Graecorum
1291 865 1380 903 odia
1411 868 1572 913 excitet,
1603 864 1778 911 coniicit3

356 933 476 972 quam
507 922 632 971 magis
667 922 836 972 ingenue
862 924 904 958 iu
930 925 1096 960 Venetos
1131 929 1169 959 et
1200 935 1333 958 eorum
1366 921 1505 959 ducem
1541 919 1780 966 Dandulum,

357 978 536 1024 Graecis,
565 983 609 1013 ut
626 975 817 1024 diximus,
846 978 1148 1025 infensissimos,
1180 979 1246 1014 alii
1265 979 1449 1014 referunt.
1504 975 1677 1013 Danduli
1692 987 1781 1012 ma-

357 1031 492 1069 chinas
520 1038 558 1068 et
583 1039 703 1080 artes,
733 1034 873 1083 quibus
892 1034 1055 1070 classem
1075 1033 1185 1070 illam
1203 1035 1409 1080 instruxit,
1441 1031 1629 1069 Choniata
1646 1033 1781 1068 minu-

353 1089 466 1124 tatim
495 1094 638 1124 narrat.
697 1089 868 1125 alienum
886 1089 1075 1139 pontificis
1095 1091 1311 1125 Innocentii
1330 1090 1504 1125 animum
1524 1088 1571 1124 ab
1591 1099 1635 1123 ea
1655 1098 1781 1136 expe-

355 1141 501 1179 ditione
513 1172 522 1190 ,
553 1155 672 1194 quam
688 1146 851 1181 summis
869 1145 1068 1182 conatibus
1084 1144 1313 1194 procurabat
1329 1142 1503 1180 marchio
1522 1142 1781 1179 Montisferati

298 1206 301 1209 ⁴
354 1198 600 1246 Bonifacius‚
631 1201 723 1235 satis
751 1200 864 1236 nobis
884 1198 1060 1236 indicant
1080 1198 1256 1236 eiusdem
1281 1200 1500 1236 Innocentii
1522 1197 1573 1234 ad
1593 1197 1781 1234 Alexium

355 1254 490 1290 literae
509 1260 547 1289 et
567 1261 698 1290 auctor
714 1255 820 1292 illius
840 1261 1026 1291 actorum.
1083 1255 1164 1304 ipse
1181 1268 1286 1297 vero,
1315 1252 1509 1301 marchio,
1543 1253 1591 1290 de
1609 1252 1781 1290 Mne-ia

348 1322 423 1371 per
452 1308 736 1345 Alemanniam
762 1311 969 1346 transitum
987 1311 1108 1361 jecit,
1137 1308 1207 1345 aba·
1235 1323 1325 1345 cum
1352 1308 1539 1359 Philippo
1560 1308 1657 1345 duce
1681 1308 1782 1344 Sue-

354 1365 458 1408 vc'ae,
499 1364 569 1413 qui
591 1377 631 1400 se
657 1378 785 1427 regem
809 1364 984 1415 gerebat,
1023 1363 1225 1401 dicebatur
1253 1364 1451 1402 hahuisse
1469 1371 1695 1415 tractatum,
1735 1376 1783 1399 ne

354 1419 543 1455 Alexium
571 1421 760 1455 sororium
783 1434 898 1456 suum
902 1448 915 1466 ,
933 1420 1074 1468 filium
1093 1420 1271 1457 ιὶαέἰίοεε
1290 1421 1437 1457 Isaacii
1458 1420 1656 1470 quondam
1680 1419 1783 1469 spo—

355 1474 472 1510 litam·
499 1475 757 1523 imperatoris,
788 1477 901 1512 cuius
918 1490 983 1512 sor
983 1490 1085 1512 orem
1107 1478 1188 1525 ipse
1206 1476 1418 1526 Philippus
1442 1476 1608 1512 duxerat
1625 1477 1668 1512 in
1685 1487 1783 1511 uxo—

352 1543 450 1575 rem,
483 1543 509 1565 a
522 1530 643 1580 jbedo
663 1531 902 1580 captivitatis
920 1532 1115 1582 ergastulo
1123 1532 1201 1582 fist»
1189 1533 1348 1568 aientem
1364 1531 1622 1582 reducijacer
1622 1538 1660 1567 et
1681 1531 1782 1580 Osto-

353 1586 425 1622 lim
451 1584 501 1621 ab
531 1587 697 1622 exercita
730 1587 948 1623 Christiano
956 1561 1032 1624 bad
1051 1587 1300 1624 obtinendum
1321 1588 1526 1637 imperium
1543 1587 1776 1623 Romaniae.

353 1641 400 1677 de
429 1654 503 1691 quo
533 1655 622 1677 cum
648 1642 750 1678 idem
779 1642 951 1679 marchio
989 1643 1046 1679 acl
1076 1657 1271 1680 summum
1290 1643 1518 1692 pontficem
1546 1643 1781 1684 accessisset,

354 1698 479 1745 coepit
506 1709 621 1747 agere
650 1711 676 1733 a
706 1699 873 1735 remotis.
931 1698 1002 1734 sed
1022 1712 1111 1735 cum
1133 1699 1406 1735 intellexisset*
1390 1699 1513 1747 zpsius
1530 1699 1708 1735 animum
1728 1695 1786 1733 ad

353 1752 426 1788 hoc
455 1765 534 1787 nou
563 1765 641 1788 esse
669 1752 732 1788 dir
724 1760 874 1797 ectum,
904 1754 1086 1803 expeditis
1110 1768 1186 1804 neg
1163 1755 1272 1790 “otiis
1290 1755 1347 1790 ad
1361 1755 1487 1790 crucis
1502 1754 1672 1803 (fficium
1686 1766 1782 1802 pet-

355 1806 563 1843 tenentibus
593 1808 651 1844 ad
669 1810 833 1857 propria
856 1811 1051 1845 remeavit.
1111 1809 1201 1846 vide
1227 1808 1275 1846 de
1297 1808 1371 1846 hac
1390 1808 1527 1846 eadem
1547 1822 1588 1845 re
1607 1809 1781 1845 Annales

356 1861 600 1899 doctissimos
631 1863 782 1900 Oderici
809 1864 1001 1914 Raynaldi
1022 1864 1072 1901 ad
1094 1878 1241 1902 annum
1262 1866 1366 1906 1203
1380 1893 1390 1913 ‚
1421 1867 1489 1916 qui
1508 1865 1684 1915 pluribus
1701 1866 1782 1901 Ro-

355 1930 516 1954 manum
538 1919 759 1968 pontificem
782 1932 804 1955 a
829 1920 1062 1957 Graecorum
1084 1921 1276 1957 calumnia
1295 1921 1446 1958 liberat.
1501 1922 1602 1957 Au..

465 1972 518 2008 ib·
541 1987 579 2009 V·
598 1977 664 2014 20.
721 1970 931 2026 ἐτύγχανον
956 1973 1028 2028 γάρ
1051 1973 1191 2027 ἄδραί]
1223 1983 1390 2027 suntque
1416 1976 1458 2012 in
1487 1975 1588 2013 hanc
1607 1975 1780 2012 maxime

355 2028 524 2064 formam
549 2028 707 2066 foedera
737 2033 968 2067 constituta:
996 2031 1179 2068 reductus
1199 2033 1242 2068 in
1253 2033 1430 2081 patriam
1442 2031 1630 2076 Alexius,
1657 2030 1781 2080 impess

354 2090 533 2133 ratorque
558 2092 629 2120 aut
652 2085 758 2122 solus
782 2094 854 2122 aut
877 2100 967 2122 cum
981 2094 1115 2136 patre,
1143 2088 1180 2123 si
1198 2094 1386 2137 superstes
1407 2088 1658 2131 inveniretur,
1686 2100 1780 2122 con-

354 2140 530 2186 stitutus,
565 2140 853 2177 Graecanicam
883 2142 1083 2179 ecclesiam
1109 2149 1146 2178 et
1171 2143 1396 2193 relcgrionem
1425 2143 1628 2178 Romanae
1657 2142 1782 2178 eccle-

353 2195 433 2228 siae
451 2202 524 2230 aut
541 2195 729 2232 catholico
743 2198 838 2232 νίίιιί
852 2196 1064 2234 subiiceret.
1117 2211 1194 2247 pro
1214 2199 1369 2235 damnis
1386 2198 1552 2247 insuper,
1582 2210 1682 2247 quae
1697 2204 1780 2233 tam

360 2249 515 2285 Venetis
548 2263 667 2299 quam
700 2251 864 2288 Francis
899 2252 1042 2303 ubique
1070 2255 1284 2290 com-titulis
1315 2255 1541 2289 Hemanuet
1571 2254 1780 2302 imperator

347 2303 503 2353 pridem
522 2304 665 2340 intuler
658 2313 726 2352 ·‚at
755 2308 806 2341 tri
801 2309 917 2356 ἐᾳιίιία
937 2308 1050 2345 milia
1065 2311 1157 2344 auri
1173 2309 1355 2345 marchas
1377 2308 1561 2345 dissolvet·
1563 2315 1610 2345 et.
1657 2309 1779 2359 prin-

345 2358 506 2408 cipibus
539 2373 627 2396 vero
659 2361 908 2409 expeditionis
940 2364 1079 2399 navali
1105 2366 1300 2413 impensae
1331 2364 1587 2414 satisfaceret,
1625 2365 1668 2400 in
1698 2377 1778 2415 qua

353 2421 465 2451 erant
495 2415 647 2451 Venetis
673 2415 849 2466 obligati.
910 2417 1083 2455 Blondus
1109 2419 1253 2455 Decad.
1283 2422 1309 2458 2
1337 2419 1406 2455 lib.
1437 2422 1461 2460 6
1495 2427 1533 2456 et
1562 2419 1778 2457 Sabellicus

352 2469 528 2507 Ennead.
549 2472 573 2510 9
594 2471 662 2507 lib.
686 2471 734 2511 5:
763 2480 963 2508 moverant
987 2473 1132 2510 ducum
1162 2476 1312 2511 animos
1325 2475 1444 2523 pueri
1464 2475 1649 2511 lacrimae
1664 2482 1700 2511 et
1720 2482 1779 2511 te-

351 2539 445 2561 nera
463 2533 582 2573 aetem,
610 2527 948 2577 culsacc'leflzvor
965 2529 1206 2576 conciliatur,
1235 2529 1306 2566 sed
1326 2531 1454 2580 magis
1472 2532 1654 2579 praemia
1677 2543 1778 2580 quae

344 2581 687 2630 promittebantur:
717 2596 811 2619 nam
830 2590 988 2632 praeter
1012 2591 1162 2620 caetera
1181 2598 1267 2634 spes
1280 2585 1609 2634 praetendebatur
1614 2586 1709 2636 scre
1733 2593 1778 2622 ut

349 2638 387 2671 si
407 2636 576 2674 Alea-ius
607 2651 695 2673 cum
712 2645 829 2687 patre
851 2639 1056 2687 imperium
1075 2647 1350 2690 recuperasset,
1384 2641 1591 2691 Cpolitana
1614 2641 1776 2678 ecclesia

347 2692 555 2729 Romanae
572 2693 738 2729 subiacet·
730 2701 833 2730 ’.είιιν
892 2697 992 2732 ΑΗ..

457 2750 545 2797 p-7
567 2761 605 2785 v-
625 2749 665 2788 5.
721 2746 920 2817 πνεύμασι
938 2751 1101 2801 φοροῖς]
1133 2749 1320 2788 choniata
1344 2765 1383 2802 Ρ.
1403 2754 1484 2794 717
1516 2751 1578 2792 15.
1621 2753 1720 2789 Art„

457 2802 510 2840 ib
537 2817 572 2842 v-
593 2805 630 2844 8
688 2800 807 2856 μάχαι
822 2804 920 2846 nato?
937 2806 1096 2860 χέρσον]
1120 2806 1215 2845 vide
1234 2806 1465 2846 Choniatam
1483 2806 1643 2846 ibidem.
1672 2809 1773 2846 Au„
