1924 3242
343 193 436 239 122
727 188 960 236 GEORGII
989 187 1368 233 ACROPOLITAE

340 303 485 356 τιιότας
503 321 544 347 τε
564 302 630 345 καὶ
650 299 822 353 λοιπούς,
857 299 911 344 ἔτι
936 301 978 344 δὲ
999 302 1063 344 καὶ
1086 300 1230 352 ἄλλους
1251 298 1509 355 παμπόλλους
1529 299 1573 343 ἐκ
1595 303 1675 343 τῶν
1692 298 1780 344 nb.

341 377 404 430 ρι’ς·
428 376 593 429 χωρῶν,
632 368 876 427 παρεκάθισε
907 373 980 411 τοῦ
998 371 1219 412 ΖΙίΙελενίκου
1250 370 1303 412 τὸ
1328 368 1426 411 ἄστυ
1454 371 1519 411 καὶ
1546 366 1762 424 ἐπολιόρκει

290 449 320 483 C
343 446 458 484 τοῦτο
487 440 552 480 καὶ
582 439 790 495 ἐφιλονίκει
817 441 995 493 πορθεῖν.
1061 432 1165 492 ἦσαν
1186 438 1228 478 δὲ
1250 438 1290 478 ἓν
1309 435 1436 493 τούτῳ
1455 440 1513 493 τῷ
1534 436 1641 478 ἄστει
1661 451 1762 492 προ-

337 508 561 563 τεταγμένοι
591 510 669 548 τῶν
704 503 989 562 φυλασσόντων
1022 503 1043 546 ὅ
1077 522 1117 547 τε
1151 502 1376 559 Νεστόγγος
1408 503 1616 560 Θεόδωρος
1642 505 1709 546 καὶ
1740 500 1762 544 ὅ

330 576 510 631 Ἄγγελος
533 572 737 627 Ἰωάννης,
771 575 837 616 καὶ
859 571 1075 630 ἀμφότεροι
1099 574 1217 622 δεξιοὶ
1241 572 1340 614 ἄστυ
1362 570 1534 629 φυλάξαι
1557 571 1623 612 καὶ
1642 574 1794 612 πολε-5

335 645 451 697 μιόυς
471 643 758 698 ἕκτρέψασθαι.
823 638 1073 696 ἕστενοχίόρει
1092 641 1134 681 δὲ
1154 640 1246 689 τοὺς
1264 639 1374 681 ἴνδον
1392 643 1464 681 τοῦ
1485 638 1640 687 ἄστεως
1651 637 1766 679 οὐδὲν

336 710 434 753 ἄλλο
448 709 621 766 (καὶγὰρ
633 709 849 765 ηὖμοίρουν
862 712 940 750 τῶν
949 707 1170 763 χρειωδῶν)
1186 707 1276 748 ἀλλ’
1299 706 1326 762 ἢ
1347 704 1372 762 ἦ
1391 711 1462 748 τοῦ
1480 704 1627 754 ὓδατος
1638 703 1766 746 ἔνδεια
1821 712 1824 715 ’

338 780 379 820 ἓν
392 777 478 836 ὥρα
489 778 649 833 θέρους,
668 776 713 818 τὸ
734 774 1044 830 ἀναγκαιότατον
1055 779 1134 817 τῶν
1145 774 1276 817 ἄλλων
1289 774 1362 816 κᾶν
1374 778 1424 830 τῇ
1436 771 1572 816 σπάνει
1584 769 1765 828 βαρύτα-

337 862 418 888 τον.
448 845 484 886 οἱ
499 845 540 886 δὲ
554 845 639 899 (καὶ
651 843 786 905 γὰριοῦ
800 841 926 899 πάντῃ
941 841 1104 892 τούτους
1115 842 1160 884 τὸ
1171 841 1281 899 ὕδωρ
1295 842 1460 895 ἐξέλιπε)
1475 843 1673 897 καρτερῶς
1684 845 1767 889 τοῖς

336 914 522 962 ἐναντίοις
543 912 780 953 ἀνθίσταντο
801 913 867 952 καὶ
883 911 1027 960 ὀϊστοῖς
1047 910 1213 964 ἔβαλλον
1231 912 1293 951 καὶ
1309 911 1439 959 λίθοις
1451 909 1684 964 ἐτίτρωσκον
1697 908 1763 949 καὶ
1776 911 1819 946 10

285 985 317 1018 D
340 985 460 1022 πᾶσιν
481 979 614 1030 ἄλλοις
635 978 770 1029 ὅπλοις
787 977 992 1032 ἐμάχοντο.
1034 976 1184 1020 τούτων
1205 978 1246 1019 ἐν
1266 975 1450 1033 ἀκροάσει
1472 975 1721 1031 γεγενημένος
1743 971 1765 1017 ὅ

334 1048 522 1103 βασιλεὺς
534 1045 744 1104 δυσφόρως
756 1046 827 1100 τὴν
840 1045 962 1099 ἀκοὴν
973 1044 1120 1101 ἤνεγκε,
1150 1045 1300 1099 βουλὴν
1315 1046 1356 1086 δὲ
1367 1041 1682 1098 βουλευσάμενος
1693 1041 1765 1095 τὴν

337 1117 514 1171 ἀρίστην,
535 1113 590 1165 ὡς
603 1113 676 1168 εἶχε
689 1113 849 1167 τάχους,
872 1112 977 1154 ἅπαν
991 1113 1240 1168 ξυναγηοχὼς
1253 1112 1295 1154 τὸ
1310 1110 1575 1166 στρατόπεδον
1588 1107 1762 1151 δωδεκα-

334 1191 446 1233 ταῖος
457 1183 529 1232 τὰς
542 1183 696 1238 Σέρρας
707 1182 925 1236 πέφθακεν,
939 1181 978 1220 ἐν
992 1179 1110 1236 ὀλίγῳ
1118 1177 1251 1235 χρόνῳ
1265 1177 1459 1231 τοσαύτην
1473 1174 1662 1225 διανύσας
1673 1174 1766 1218 ὁδὸν
1823 1191 1826 1194 ·

335 1253 401 1293 καὶ
413 1254 601 1292 τοσοῦτον
613 1245 851 1302 ἐπαγόμενος
863 1244 1102 1302 στράτευμα,
1116 1252 1203 1294 ταῖς
1215 1245 1317 1286 κατὰ
1330 1243 1530 1298 συστάδην
1543 1243 1767 1296 εἰθισμένον
1778 1245 1821 1282 15

334 1316 497 1372 μάχαις,
519 1315 654 1364 ὅπλοις
672 1312 953 1370 κατάφρακτον
974 1315 1040 1354 καὶ
1057 1314 1194 1361 ἵπποις
1215 1318 1487 1369 φορταγωγοῖς
1500 1308 1768 1363 διοικούμενον

334 1387 402 1427 καὶ
415 1383 561 1432 πάσαις
574 1382 713 1432 ἄλλαις
726 1381 964 1430 ἀποσκευαῖς
973 1377 1308 1436 συγκροτούμενον
1316 1382 1380 1421 καὶ
1392 1377 1767 1435 περιφραγψύμενον.

334 1454 414 1494 ἐπεὶ
446 1452 488 1493 δὲ
519 1451 635 1506 μέχρι
657 1452 818 1505 Σερρῶν
840 1446 1091 1502 κατηντήκει,
1129 1445 1274 1489 αὐτόθι
1297 1444 1645 1502 ὁίανυκτερεύσας,
1683 1444 1767 1498 ἅμα

333 1522 444 1575 πρωῒ
471 1518 523 1560 τὰ
556 1515 836 1573 στρατεύματα
868 1514 1159 1569 συνταξάμενος
1193 1517 1258 1557 καὶ
1294 1515 1387 1565 τοὺς
1421 1514 1668 1569 πεζαιτέρους
1701 1514 1767 1554 καὶ

331 1585 577 1643 τοξοφόρους
599 1584 824 1640 ἔμπροσθεν
841 1585 991 1637 βαίνειν
1011 1581 1333 1638 ἐγκελευσάμενος
1339 1614 1352 1634 ,
1398 1583 1551 1635 ἐπείπερ
1572 1581 1821 1623 ἕπέπυστοΞΟ

333 1655 406 1708 τὴν
426 1658 498 1696 τοῦ
514 1652 714 1695 Ῥοπελίου
735 1652 982 1708 δυσχωρίαν,
1023 1651 1124 1692 καθ’
1156 1649 1204 1704 ἣν
1237 1649 1256 1691 ὃ
1283 1649 1461 1702 ποταμὸς
1482 1647 1679 1704 Στρυμὼν
1709 1646 1772 1703 ῥεῖ

334 1724 426 1764 δυσὶ
447 1719 742 1776 συγκλειόμενος
762 1718 891 1775 ὄρεσιν
919 1717 973 1768 ὡς
992 1717 1106 1773 μόγις
1129 1717 1286 1771 ἅμαξαν
1307 1717 1375 1759 διὰ
1395 1714 1542 1769 ταύτης
1563 1715 1765 1771 ἔρχεσθαι,

334 1794 407 1831 τοῦ
437 1792 621 1841 ποταμοῦ
649 1785 894 1840 στενωτάτην
924 1786 1237 1841 ἇπεργαζομένου
1267 1785 1338 1839 τὴν
1361 1785 1492 1825 δίοδον
1516 1780 1768 1838 (κλεισούρας

335 1857 429 1907 τοὺς
458 1853 661 1905 τοιούτους
693 1852 838 1904 τόπους
868 1851 888 1895 ὃ
916 1853 1038 1904 πολὺς
1057 1851 1311 1907 κατονομάζει
1333 1850 1471 1906 λαός),
1514 1853 1768 1906 Βουλγαρικῇ

425 1964 449 1999 2
469 1962 519 2006 τῷ
545 1957 674 1997 &aad
695 1961 744 1996 ita
765 1973 800 2007 p.
821 1961 867 1996 30
888 1960 938 2003 Β,
961 1960 1006 1996 47
1029 1961 1071 1997 Α.

335 2065 398 2087 nec
412 2064 478 2087 non
493 2052 590 2086 etiam
605 2063 647 2086 ex
662 2050 966 2085 circumiacentibus
979 2050 1062 2084 locis
1078 2048 1228 2094 plurimis
1239 2074 1250 2092 ,
1271 2046 1425 2083 Meleuici
1441 2046 1568 2081 moenia
1585 2044 1767 2079 circumve-

336 2099 387 2132 nit
409 2103 443 2131 et
469 2097 642 2131 obsidione
667 2096 772 2140 cingit
796 2101 830 2130 et
848 2107 1042 2141 oppugnare
1055 2095 1137 2129 totis
1154 2095 1275 2128 viribus
1291 2092 1470 2128 contendit.
1515 2090 1602 2126 arcis
1617 2090 1768 2124 custodia

334 2143 532 2176 demandata
545 2147 620 2176 erat
635 2142 808 2185 Nestongo
824 2141 1005 2175 Theodoro
1022 2144 1056 2174 et
1073 2140 1199 2183 Angelo
1216 2139 1338 2181 loanni,
1360 2138 1404 2171 ad
1417 2136 1656 2171 defendendum
1672 2135 1769 2180 oppi-

336 2189 381 2221 da
396 2189 574 2231 hostesque
589 2187 800 2220 debellandos
816 2186 1004 2231 aptissimis.
1050 2185 1207 2230 oppidani
1231 2184 1310 2217 licet
1333 2181 1528 2216 necessariis
1544 2181 1644 2214 rebus
1660 2181 1767 2213 abun-

335 2233 476 2272 darent,
492 2243 611 2276 -aquae
626 2237 734 2265 tamen
749 2232 860 2276 inopia
877 2232 1097 2273 laborabant,
1131 2229 1259 2263 aestivo
1282 2234 1430 2272 tempore
1454 2237 1536 2280 prae
1558 2224 1698 2259 caeteris
1711 2223 1767 2260 ,ad

334 2276 541 2310 tolerandum
557 2277 695 2309 maxime
709 2276 845 2310 arduum
861 2287 901 2309 ac
916 2275 1152 2309 difficillimum.
1197 2274 1243 2307 ilii
1269 2276 1394 2317 (neque
1416 2283 1501 2306 enim
1522 2280 1659 2315 prorsus
1679 2280 1768 2313 aqua

335 2322 524 2364 defecerat)
539 2321 677 2353 fortiter
690 2321 891 2355 adversariis
905 2321 1073 2361 resistere,
1095 2319 1227 2363 sagittis
1242 2318 1361 2360 ferire,
1393 2316 1536 2361 lapidum
1553 2316 1644 2348 iactu
1658 2313 1767 2347 inces-

335 2377 412 2400 sere
424 2391 435 2408 ,
459 2369 494 2398 et
507 2365 648 2398 omnium
662 2375 824 2398 armorum
842 2377 965 2409 genere
979 2365 1137 2409 impetum
1152 2363 1326 2397 sustinere.
1371 2362 1486 2395 horum
1510 2360 1632 2394 certior
1653 2360 1766 2393 factus

333 2411 515 2455 imperator
528 2421 629 2453 aegre
643 2409 749 2442 animo
765 2410 854 2453 angi,
879 2415 912 2442 et
926 2410 1129 2452 cogitatione
1144 2408 1267 2454 optima
1281 2419 1371 2449 usus,
1393 2406 1564 2440 celeritate
1578 2416 1646 2449 qua
1659 2403 1769 2449 potuit

335 2455 462 2490 militiis
475 2455 509 2489 in
523 2466 622 2488 unum
636 2454 759 2488 coactis
770 2479 780 2497 ,
812 2454 866 2487 die
881 2454 1073 2487 duodecimo
1086 2479 1097 2496 ‚
1130 2458 1198 2487 tam
1223 2453 1317 2486 brevi
1339 2452 1500 2498 temporis
1513 2450 1622 2495 spatio
1638 2453 1767 2483 tantum

335 2501 399 2535 iter
425 2511 594 2545 emensus,
628 2504 788 2543 tantoque
810 2499 957 2536 exercitu
982 2499 1124 2533 stataria
1148 2503 1244 2532 sueto
1269 2508 1398 2542 pugna,
1433 2496 1533 2530 armis
1557 2495 1768 2538 circumqua-

335 2557 403 2591 que
433 2546 580 2587 munito,
619 2544 712 2590 equis
736 2544 894 2577 onerariis
919 2544 1077 2588 proviso,
1116 2543 1202 2577 omni
1226 2543 1290 2576 alio
1323 2547 1487 2588 apparatu
1514 2545 1616 2585 atque
1645 2542 1767 2572 ornatu

335 2590 475 2624 visendo
507 2591 638 2624 firmato
669 2589 904 2633 obvallatoque
933 2589 1134 2630 instructus,
1157 2588 1277 2621 Serras
1306 2587 1459 2629 advenit;
1497 2591 1599 2630 atque
1620 2584 1667 2618 ibi
1694 2594 1768 2617 cum

335 2639 578 2681 pernoctasset,
621 2639 754 2680 postero
785 2634 841 2668 die
869 2645 992 2668 summo
1023 2645 1120 2666 mane
1148 2633 1319 2666 recensitis
1346 2633 1451 2677 copiis
1480 2631 1610 2677 pedites
1640 2640 1680 2663 ac
1710 2636 1767 2663 sm-

335 2681 491 2724 gittarios
516 2680 648 2725 praeire
671 2679 788 2723 iussit,
828 2689 902 2712 cum
928 2678 1113 2723 accepisset
1136 2677 1303 2712 difficilem
1324 2677 1453 2723 Ropeiii
1479 2675 1669 2716 transitum,
1706 2683 1768 2718 per

336 2737 433 2770 quem
457 2725 579 2759 flumen
605 2726 742 2768 Strymo
767 2725 897 2758 duobus
918 2723 1067 2758 occlusus
1090 2723 1256 2757 montibus
1280 2721 1508 2768 praeterfluit,
1538 2720 1622 2754 adeo
1648 2722 1686 2752 ut
1708 2716 1766 2750 vix

336 2782 398 2816 per
420 2770 508 2804 viam
530 2781 646 2805 currus
671 2770 885 2815 praeteriret,
913 2769 1047 2803 flumine
1074 2768 1245 2802 transitum
1275 2780 1373 2812 quam
1403 2765 1665 2811 angustissimum
1691 2761 1768 2796 effi-

335 2816 457 2861 ciente,
481 2816 624 2862 ideoque
638 2815 747 2851 locum
763 2815 912 2850 Ciisuras
924 2815 1044 2860 vulgus
1058 2814 1251 2860 appellavit,
1269 2825 1289 2849 a
1304 2813 1448 2859 Bulgaro
1464 2811 1579 2855 milite,
1601 2807 1767 2855 equitibus
