1858 3236
346 197 413 245 94
729 199 1103 250 CONSTANTINI
1131 203 1405 252 MANASSIS·
1425 215 1427 217 ’

344 312 455 356 2155
476 313 544 356 καὶ
564 316 635 368 τῆς
658 311 786 372 ὁρμῆς
805 318 876 372 τῆς
892 317 1112 375 Παρθικῆς
1127 315 1362 374 ’ἅναμαθῶν
1382 318 1429 363 τὸ
1447 317 1641 379 θράσος,

481 381 559 423 ἀπ’
581 381 714 439 ἄκρων
738 387 812 439 γῆς
833 386 889 435 εἰς
909 383 1015 442 ἄκρα
1030 390 1104 442 γῆς
1125 386 1243 437 ὀξέως
1261 389 1504 442 μεταβαίνει,

479 451 545 491 καὶ
563 453 807 503 συμπλακεὶς
823 453 889 494 καὶ
911 453 984 504 τὰς
1002 453 1134 496 αὗτῶν
1158 454 1281 512 ῥήξας
1303 457 1620 514 φαλαγγαρχίας,

482 518 548 558 καὶ
568 516 760 570 πεδιάδας
778 519 851 571 τὰς
872 521 958 579 7ἐκεῖ
973 522 1104 572 δείξας
1124 523 1507 579 σωματοστρῶτους,

476 591 560 635 τοῖς
581 584 690 642 ὅροις
714 586 1011 644 κατηνάγκασεν
1032 590 1211 643 ἐμμένειν
1229 596 1313 640 τοῖς
1334 593 1460 643 ἰδίοις,

340 652 452 693 2160
473 655 539 694 καὶ
561 652 748 711 Πάρθων
768 656 818 698 τὰ
835 658 1097 710 σχοινίσματα
1117 659 1325 708 συστείλας
1342 660 1409 701 καὶ
1432 655 1632 709 στενιῦσας

476 722 697 773 καλλίνικος
713 723 888 776 ἀνέζευξε
901 755 914 776 ,
949 724 1022 779 τὴν
1040 726 1151 780 νίκην
1171 723 1380 780 ἑορτάζων.

478 784 594 840 οὗτος
616 789 798 846 συνήλγει
821 791 1044 846 πάσχουσι,
1078 794 1294 848 συνέκαμνε
1321 798 1500 847 πονοῦσι,

474 864 559 907 τοῖς
579 858 703 908 ξένοις
719 858 984 914 ἕπεκάμπτεῒο
997 892 1011 912 ,
1041 862 1183 917 φίλους
1200 866 1485 919 παρεμυθεῖτο,

476 924 712 977 ἀνεξικάκως
737 926 874 985 ἔφερεν
893 927 1054 970 ἅπασαν
1072 931 1288 985 λοιδορίαν,

340 991 450 1033 2165
475 995 556 1035 δεῖν
580 994 812 1044 ἐξισοῦσθαι
832 999 890 1053 τῷ
908 999 993 1054 θεῷ
1009 997 1131 1052 λέγων
1153 997 1221 1039 τὸν
1236 996 1407 1052 βασιλέα

474 1063 539 1104 καὶ
561 1061 761 1116 στόματος
777 1063 990 1118 ἀνέχεσθαι
1012 1063 1196 1121 λοιδόρου
1220 1067 1285 1107 καὶ
1304 1061 1566 1122 βλασφήμου.

470 1128 677 1186 παρούσης
695 1131 739 1173 δὲ
757 1133 823 1173 καὶ
845 1136 916 1186 τῆς
932 1136 1084 1186 βουλῆς
1101 1134 1167 1174 καὶ
1189 1138 1269 1175 τῶν
1290 1134 1331 1175 ἐν
1357 1133 1456 1175 τέλει
1478 1131 1637 1175 πάντων

469 1199 586 1254 ξίφος
603 1196 814 1253 γυμνώσας
833 1200 1001 1242 δέδωκεν
1021 1198 1181 1257 ἐπάρχῳ
1201 1205 1258 1259 τῷ
1276 1205 1347 1255 τῆς
1367 1198 1538 1255 Ῥώμης,

464 1263 605 1315 “ὁέ’ξαι
628 1266 672 1308 τὸ
695 1266 831 1324 ξίφος”
858 1266 1026 1309 ἐπειπών
1037 1299 1050 1318 ,
1078 1266 1183 1309 ακᾶν
1199 1269 1272 1322 μὲν
1290 1269 1437 1317 ἀδίκως
1461 1267 1588 1324 ἄρχω,

206 1338 235 1371 Ρ
267 1338 312 1375 45
334 1332 445 1374 2170
458 1337 610 1388 χρῆσαι
630 1339 685 1390 τῷ
706 1336 809 1390 ξίφει
833 1335 924 1377 κατ’
946 1336 1067 1388 ἐμοῦ,
1099 1335 1157 1390 μὴ
1181 1338 1297 1393 φείσῃ
1316 1340 1387 1390 τῆς
1409 1337 1510 1389 ζωῆς
1529 1348 1634 1390 μου·

469 1403 504 1442 εἴ
524 1401 567 1442 δὲ
582 1403 760 1455 νομίμως
777 1403 842 1444 καὶ
864 1406 997 1452 καλῶς
1018 1403 1085 1444 καὶ
1105 1403 1200 1456 μετ’
1228 1403 1474 1454 εὖθυδικιάς,

467 1466 565 1524 ῦπὲρ
586 1469 685 1522 ἐμοῦ
708 1470 885 1525 γενέσθω
911 1486 974 1512 σοι
995 1469 1039 1512 τὸ
1063 1471 1180 1527 ξίφος
1205 1471 1386 1513 ἓκδικοῦν
1407 1470 1494 1525 ,ιι-εἶ’

527 1536 644 1578 Ἀλλ’
667 1531 783 1587 οὗτος
803 1539 877 1591 μὲν
899 1538 1047 1588 ἐξέλιπε
1069 1541 1234 1588 πολλαῖς
1248 1539 1459 1595 ἒμπρέψας
1479 1539 1619 1589 νίκαις,

462 1602 624 1661 χρόνοις
642 1605 751 1647 ἐννέα
773 1605 846 1647 σὺν
863 1603 962 1647 ἑπτὰ
983 1607 1106 1660 μησὶν
1129 1604 1406 1661 ἡγεμονεύσας,

331 1673 440 1714 2175
455 1672 651 1729 Ἀδριανῷ
676 1674 718 1715 δὲ
738 1677 796 1729 τῷ
812 1677 984 1730 γαμβρῷ
1003 1674 1184 1715 κατέλιπε
1207 1674 1251 1716 τὸ
1273 1672 1432 1731 κράτος.

467 1734 583 1790 οὗτος
605 1747 692 1790 ταῖς
711 1742 871 1794 βίβλοις
893 1740 1024 1798 ἔχαιρε
1045 1743 1113 1783 καὶ
1130 1739 1262 1798 λόγοις
1281 1740 1493 1801 ἓνετρύφα,

417 1878 512 1913 2156
533 1876 660 1922 ὀξέως]
683 1875 826 1922 ὄτρύζει
847 1878 886 1913 Μ
986 1879 1075 1916 2161
1095 1877 1248 1923 ἅνέταξε
1265 1881 1305 1915 Μ
1393 1880 1487 1916 2162
1506 1879 1659 1915 νοσοῦσι
1678 1879 1776 1915 ARR

417 1925 510 1959 2169
535 1921 605 1958 κᾶν
632 1922 680 1967 μὴ
706 1925 868 1967 νομίμως
887 1924 952 1962 AR
1050 1926 1142 1963 2174
1162 1925 1256 1973 πρὸς
1277 1927 1344 1963 RR
1444 1926 1536 1962 2176
1553 1927 1633 1966 τοῖς
1654 1923 1777 1970 λόγοις

419 1967 538 2014 ἔχαιρε
555 1969 618 2005 καὶ
640 1970 781 2016 βίβλοις
802 1970 837 2005 R

327 2093 479 2140 impetus
500 2094 657 2130 Parthici
685 2094 830 2131 audacia
849 2096 1089 2143 cognovisset,
1109 2098 1153 2133 ab
1177 2096 1340 2134 extremis
1363 2101 1479 2132 terrae
1498 2095 1626 2132 finibus
1648 2096 1693 2131 ad
1711 2107 1774 2130 ex-

325 2141 518 2175 tremitates
542 2142 592 2175 eis
612 2141 790 2186 oppositas
818 2143 979 2178 celeriter
1003 2156 1081 2179 sese
1100 2144 1263 2188 contulit,
1284 2155 1417 2186 manum
1438 2155 1514 2178 cum
1532 2143 1632 2178 hoste
1650 2153 1773 2176 conse-

324 2186 419 2230 ruit,
443 2186 630 2231 phalanges
657 2188 820 2222 adversas
844 2190 1024 2235 perrupit,
1051 2190 1214 2235 planities
1241 2201 1357 2228 eorum
1373 2189 1525 2223 locorum
1545 2187 1773 2222 cadaveribus

324 2232 538 2275 constravit,
561 2233 709 2266 Parthos
732 2233 824 2268 intra
842 2234 967 2269 limites
989 2247 1070 2270 suos
1091 2247 1229 2270 manere
1251 2235 1387 2279 coegit,
1417 2234 1537 2278 eisque
1560 2246 1629 2268 non
1651 2243 1773 2278 parum

323 2277 447 2310 artatis
480 2278 525 2311 ad
553 2277 759 2322 triumphum
784 2285 885 2323 parta
907 2280 1036 2324 insigni
1061 2281 1210 2315 victoria
1229 2281 1362 2315 domum
1381 2291 1544 2314 reversus
1567 2284 1633 2313 est.
1681 2278 1732 2312 sic
1751 2290 1772 2312 a

322 2327 447 2356 natura
468 2328 682 2366 comparatus
708 2329 783 2358 erat
812 2330 850 2358 ut
880 2326 1022 2360 afflictis
1045 2327 1255 2370 condoleret,
1278 2325 1528 2370 aegrotantium
1549 2324 1697 2358 miseriis
1716 2324 1771 2358 af—

320 2369 507 2411 ficeretur,
528 2368 566 2401 in
587 2373 769 2405 extraneos
787 2370 957 2414 benignus
980 2377 1090 2415 esset,
1114 2372 1240 2405 amicos
1255 2372 1437 2414 solaretur,
1455 2370 1645 2404 toleranter
1663 2380 1771 2415 quae·-

320 2414 375 2447 vis
400 2413 558 2449 convicia
578 2415 708 2457 ferret,
736 2425 810 2448 cum
839 2416 977 2460 quidem
1005 2418 1138 2451 diceret
1163 2417 1405 2462 imperatorem
1432 2417 1498 2450 deo
1523 2415 1668 2450 similem
1693 2426 1771 2449 esse

320 2460 450 2493 debere
473 2465 576 2503 atque
595 2460 665 2492 oris
687 2459 845 2494 maledici
874 2462 1098 2506 petulantiam
1119 2463 1293 2496 commode
1321 2462 1471 2507 perpeti.
1517 2461 1668 2506 gladium
1685 2472 1770 2494 eva-

319 2505 474 2549 ginatum
494 2505 531 2538 in
549 2511 689 2538 senatus
715 2510 751 2538 et
774 2507 1032 2550 magistratuum
1050 2509 1250 2552 praesentia
1271 2509 1446 2541 Romanae
1468 2507 1564 2541 urbis
1589 2506 1769 2551 praefecto

320 2562 396 2584 cum
425 2551 542 2584 verbis
571 2551 764 2585 huiusmodi
792 2553 938 2587 tradidit
969 2553 1113 2597 “accipe
1143 2553 1290 2597 gladium
1312 2552 1420 2596 hunc,
1451 2558 1487 2587 et
1508 2552 1539 2586 si
1557 2552 1695 2597 quidem
1712 2551 1767 2584 in·

319 2596 412 2630 iuste
430 2608 483 2630 me
509 2596 546 2629 in
570 2595 714 2641 imperio
736 2609 896 2641 gessero,
931 2604 1051 2631 contra
1071 2610 1125 2633 me
1148 2599 1260 2644 ipsum
1281 2598 1338 2633 illo
1360 2604 1458 2632 utere
1477 2610 1541 2631 nec
1559 2597 1654 2631 vitae
1671 2608 1768 2631 meae

318 2642 473 2688 parcito:
494 2642 547 2676 sin
567 2641 732 2687 legitime,
749 2648 846 2678 recte
863 2643 1023 2689 iusteque
1043 2643 1279 2689 imperavero,
1303 2655 1367 2690 pro
1388 2643 1592 2680 defensione
1609 2642 1678 2678 mei
1692 2647 1766 2677 tra-

319 2688 429 2722 ditum
447 2687 513 2722 tibi
530 2685 688 2732 putato-’⁹
915 2699 917 2701 ’

411 2756 569 2791 Mortuus
597 2760 652 2790 est
672 2752 844 2791 Traianus
873 2753 987 2791 multis
1005 2761 1145 2792 ornatus
1167 2757 1345 2803 victoriis,
1365 2770 1439 2793 cum
1455 2755 1602 2804 imperio
1621 2768 1687 2803 per
1703 2769 1765 2791 an·-

321 2813 384 2837 nos
404 2814 527 2837 novem
546 2806 582 2836 et
603 2806 735 2847 septem
756 2814 891 2836 menses
909 2803 1140 2848 praefuisset,
1159 2805 1311 2840 Adriano
1331 2817 1460 2849 genero
1482 2815 1683 2839 successore
1702 2803 1765 2837 de-

321 2847 472 2894 signato.
517 2848 754 2886 delectabatur
783 2848 841 2885 ille
865 2848 964 2886 libris
976 2873 987 2896 ‚
1019 2861 1060 2887 ac
1087 2849 1299 2898 voluptatem
1329 2862 1372 2888 ex
1391 2849 1623 2887 doctrinarum
1640 2848 1766 2885 studiis
