1924 3242
299 182 362 230 24
929 179 1111 224 IOELIS

434 297 558 343 Μετὰ
577 298 620 340 ὁὲ
635 295 835 349 Ἀντίοχον
856 292 1109 349 ἐβασίλευσεν
1130 291 1152 336 ὃ
1170 291 1258 343 υἱὸς
1279 292 1407 335 αὐτοῦ
1428 291 1449 335 ὅ
1466 291 1682 350 Εὐπάτωρ.

435 366 559 411 Μετὰ
590 365 634 407 δὲ
662 367 791 406 ταῦτα
822 362 1075 417 ἐβασίλευσεν
1099 359 1265 412 Ἰούλιος
1290 363 1455 419 Καῖσαρ
1477 359 1499 404 ὅ
1525 361 1584 417 μὴ
1611 378 1750 418 γεννη-

299 435 409 486 θείς·
444 439 516 489 τῆς
537 433 614 490 γὰρ
636 431 789 489 μητρὸς
809 431 935 474 αὐτοῦ
951 428 1160 486 θανούσης
1184 431 1225 472 ἐν
1248 434 1307 487 τῷ
1329 428 1477 487 ἔννάτῳ
1494 430 1615 485 μηνί,
1648 428 1750 473 ταῦ-

297 519 372 558 την
393 498 654 555 ἀνατεμόντες
676 500 864 554 ἐξέβαλον
886 497 1018 542 αῧτόν.
1066 499 1163 541 ὅθεν
1184 500 1250 540 καὶ
1272 499 1436 554 Καῖσαρ
1457 498 1632 554 λέγεται·
1669 498 1747 556 ἀφ’

249 577 280 612 C
304 565 353 613 οὗ
385 571 592 626 Καίσαρες
622 568 660 611 οἱ
685 567 893 621 Ῥωμαίων
921 565 1308 625 προσηγορεύθησαν
1338 570 1538 620 βασιλεῖς,
1591 564 1614 608 ὃ
1645 567 1785 611 {mars

300 638 481 693 ἀνατομὴ
503 637 607 680 κατὰ
626 636 698 689 τὴν
714 634 922 690 Ῥωμαίων
939 640 1132 692 γλῶτταν.
1164 633 1208 685 ὃς
1226 638 1385 691 πρῶτος
1404 635 1472 676 καὶ
1492 631 1616 688 μόνος
1629 631 1754 691 {uoci-

299 722 418 761 τησεν
443 709 522 748 τῶν
536 703 768 759 Ῥωμαϊκῶν
789 703 1001 761 σκήπτρων
1020 703 1122 758 μετὰ
1140 707 1291 757 πολλῆς
1309 700 1588 759 ὑπερηφανίας
1602 733 1615 753 ,
1655 702 1769 744 ὅθεν

301 775 367 816 καὶ
387 771 585 830 δικτάτωρ
609 775 798 824 ἐκαλεῖτο,
832 771 854 815 ὅ
877 768 959 815 ἔστι
981 770 1200 829 μονάρχης.
1241 769 1401 813 πάντων
1424 771 1468 812 δὲ
1489 768 1697 827 κρατήσας
1713 769 1756 812 ἔν

301 840 509 896 ἷταμότητι
532 842 599 883 καὶ
619 842 823 898 τυραννίδι
855 841 918 884 ἐπὶ
943 841 1010 895 ἔτη
1042 839 1092 895 ιη’
1114 839 1294 896 ἀνῃρέθη
1321 839 1384 880 ἐπὶ
1405 837 1643 894 συγκλήτου.
1710 837 1756 888 ὃς

300 907 450 964 νόμους
463 907 675 964 Ῥωμαίοις
690 908 856 961 ἔδωκεν,
894 910 961 951 καὶ
977 908 1046 950 τὸν
1061 910 1244 961 βίσεκτον
1262 909 1403 964 ἐφεῦρε
1413 915 1434 958 ,’
1468 909 1536 949 καὶ
1555 907 1625 949 τὸν
1645 910 1755 962 μῆνα
1769 912 1812 948 10

296 976 462 1020 Ἰούλιον
489 975 772 1032 μετωνόμασε,
806 975 999 1034 πρότερον
1022 978 1261 1018 Κυντίλλιον
1281 974 1540 1029 καλούμενον.
1609 975 1681 1032 ἐφ’
1708 968 1758 1017 οὗ

300 1040 351 1101 ἦν
380 1047 448 1088 καὶ
473 1043 630 1096 Ἰούδας
659 1043 681 1087 ὅ
710 1047 928 1096 Γαλιλαῖος
960 1043 981 1087 ὁ
1014 1045 1055 1086 ἓν
1083 1051 1172 1094 ταῖς
1202 1042 1371 1100 πράξεσι
1404 1047 1486 1086 τῶν
1520 1041 1758 1086 ἀποστόλων

300 1111 666 1168 μνημονευόμενος,
699 1115 766 1155 καὶ
784 1112 1043 1171 Ἀντίπατρος
1062 1110 1083 1155 ὃ
1105 1110 1297 1169 “Ηρώδου
1319 1111 1452 1169 πατὴρ
1474 1110 1667 1165 βασιλεὺς
1685 1114 1759 1166 τῆς

295 1180 496 1231 Ἰουδαίας
517 1182 701 1236 κατέστη.

252 1260 284 1295 1)
442 1250 568 1297 Μετὰ
590 1251 634 1291 δὲ
652 1246 819 1291 Ἰούλιον
841 1247 1036 1304 Καίσαρα
1057 1247 1312 1302 ἐβασίλευσεν
1332 1245 1573 1302 Αὔγουστος
1592 1247 1757 1303 Καῖσαρ
1770 1250 1815 1292 1⁵

296 1317 512 1371 Ὀκταβίου
529 1315 639 1368 υἱός,
675 1315 720 1366 ὃς
740 1317 806 1358 καὶ
828 1314 1055 1370 Σεβαστός,
1090 1313 1157 1370 ἔτη
1178 1312 1237 1364 νς’
1251 1327 1263 1340 ·
1298 1313 1377 1372 ἀφ’
1402 1308 1452 1356 οὗ
1470 1316 1669 1368 Σεβαστοὶ
1690 1316 1761 1357 καὶ

301 1384 534 1440 Αῦγουστοι
565 1381 956 1441 προσηγορεύθησαν
984 1383 1022 1424 οἱ
1047 1381 1257 1436 Ῥωμαίων
1281 1386 1483 1437 βασιλεῖς,
1525 1384 1594 1424 καὶ
1625 1380 1648 1424 ὃ
1677 1382 1760 1437 μὴν

301 1451 541 1507 Αὔγουστος
561 1450 736 1505 ἐκλήθη,
771 1449 965 1508 πρότερον
985 1452 1187 1501 Σεξτίλιος
1212 1449 1515 1504 ὀνομαζόμενος.
1545 1451 1587 1492 ἐν
1604 1454 1665 1508 τῷ
1685 1447 1759 1505 μβ’

302 1519 379 1562 ξ’τει
409 1524 482 1574 τῆς
517 1520 643 1562 αὐτοῦ
670 1521 879 1573 βασιλείας
909 1517 1101 1574 ἐγεννήθη
1131 1517 1154 1560 ὃ
1178 1517 1317 1574 κύριος
1337 1517 1453 1573 ἡμῶν
1470 1518 1625 1573 Ἰησοῦς
1647 1521 1758 1575 Χρι-

299 1586 408 1637 στός.
443 1588 484 1629 ἓν
507 1589 550 1630 δὲ
569 1591 628 1644 τῷ
648 1585 719 1641 μα’
737 1586 813 1629 ἴτε-ι
832 1591 905 1641 τῆς
923 1589 1133 1640 βασιλείας
1152 1587 1291 1638 αὐτοῦ,
1319 1586 1399 1628 ἀπὸ
1418 1586 1583 1636 κτίσεως
1603 1582 1815 1640 κόσμου20

301 1654 378 1698 ἴτει
401 1653 487 1712 εφ’,
526 1657 594 1697 καὶ
608 1653 800 1711 ιΗρώδης
824 1655 866 1704 ἐξ
887 1655 1019 1696 ἐθνῶν
1039 1653 1117 1709 ἤδη
1139 1654 1332 1707 βασιλεὺς
1351 1658 1425 1709 τῆς
1439 1654 1640 1704 Ἰουδαίας
1658 1654 1760 1709 ἀνη-

299 1721 499 1779 γόρευται.
566 1726 639 1765 τοῦ
662 1722 706 1764 δὲ
726 1723 865 1778 κυρίου
896 1720 1012 1777 ἡμῶν
1029 1722 1161 1777 Ἰησοῦ
1179 1725 1366 1779 Χριστοῦ
1387 1722 1492 1764 κατὰ
1515 1719 1650 1779 σάρκα
1670 1739 1760 1778 γεν-

301 1791 495 1846 νηθέντος
514 1792 582 1832 καὶ
600 1794 673 1832 τοῦ
698 1788 888 1846 ιΗρώὸου
909 1794 1042 1839 κακῶς
1062 1790 1131 1832 τὸν
1151 1792 1241 1844 βίον
1261 1789 1586 1844 μεταλλάξαντος
1606 1788 1761 1845 πεπλή-

304 1875 430 1915 ρωται
453 1858 499 1901 τὸ
517 1856 621 1901 “onix
642 1859 815 1913 ἐκλείψει
839 1857 975 1915 ἄρχων
995 1859 1036 1908 ἐξ
1052 1856 1209 1910 Ἰούδα,
1245 1859 1319 1908 ἕως
1338 1858 1388 1901 ἂν
1411 1858 1515 1915 ἔλθῃ
1536 1852 1570 1917 ᾧ
1595 1856 1758 1901 ἀπόκει-

393 2009 591 2045 Antiochnm
608 2009 742 2056 excepit
756 2010 843 2044 filius
858 2010 1022 2056 Eupator.
1397 2030 1407 2035 -

391 2056 538 2090 Posthac
555 2055 660 2090 lulius
675 2057 824 2097 Caesar,
856 2057 913 2101 qui
928 2057 1062 2100 genitus
1077 2067 1142 2090 non
1159 2058 1213 2090 est
1223 2083 1233 2100 ,
1272 2067 1329 2091 res
1343 2054 1476 2100 imperii
1492 2055 1756 2090 administravit:

301 2112 390 2135 nono
406 2102 527 2135 etenim
543 2113 658 2135 mense
673 2127 683 2143 ‚
720 2113 762 2135 ex
777 2113 844 2146 quo
861 2107 992 2135 uterum
1008 2106 1116 2136 mater
1130 2103 1223 2137 ferre
1238 2107 1400 2146 coeperat
1411 2127 1421 2144 ,
1455 2101 1569 2135 matris
1585 2107 1758 2136 emortuae

301 2150 400 2179 utero
416 2152 509 2180 secto
530 2147 732 2181 extrahitur.
777 2147 865 2181 unde
889 2152 925 2181 et
941 2147 1070 2181 Caesar
1094 2147 1224 2191 dictus,
1259 2151 1296 2180 et
1324 2147 1368 2180 ab
1395 2158 1436 2180 eo
1453 2146 1620 2180 Caesares
1643 2158 1758 2181 omnes

301 2191 526 2225 Romanorum
551 2192 791 2236 imperatores,
823 2204 843 2226 a
869 2203 1010 2226 caesura
1034 2193 1083 2226 sic
1107 2193 1197 2227 dicta
1215 2192 1331 2236 lingua
1347 2192 1509 2226 Romana.
1556 2192 1610 2225 hic
1628 2192 1756 2237 primus

303 2236 448 2270 omnium
472 2241 506 2270 et
531 2238 621 2270 solus
646 2237 820 2282 imperium
837 2238 1020 2271 Romanum
1037 2238 1147 2271 tenuit
1158 2262 1169 2278 ‚
1201 2237 1290 2282 quod
1306 2237 1451 2282 superbe
1468 2237 1645 2271 admodum
1661 2249 1757 2272 arro-

301 2286 491 2326 ganterque
506 2282 770 2324 administravit3
805 2283 880 2316 hinc
903 2283 1061 2317 dictatori
1080 2294 1196 2316 nomen
1212 2282 1262 2316 illi
1278 2282 1352 2316 fuit.
1398 2281 1427 2315 is
1442 2293 1563 2316 severe
1579 2295 1620 2317 ac
1634 2288 1756 2328 tyran-

301 2326 375 2360 nice
401 2327 451 2359 rei
478 2327 634 2371 publicae
659 2327 893 2370 gubernaculis
918 2329 1134 2372 pertractatis
1158 2339 1219 2372 per
1244 2338 1350 2361 annos
1368 2327 1554 2362 octodecim
1576 2328 1611 2362 in
1634 2334 1756 2364 senatu

302 2371 499 2406 trucidatur.
546 2372 705 2405 Romanis
719 2373 812 2415 leges
828 2372 934 2413 dedit,
960 2373 1142 2407 bissextum
1157 2372 1302 2406 instituit
1314 2398 1323 2412 ,
1345 2383 1492 2407 mensem
1508 2373 1600 2418 prius
1617 2374 1758 2415 Quinti-

303 2416 369 2451 lem
383 2416 506 2450 dictum
521 2417 638 2450 Iulium
653 2417 847 2450 nominavit.
894 2418 956 2450 sub
973 2430 1013 2451 eo
1030 2418 1146 2451 floruit
1161 2418 1259 2451 ludas
1275 2418 1452 2452 Galilaeus
1462 2444 1472 2462 ,
1510 2419 1603 2453 cuius
1620 2419 1654 2454 in
1670 2420 1757 2454 acti-

304 2462 366 2496 bus
384 2462 611 2507 apostolorum
627 2463 751 2496 mentio
768 2462 818 2502 fit,
839 2466 874 2495 et
887 2463 1066 2507 Antipater
1079 2463 1227 2496 Herodis
1242 2467 1337 2508 pater
1351 2474 1412 2497 rex
1426 2463 1570 2498 Iudaeae
1586 2470 1732 2500 creatur.

398 2508 482 2540 Post
496 2508 614 2541 Iulium
632 2508 811 2541 Caesarem
834 2508 1007 2552 imperium
1029 2508 1139 2541 tenuit
1156 2510 1328 2552 Augustus
1350 2509 1479 2543 Caesar
1495 2510 1632 2543 Octavii
1654 2511 1754 2554 filius,

304 2552 362 2597 qui
377 2557 413 2586 et
428 2555 600 2596 Augustus
616 2553 804 2598 appellatus
820 2559 882 2594 est,
907 2565 1012 2586 annos
1028 2553 1270 2597 quinquaginta
1285 2565 1355 2588 sex.
1399 2555 1441 2588 ab
1459 2555 1522 2588 hoc
1536 2556 1679 2589 Romani
1692 2556 1755 2591 im-

305 2602 480 2642 peratores
497 2598 631 2633 Sebasti
646 2599 856 2643 Augustique
879 2599 992 2632 vocati
1020 2603 1118 2640 sunt,
1158 2607 1194 2633 et
1215 2600 1336 2632 mensis
1352 2600 1542 2644 Augustus,
1578 2601 1630 2634 cui
1653 2607 1754 2635 antea·

304 2654 422 2677 nomen
439 2644 573 2678 Sextili.
622 2655 709 2676 anno
733 2641 988 2688 quadragesimo
1004 2645 1148 2678 secundo
1165 2645 1310 2678 eiusdem
1326 2645 1457 2690 imperii
1472 2646 1624 2679 dominus
1638 2651 1754 2680 noster

303 2689 399 2722 lesus
416 2688 571 2723 Christus
586 2689 746 2724 nascitur.
794 2701 880 2722 anno
905 2700 986 2722 vero
1009 2689 1096 2722 illius
1116 2690 1369 2734 quadragesimo
1387 2691 1493 2735 primo
1509 2692 1552 2725 ab
1569 2693 1651 2726 orbe
1670 2703 1753 2726 con-

303 2734 374 2767 dito
390 2744 494 2768 annus
508 2735 597 2768 5500
612 2735 810 2778 completur,
832 2746 904 2768 cum
920 2735 1076 2769 Herodes
1091 2746 1152 2769 rex
1167 2736 1313 2769 Iudaeae
1329 2736 1474 2780 eligitur.
1505 2748 1606 2782 porro
1621 2737 1752 2771 domino

303 2784 420 2813 nostro
438 2779 516 2813 lesu
531 2779 667 2813 Christo
686 2781 721 2813 in
737 2791 836 2813 carne
852 2784 944 2823 nato,
968 2780 1107 2814 Herode
1121 2781 1200 2814 item
1216 2781 1424 2815 atrocissime
1440 2782 1514 2816 vita
1528 2783 1646 2817 functo
1657 2808 1668 2824 ‚
1688 2782 1751 2816 ad·-

302 2824 473 2870 impletum
490 2829 543 2860 est
559 2825 638 2860 illud
655 2821 743 2860 “non
759 2825 897 2860 deficiet
912 2826 1066 2872 princeps
1081 2838 1124 2860 ex
1140 2827 1233 2870 Iuda,
1251 2827 1359 2861 donec
1375 2827 1488 2862 veniat
1503 2828 1556 2862 cui
1570 2827 1751 2874 repositum
