1924 3242
202 763 946 837 ·1‘MMANUELIS
1015 764 1489 834 BEKKERJ.

517 947 564 1003 P
595 947 649 1004 R
681 948 735 1006 A
766 948 814 1005 E
848 949 892 1005 F
922 949 979 1005 A
1009 947 1120 1005 TI
1153 945 1226 1006 Ο.

150 1291 391 1379 Georgius
435 1317 692 1378 Acropolita
732 1331 878 1360 rerum
914 1330 991 1361 sua
1024 1322 1168 1361 aetate
1204 1323 1429 1377 gestarum
1464 1332 1588 1362 com-

148 1431 383 1476 mentarios
426 1431 600 1490 reliquit
637 1430 770 1487 duos,
817 1429 890 1488 qui
935 1443 1034 1474 cum
1075 1424 1340 1489 plerumque
1382 1430 1440 1473 ad
1486 1445 1590 1474 ver-

146 1545 252 1590 bum
291 1544 572 1600 conveniant,
613 1558 668 1587 eo
703 1542 911 1587 differunt
949 1542 1071 1601 quod
1106 1543 1215 1588 alter
1249 1558 1364 1603 quae
1398 1543 1457 1587 ad
1493 1559 1590 1588 rem

143 1657 370 1718 publicam
406 1645 655 1718 Pertineaut
696 1654 852 1712 tradit,
893 1655 1004 1700 alter
1040 1656 1264 1716 scriptoris
1299 1657 1433 1701 vitam
1465 1657 1585 1701 inse-

142 1772 208 1820 rit.
278 1771 400 1816 illum
433 1770 700 1816 Theodorus
728 1768 883 1814 Dousa
908 1768 1068 1828 edidit,
1102 1768 1219 1814 hunc
1248 1769 1345 1814 Leo
1372 1770 1582 1815 Allatius:

141 1891 374 1944 utrumque
416 1884 533 1929 iuxta
571 1884 695 1944 ponit
739 1883 872 1928 editio
904 1882 1180 1939 Parisiensis‚
1222 1882 1362 1939 malo,
1404 1883 1439 1927 si
1473 1882 1579 1942 quid

140 1997 295 2054 video,
330 1997 558 2058 exemplo:
596 2011 674 2041 cur
702 1997 818 2042 enim
846 1995 1003 2041 eadem
1029 1995 1095 2040 bis
1130 1996 1417 2056 ingerantur?
1444 1997 1575 2055 equi-

140 2109 242 2156 dem
286 2111 551 2156 Allatianum
595 2110 790 2156 libellum
825 2110 932 2170 (A)
977 2124 1078 2154 cum
1119 2110 1329 2154 Dousano
1364 2109 1471 2169 (D)
1517 2110 1576 2153 ita

140 2225 302 2270 contuli
329 2230 378 2270 ut
406 2225 622 2270 diversam
653 2224 781 2269 huius
816 2223 1070 2279 lectionem,
1113 2237 1228 2282 quae
1261 2222 1441 2281 quidem
1474 2238 1576 2267 ver-

138 2337 204 2381 bis
231 2343 307 2382 aut
339 2338 516 2400 singulis
548 2345 621 2383 aut
655 2337 809 2399 paucis
844 2336 1161 2394 contineretur,
1195 2342 1404 2396 tanquam
1438 2352 1464 2381 e
1499 2352 1575 2382 co-

138 2449 238 2493 dice
288 2450 427 2495 minus
477 2452 651 2513 integro
699 2465 984 2512 excerperem
1029 2456 1127 2508 aut,
1172 2450 1208 2494 si
1258 2465 1464 2510 possem,
1517 2451 1575 2494 ad

137 2562 484 2608 emendationem
521 2571 833 2610 converterem.
902 2565 964 2609 sic
1005 2562 1230 2622 scriptoris
1275 2564 1402 2607 tertia
1435 2563 1576 2607 ferme

131 2681 262 2736 parte
302 2676 537 2736 compendi
579 2676 722 2735 facta,
776 2682 1168 2724 commentatorum
1209 2690 1388 2735 quoque
1432 2676 1573 2736 depa-

128 2788 338 2835 scendam
380 2794 497 2836 ratus
543 2790 757 2837 luxuriam
792 2797 837 2838 et
870 2790 1019 2837 Allatii
1059 2788 1118 2834 de
1151 2787 1358 2851 Georgiis
1394 2803 1570 2834 eorum-
