1924 3242
391 169 484 225 188
783 170 1016 227 GEORGII
1039 172 1421 216 ACROPOLITAE

387 284 431 324 δὲ
451 279 630 337 τυγχάνει
653 282 719 324 καὶ
741 279 903 335 ὕδασιν,
938 284 1052 340 ἔγγὺς
1083 285 1126 328 δὲ
1156 285 1281 338 αὐτοῦ
1309 288 1375 328 καὶ
1403 282 1540 341 κώμας
1567 285 1645 343 ἔχει
1672 289 1820 341 πολλὰς

386 351 452 391 καὶ
477 349 629 400 πόλεις,
663 351 712 402 ἐξ,
734 344 789 392 ὧν
823 353 979 406 δαψιλῆ
1007 352 1258 408 καθειστήκει
1289 354 1340 396 τὰ
1366 356 1534 411 ζωαρκῆ.
1601 358 1721 399 ἐκεῖσε
1740 357 1819 414 γὰρ

386 416 499 466 ὄντος
513 421 585 458 τοῦ
602 418 798 470 βασιλέως
822 421 887 460 καὶ
910 417 931 461 ὃ
954 421 1284 478 σεβαστοκράτωρ
1307 419 1328 464 ὅ
1351 424 1558 478 Τορνίκιος
1584 424 1626 466 ἐκ
1648 429 1719 478 τῆς
1738 428 1817 473 Νι,-

387 485 512 526 καέων
534 483 806 540 ἐπιδεδήμηκε,
835 488 901 529 καὶ
923 488 981 529 δι’
1001 488 1121 542 ὄχλου
1142 494 1199 546 τῷ
1217 493 1380 542 βασιλεῖ
1391 490 1519 545 γέγονε
1543 491 1609 533 διὰ
1629 491 1697 533 τὸν
1717 508 1818 548 προ-

384 550 755 607 πατριαρχεύσαντα
769 554 978 611 Ἀρσένιον.
1026 555 1046 598 ὁ
1068 557 1144 614 γὰρ
1167 557 1451 614 πατριαρχικὸς
1473 555 1631 615 ἕχήρευε
1653 557 1814 615 θρόνος,
1828 567 1849 602 5

385 623 458 660 τοῦ
480 619 867 676 πατριαρχεύσαντος
887 622 1149 681 Νικηφόρου,
1195 624 1240 675 ὃς
1267 625 1344 666 ἀπὸ
1369 629 1440 680 τῆς
1462 625 1631 682 Ἐφέσου
1661 627 1716 676 εἷς
1749 626 1819 680 τὸν

384 687 669 743 πατριαρχικόν
687 691 879 745 μετετέθη
901 689 1074 747 θρόνον,
1118 691 1346 749 ἀπάραντος
1370 697 1450 735 τῶν
1470 693 1627 735 ἐνθένδε
1649 692 1750 751 πρὸς
1768 693 1818 736 τὰ

381 753 549 810 οὐράνια
557 787 570 806 ,
616 757 718 810 μηδὲ
741 759 795 807 εἷς
819 756 911 799 ὅλον
935 760 1076 812 σχεδὸν
1106 760 1284 802 ἐνιαυτὸν
1308 765 1382 803 τοῦ
1407 765 1695 817 πατριαρχικοῦ
1717 760 1818 814 (ἶπο-

381 819 604 874 λαύσαντος
623 822 788 880 θρόνου.
855 824 877 867 ὃ
906 827 949 868 δὲ
973 827 1170 884 Ἀρσένιος
1199 822 1314 878 οὗτος
1338 822 1388 883 ἦν
1417 829 1736 886 προβεβλημένος
1763 831 1819 878 εἷς

380 889 451 934 τὸν
472 892 756 948 πατριαρχικὸν
776 891 925 947 θρόνον
946 894 1046 951 πρὸς
1064 899 1136 937 τοῦ
1151 897 1349 948 βασιλέως
1374 894 1602 952 Θεοδώρου,
1631 895 1730 952 ἀνὴρ
1750 897 1816 950 καὶ
1831 904 1873 938 10

383 959 438 1006 εἷς
456 956 574 1013 λόγον
593 961 658 1001 καὶ
679 962 734 1010 εἷς
754 964 897 1017 πρᾶξιν
914 964 1281 1019 πανευφυέστατος,
1325 965 1391 1005 καὶ
1416 962 1533 1019 λόγον
1551 962 1727 1017 μάλιστα
1749 961 1818 1019 τὸν

383 1026 426 1069 ἐκ
454 1024 612 1081 φύσεώς
642 1045 726 1077 πως
753 1028 1095 1085 προβαλλόμενον·
1129 1035 1202 1072 τοῦ
1230 1031 1307 1087 γὰρ
1333 1032 1376 1072 ἐκ
1407 1032 1588 1081 παιδείας
1613 1029 1756 1087 μικρόν
1780 1048 1818 1073 τι

266 1097 295 1131 Ρ
318 1100 362 1134 98
382 1093 580 1147 μετέσχεν.
648 1094 759 1150 ὀλίγα
785 1095 865 1154 γάρ
889 1114 976 1139 τινα
1006 1102 1084 1140 τῶν
1114 1099 1324 1153 ἐγκυκλίων
1356 1097 1635 1155 φιλοσοφήσας
1663 1103 1735 1143 τοῦ
1759 1098 1817 1152 μὴ

384 1162 512 1202 δοκεῖν
535 1160 786 1205 παντάπασιν
819 1169 899 1205 τῶν
927 1164 1117 1206 τοιούτων
1143 1166 1313 1221 ἀπείρως
1343 1165 1442 1219 ἔχειν
1469 1166 1572 1219 μηδὲ
1593 1166 1744 1220 ἀγνοεῖν
1762 1160 1817 1207 ὧν

380 1226 577 1284 ὑπεριδεῖν
594 1230 824 1283 ἐδοκίμασε,
858 1235 917 1288 τῷ
940 1233 1046 1284 βέλει
1074 1237 1147 1274 τοῦ
1166 1233 1266 1288 πρὸς
1283 1233 1379 1274 θεὸν
1396 1233 1542 1288 ἔρωτος
1559 1235 1730 1289 τρωθεὶς
1746 1233 1818 1287 τὴν
1829 1240 1870 1275 15

380 1294 531 1349 ψυχήν,
553 1300 650 1338 πᾶσι
670 1303 754 1346 τοῖς
772 1297 874 1339 κατὰ
893 1296 1056 1352 κόσμον,
1086 1293 1141 1341 ὧν
1162 1299 1235 1341 οὐκ
1257 1300 1426 1356 εὐχερῶς
1438 1299 1595 1353 ἔχουσιν
1612 1300 1650 1342 οἷ
1662 1301 1818 1356 πλείους

377 1362 631 1418 ἀφίστασθαι
641 1395 655 1414 ,
693 1366 848 1420 χαίρειν
881 1366 998 1407 εἷπὼν
1024 1366 1094 1408 τὸν
1118 1365 1273 1423 μονήρη
1297 1369 1387 1421 βίον
1420 1369 1634 1424 προείλετο.
1702 1362 1818 1418 οὗτος

376 1429 449 1483 τὴν
479 1430 816 1488 αὐτοκρατορικὴν
840 1432 1068 1490 ἀπεπλήρου
1088 1437 1362 1491 στεφηφοριάν
1381 1439 1439 1492 τῷ
1455 1439 1636 1488 βασιλεῖ·
1670 1436 1751 1478 ἐπεὶ
1772 1435 1813 1477 δ’

376 1498 450 1551 οὐχ
481 1496 587 1554 ἑώρα
622 1504 762 1542 τοῦτον
794 1507 878 1550 τοῖς
911 1500 1056 1544 ἑαυτοῦ
1073 1496 1312 1557 ιθελήμασιν
1331 1501 1609 1556 ὖπεικόμενον,
1649 1501 1816 1552 δύσνους

375 1567 463 1621 περὶ
484 1570 625 1608 τοῦτον
643 1568 788 1622 ἐγένετο
802 1600 814 1619 ,
849 1568 949 1622 ἔχων
967 1570 1007 1611 ἓν
1024 1570 1158 1626 ταύτῷ
1181 1572 1415 1626 συνίστορας
1433 1570 1501 1612 τὸν
1521 1569 1710 1627 Σάρδεων
1724 1570 1871 1618 liv-20

373 1631 555 1688 δρόνικον
582 1637 648 1676 καὶ
681 1635 749 1676 τὸν
782 1637 1075 1692 Θεσσαλονίκης
1093 1638 1295 1692 ΖΙἸτινουὴλ
1316 1639 1385 1680 τὸν
1406 1639 1471 1679 καὶ
1491 1638 1680 1693 Ὀψαρᾶν
1701 1636 1814 1694 λεγό-

318 1715 348 1748 Β
371 1717 502 1753 μενον.
567 1702 662 1742 ἀλλ’
684 1701 704 1744 ὃ
727 1704 800 1756 μὲν
823 1703 1024 1758 Σάρδεων,
1060 1704 1123 1746 ὅτε
1143 1703 1163 1746 ὁ
1180 1706 1369 1758 βασιλεὺς
1387 1705 1490 1747 κατὰ
1510 1709 1582 1759 τῆς
1598 1707 1815 1747 Κωνσταν-

370 1767 632 1818 τινουπόλεως
670 1770 1056 1826 ἐστρατοπεδεύσατο
1099 1774 1164 1816 καὶ
1208 1773 1321 1829 ἐγγὺς
1353 1771 1500 1827 ταύτης
1533 1773 1606 1823 τὰς
1635 1770 1815 1822 ἐπαύλεις

460 1909 484 1946 2
506 1907 591 1955 γὰρ]
614 1909 737 1956 γοῦνί)

370 2031 497 2065 alendis
513 2032 705 2077 suffecerit,
741 2032 836 2077 aquis
854 2033 983 2078 irriguo
994 2059 1004 2076 ‚
1029 2038 1064 2068 et
1080 2035 1252 2069 multorum
1268 2036 1414 2069 vicorum
1431 2046 1471 2070 ac
1485 2034 1614 2069 urbium
1627 2033 1812 2078 vicinitate,

372 2078 460 2110 unde
486 2078 578 2111 vitae
601 2079 787 2112 necessaria
813 2079 993 2113 affluenter
1017 2081 1291 2125 suppeditantur,
1325 2085 1586 2126 peropportuno.
1630 2079 1666 2112 in
1681 2091 1721 2112 eo
1738 2091 1811 2112 cum

371 2127 459 2155 esset
473 2123 655 2167 imperator
666 2149 676 2166 ‚
709 2125 957 2158 sebastocrator
974 2125 1153 2159 Tornicius
1168 2126 1298 2159 Nicaea
1320 2127 1483 2160 accedens
1500 2136 1561 2170 pro
1577 2125 1813 2168 expatriarcha.

369 2167 512 2203 Arsenio
529 2168 668 2202 moleste
681 2169 914 2214 imperatorem
930 2177 1029 2214 rogat
1041 2198 1050 2213 ‚
1074 2171 1295 2216 patriarchale
1310 2171 1471 2216 siquidem
1485 2170 1601 2204 solium
1617 2170 1811 2214 Nicephoro

356 2212 561 2258 ⁴patriarcha
573 2240 583 2256 ‚
615 2213 671 2257 qui
696 2214 728 2247 in
752 2215 977 2258 patriarchale
1000 2216 1126 2250 culmen
1141 2228 1182 2250 ex
1200 2216 1367 2261 Ephesino
1384 2215 1592 2260 metropolita
1606 2216 1813 2257 ascenderat,

370 2268 413 2290 ex
429 2262 562 2293 terreno
578 2257 622 2291 ad
638 2259 796 2293 coelestia
809 2266 963 2304 promoto
977 2286 988 2302 ‚
1020 2272 1095 2295 cum
1118 2273 1180 2294 nec
1205 2262 1337 2304 integro
1356 2272 1441 2295 anno
1459 2260 1696 2304 patriarchatui
1710 2272 1812 2305 prae-

369 2301 499 2342 fuisset,
522 2312 652 2335 sessore
668 2303 922 2342 destituebatur.
969 2307 1128 2342 Arsenius
1144 2307 1186 2340 ab
1201 2307 1401 2350 imperatore
1416 2305 1599 2339 Theodoro
1616 2305 1649 2340 in
1665 2305 1812 2350 patriar-

369 2347 461 2385 cham
486 2347 597 2382 fuerat
621 2347 747 2381 electus
759 2374 769 2389 ‚
801 2350 855 2382 vir
881 2356 915 2383 et
940 2352 1045 2384 verbo
1064 2357 1098 2384 et
1113 2363 1215 2396 opere
1230 2363 1324 2395 quam
1341 2351 1557 2384 dexterrimus
1571 2376 1582 2392 ‚
1613 2355 1648 2385 et
1661 2362 1811 2385 sermone

368 2391 571 2436 praecipue,
602 2392 659 2436 qui
675 2397 797 2426 natura
812 2394 959 2432 inditur:
991 2407 1133 2439 namque
1156 2396 1214 2440 qui
1237 2395 1421 2430 eruditione
1436 2399 1670 2440 comparatur,
1693 2405 1810 2440 parum

369 2436 499 2474 omnino
515 2437 767 2481 degustaverat.
815 2439 936 2474 etenim
959 2451 1032 2473 cum
1059 2442 1213 2474 nonnulla
1237 2452 1278 2474 ex
1294 2441 1450 2484 encycliis
1465 2441 1715 2486 philosophatus
1730 2452 1811 2485 per-

367 2482 552 2521 didicisset.
576 2493 618 2515 ne
634 2483 749 2516 horum
766 2484 898 2528 penitus
913 2485 1108 2529 inexpertus
1125 2487 1321 2529 haberetur,
1346 2497 1452 2530 neque
1469 2497 1508 2518 ea
1523 2487 1699 2528 ignorare,
1722 2497 1810 2531 quae

367 2527 442 2571 ipse
457 2527 630 2571 negligere
643 2528 708 2563 sibi
724 2528 755 2561 in
773 2529 879 2564 animo
897 2536 1129 2574 proposuerat,
1154 2531 1336 2571 videretur,
1360 2531 1428 2564 telo
1450 2531 1552 2564 divini
1569 2531 1691 2566 amoris
1709 2529 1811 2566 corde

367 2572 513 2613 saneim,
533 2573 634 2606 rebus
649 2573 792 2607 terrenis
809 2575 958 2610 omnibus
971 2600 980 2617 ‚
1016 2586 1036 2608 a
1052 2576 1172 2619 quibus
1187 2587 1222 2608 se
1238 2575 1338 2609 avelli
1355 2587 1456 2620 aegre
1469 2576 1619 2620 plerique
1634 2576 1809 2616 sustinent,

367 2617 578 2661 contemptis,
603 2618 785 2652 monastico
800 2618 951 2654 instituto
968 2632 1085 2655 nomen
1100 2620 1250 2654 dederat.
1296 2621 1349 2655 hic
1370 2621 1586 2666 imperatoria
1610 2632 1729 2657 corona
1746 2620 1808 2655 im-

365 2668 555 2707 peratorem
571 2664 871 2698 condecoraveratx
896 2666 956 2698 sed
981 2677 1055 2700 eum
1081 2666 1149 2699 suis
1174 2666 1261 2699 votis
1284 2666 1414 2702 minime
1429 2667 1712 2711 obtemperantem
1728 2676 1807 2698 con-

365 2707 526 2752 spicatus,
550 2707 695 2752 iniquior
711 2721 782 2742 cum
800 2721 840 2743 eo
855 2709 1043 2744 inimicitias
1059 2711 1218 2745 exercuit.
1264 2723 1372 2755 neque
1388 2713 1430 2745 ab
1447 2723 1486 2745 eo
1503 2713 1720 2746 abhorruerat
1735 2711 1807 2743 An-

365 2752 524 2789 dronicus
541 2753 717 2789 Sardensis
732 2758 768 2788 et
784 2754 916 2788 Manuel
932 2756 1251 2799 Thessalonicensis,
1275 2757 1468 2800 cognomine
1483 2758 1627 2801 Opsara.
1650 2755 1708 2789 sed
1724 2755 1808 2792 Sar-

365 2797 478 2835 densis
493 2798 624 2843 quando
642 2799 826 2845 imperator
842 2800 973 2846 Cpolim
1000 2806 1110 2835 castra
1132 2802 1238 2836 movit
1263 2806 1299 2838 et
1324 2814 1430 2848 prope
1451 2813 1523 2840 eam
1544 2801 1658 2838 sedem
1672 2800 1809 2841 locavit,
