1872 3236
202 726 298 762 1²63

263 1553 294 1587 B

330 198 425 244 132
725 199 1103 246 CONSTANTINI
1134 200 1400 248 MANA‘ssIs

463 309 572 355 ἵλεον
591 308 882 366 ἐκκαλούμενος
900 311 979 356 ἀπὸ
1000 316 1079 357 τῶν
1103 311 1408 372 φυλασσόντων,

463 382 530 422 καὶ
552 378 808 433 λιταζόμενος
827 381 976 433 αὐτοὺς
994 382 1147 426 ἐκεῖθεν
1173 382 1419 439 ἀναχθῆναι.

458 452 539 490 τῶν
563 448 607 489 δὲ
628 445 845 504 φησάντων
868 449 1205 508 ἕτερονκράτορα
1218 453 1493 507 χρηματίζειν,

459 517 604 566 ἐκεῖνος
627 515 924 573 ἀνθυπήνεγκεν
939 517 1100 569 “οὗδείς
1116 536 1186 573 μοι
1204 518 1349 562 τούτου
1368 519 1486 576 λόγος
1497 533 1512 547 ·

323 587 435 627 3060
453 582 578 638 μόνον
597 583 838 641 ἓξανοιγήτω
853 603 924 640 μοι
947 587 992 629 τὸ
1010 588 1186 643 κατηφὲς
1204 594 1410 642 μνημεῖον,

459 650 514 702 ὥς
533 652 605 707 τὴν
633 656 818 709 γλυκεῖαν
836 654 962 708 ἴδοιμι
987 653 1183 709 λαμπάδα
1202 660 1276 697 τοῦ
1299 653 1563 714 φωσφόρου.”

455 720 550 762 ἀλλ’
570 715 622 776 ἦν
639 720 770 772 οὐδεὶς
789 720 810 764 ὅ
832 727 1065 777 συμπαθῶν
1083 723 1173 765 οὐδ’
1193 723 1444 781 ἓποικτείρων
1462 730 1604 769 τοῦτον
1616 737 1631 753 ·

452 795 538 840 τοῖς
562 788 640 846 γὰρ
660 796 799 840 κακοῖς
817 790 892 832 κᾶν
908 794 1071 848 τελευτῇ
1090 789 1236 842 πάντες
1253 792 1522 848 ε’πεγκοτοῦσι.
1555 844 1564 855 .

456 858 602 912 συνέβη
627 858 670 900 δὲ
691 858 788 911 μετ’
815 858 863 900 οὗ
881 859 983 900 πολὺ
1002 859 1071 902 τὸν
1095 857 1228 917 τάφον
1249 860 1454 916 ἀνοιγῆναι

319 924 428 969 3065
450 927 517 968 καὶ
540 925 610 968 τὸν
633 925 772 982 νεκρὸν
790 926 858 969 τὸν
880 929 1058 982 δυστυχῆ
1076 932 1199 970 πᾶσιν
1220 928 1543 987 ἓκκαλυφθῆναι,

454 992 621 1037 ἐλεεινόν
642 1011 680 1036 τι
699 994 838 1047 θέαμα
848 1025 862 1046 ,
892 994 1080 1047 κατάξιον
1099 995 1307 1053 δακρύων·

453 1060 601 1119 εὑρέθη
623 1062 701 1119 γὰρ
722 1063 969 1120 καταφαγών
990 1065 1084 1115 τοὺς
1105 1069 1185 1107 τῶν
1203 1066 1339 1107 ποδῶν
1357 1063 1584 1116 σανδάλους

452 1133 519 1173 καὶ
536 1130 630 1180 τοὺς
648 1132 870 1186 βραχίονας
887 1131 1013 1174 αὐτοῦ
1035 1130 1224 1190 καθάπερ
1245 1133 1496 1189 ἀλλοτρίους.

447 1200 550 1249 τινὲς
571 1199 614 1241 δὲ
632 1196 795 1253 Ζήνωνί
806 1216 908 1256 φασι
924 1205 1128 1255 συμβῆναι
1149 1200 1201 1242 τὰ
1223 1206 1417 1243 τοιαῦτα·

314 1271 427 1312 3070
446 1265 638 1316 πολλάκις
657 1266 736 1323 γὰρ
758 1266 955 1322 νοσήματι
973 1271 1172 1322 συνείχετο
1194 1267 1368 1325 κατόχῳ,

451 1337 519 1378 καὶ
542 1333 733 1389 θνήσκειν
751 1334 1008 1388 νομιζόμενος
1027 1331 1152 1387 αὖθις
1175 1330 1224 1390 ἦν
1248 1337 1290 1378 ἓν
1307 1342 1392 1386 τοῖς
1410 1338 1542 1389 ζῶσιν.

512 1403 626 1446 Ἀλλ’
657 1401 704 1444 οὗ
724 1402 802 1458 γὰρ
825 1401 956 1445 πάντα
975 1403 1027 1445 τὰ
1052 1404 1158 1447 κακὰ
1182 1402 1372 1460 πρόσεστι
1392 1413 1476 1457 τοῖς
1497 1406 1745 1466 ἀνθρώποις,

446 1470 552 1514 ἀλλὰ
576 1470 838 1527 συγκίρναταί
854 1488 948 1514 ποτε
967 1473 1034 1514 καὶ
1051 1473 1242 1526 βέλτιστα
1257 1474 1474 1525 κακίστοις.

446 1540 622 1595 βέβηλος
640 1538 717 1596 γὰρ
737 1540 804 1580 καὶ
827 1540 1027 1595 δυσσεβὴς
1051 1535 1169 1592 οὗτος
1190 1539 1365 1597 ‹panici›
1385 1541 1548 1601 κράτωρ

314 1609 423 1652 3075
451 1608 561 1662 ὅμως
582 1606 751 1663 ἐξώρυξε
775 1607 904 1665 φυτὸν
923 1612 998 1664 γῆς
1018 1607 1151 1664 πάσης
1163 1606 1402 1663 Ῥωμαΐδος,

451 1672 500 1719 οὗ
526 1677 593 1718 καὶ
616 1676 762 1731 καρποὶ
780 1674 1036 1733 πικράζοντες
1054 1679 1119 1719 καὶ
1140 1674 1322 1727 θάνατος
1342 1675 1368 1732 ἦ
1388 1677 1475 1735 ῥίζα
1488 1691 1503 1704 ·

450 1743 506 1794 ὡς
522 1745 596 1799 εἴγε
621 1743 679 1797 μὴ
700 1742 746 1784 τὸ
763 1742 1008 1798 πρόσκομμα
1028 1745 1074 1787 τὸ
1096 1747 1184 1802 περὶ
1204 1745 1277 1800 τὴν
1294 1748 1517 1801 θρησκείαν

449 1811 583 1868 ὥσπερ
603 1810 711 1865 παχὺ
732 1814 798 1852 καὶ
816 1811 992 1868 θολερὸν
1009 1812 1281 1856 ἀντεπεσκότει
1298 1815 1432 1871 νέφος,

446 1885 564 1923 τοῦτο
585 1881 652 1921 καὶ
671 1877 797 1932 μόνον
812 1879 858 1922 τὸ
878 1879 1002 1923 καλὸν
1022 1881 1180 1936 ἴσχυσεν
1202 1881 1251 1924 ἂν
1274 1881 1507 1939 συγκρύψαι

311 1952 425 1993 3080
446 1948 519 1999 τὰς
541 1947 639 1997 ὅλας
658 1945 939 2005 ῥυπαρότητας
958 1951 1024 1991 καὶ
1048 1949 1121 2000 τὰς
1142 1950 1402 2008 ἀκαθαρσίας

404 2045 498 2080 3057
520 2042 723 2089 ἐξαχθῆναι
742 2044 841 2080 ARR
952 2045 1044 2080 3059
1064 2041 1327 2091 ἄντεπῆνεγκεν
1343 2045 1378 2080 R
1465 2045 1557 2081 3062
1571 2043 1719 2088 τούτοις
1738 2047 1771 2082 Α

400 2091 494 2126 3073
512 2090 768 2135 συγκρίνονται
786 2091 826 2126 Μ
866 2088 1035 2137 βέλτιστοι
1054 2093 1173 2132 τοῖςΑ
1234 2092 1326 2127 3075
1347 2090 1454 2136 τῆςΛ
1518 2092 1610 2127 3080
1633 2089 1772 2138 ἅγανΒ,

311 2169 491 2204 custodum
513 2168 740 2215 implorabat,
764 2174 873 2215 utque
898 2181 938 2204 se
963 2171 1007 2204 de
1041 2169 1200 2216 sepulcro
1230 2170 1419 2205 educerent
1437 2171 1656 2206 obsecrabat·
1702 2172 1772 2207 illis

309 2215 600 2259 respondentibus
623 2215 725 2249 alium
744 2227 835 2249 nunc
854 2216 1098 2260 imperatorem
1115 2228 1229 2251 rerum
1250 2215 1373 2261 potiri,
1391 2216 1544 2250 vicissim
1561 2217 1772 2253 subiiciebat

307 2255 421 2294 “nihil
439 2260 505 2304 hoc
523 2261 568 2294 ad
586 2272 639 2294 me
659 2261 834 2305 pertinet,
851 2263 952 2296 modo
972 2262 1055 2295 mihi
1075 2262 1177 2296 triste
1197 2261 1390 2306 sepulcrum
1415 2262 1482 2296 hoc
1505 2262 1706 2308 aperiatur,
1730 2269 1770 2300 ut

309 2305 444 2340 dulcem
475 2305 557 2339 solis
583 2304 721 2339 luciferi
749 2305 941 2351 lampadem
970 2305 1170 2352 aspiciam.'’
1215 2318 1334 2341 verum
1362 2307 1472 2341 nullus
1501 2313 1579 2342 erat
1607 2309 1667 2354 qui
1692 2309 1770 2344 eius

309 2351 608 2385 commiseratione
631 2357 846 2396 tangeretur.
901 2353 1031 2398 quippe
1057 2353 1155 2388 malis
1187 2353 1291 2386 etiam
1316 2353 1353 2386 in
1384 2359 1494 2387 morte
1515 2353 1670 2388 homines
1689 2355 1767 2389 uni-

309 2396 406 2430 versi
423 2402 642 2430 succensent.
691 2409 759 2430 non
789 2396 894 2431 multo
919 2406 1001 2443 post
1018 2399 1146 2433 accidit
1167 2403 1205 2432 ut
1227 2398 1420 2443 sepulcrum
1441 2399 1638 2443 aperiretur
1656 2405 1691 2434 et
1710 2401 1765 2435 in-

308 2442 396 2477 felix
419 2443 570 2476 cadaver
593 2441 749 2476 omnibus
772 2444 1015 2478 ostenderetur
1029 2470 1038 2488 ‚
1067 2443 1298 2489 spectaculum
1322 2456 1407 2478 sane
1428 2445 1588 2479 miserum
1607 2451 1644 2480 et
1662 2445 1766 2480 lacri—

309 2487 374 2522 mis
397 2487 748 2533 ‹lignium-inventus
778 2493 834 2522 est
861 2489 951 2522 enim
972 2492 1098 2534 pedum
1125 2501 1263 2524 suorum
1282 2490 1410 2533 digitos
1433 2502 1500 2524 una
1526 2502 1601 2525 cum
1626 2491 1766 2526 lacertis

309 2534 513 2568 devorasse.
560 2538 641 2567 sunt
658 2538 774 2567 tamen
791 2534 944 2568 nonnulli
964 2535 1024 2579 qui
1047 2536 1133 2570 haec
1152 2535 1287 2569 Zenoni
1309 2535 1479 2570 accidisse
1501 2538 1664 2571 tradant:
1688 2548 1765 2571 nam

309 2577 404 2612 illum
427 2578 525 2613 aiunt
544 2579 749 2623 frequenter
770 2580 892 2614 morbo
915 2580 1079 2615 comitiali
1098 2581 1297 2626 laborasse,
1331 2593 1372 2616 ac
1391 2588 1561 2617 mortuum
1580 2582 1764 2628 aliquoties

311 2624 481 2660 creditum
499 2635 619 2658 rursus
636 2623 821 2659 revixisse.

398 2670 446 2704 At
460 2670 550 2704 enim
578 2681 647 2703 non
674 2670 787 2705 omnia
810 2670 848 2705 in
872 2670 1066 2706 hominibus
1091 2672 1180 2707 mala
1209 2675 1302 2716 sunt,
1327 2673 1391 2707 sed
1411 2673 1570 2728 pessimis
1590 2673 1770 2709 interdum-

308 2715 440 2761 optima
456 2716 624 2760 quaedam
641 2716 843 2751 miscentur.
890 2717 1020 2762 quippe
1036 2718 1174 2752 tametsi
1191 2718 1393 2753 Anastasius
1413 2725 1602 2764 imperator
1617 2732 1657 2755 se
1678 2731 1762 2765 pro-

307 2762 425 2796 fanum
446 2767 483 2796 et
501 2761 642 2807 impium
666 2761 837 2796 hominem
861 2763 1107 2807 declaraverit,
1133 2770 1247 2799 tamen
1271 2764 1420 2809 plantam
1433 2767 1602 2811 quandam
1622 2777 1665 2800 ex
1682 2765 1761 2799 uni-

307 2818 412 2841 versa
433 2807 571 2843 didone
599 2807 754 2842 Romana
782 2809 1010 2854 exstirpavit,
1035 2809 1131 2843 cuius
1150 2815 1219 2844 tam
1241 2810 1350 2844 amari
1370 2811 1503 2846 fructus
1525 2815 1626 2846 erant
1646 2817 1683 2846 et
1701 2823 1760 2845 ra-

304 2852 366 2889 dix
382 2852 541 2901 letifera,
562 2858 601 2890 ut
617 2852 649 2888 si
667 2852 806 2900 quidem
820 2853 1000 2901 religionis
1018 2855 1262 2892 offendiculum
1279 2856 1390 2893 instar
1406 2869 1544 2894 crassae
1568 2856 1669 2894 nubis
1687 2856 1762 2893 eius
