1924 3242
336 174 401 228 60
723 173 954 224 GEORGII
977 171 1361 223 -AGROPOLITAE

335 292 407 348 τὴν
427 291 606 350 φρουρὰν
622 291 731 348 παρὰ
751 296 824 334 τοῦ
840 291 1227 347 βασιλέωςἾωάννου
1246 291 1576 350 προσδεδεγμένος
1595 293 1616 337 ὃ
1641 289 1757 352 Tagi-

331 358 547 414 χανειώτης
566 357 810 415 Νικηφόρος,
846 359 890 410 ὃς
913 361 973 402 ἐπὶ
997 365 1067 415 τῆς
1088 362 1281 417 τραπέζης
1302 365 1376 402 τοῦ
1392 363 1588 414 βασιλέως
1603 360 1754 419 ὖπῆρχε

335 427 443 476 τότε,
471 426 592 480 μέγας
611 427 654 468 δὲ
675 427 902 480 δομέστικος
917 429 1114 482 τετίμηται
1131 427 1296 484 ὕστερον
1303 460 1316 479 ,
1349 429 1529 485 γαμβρὸς
1547 429 1591 471 δὲ
1610 423 1661 484 ἦν
1680 433 1752 471 ’τοῦ

333 492 504 548 μεγάλου
527 495 756 546 ὃομεστίκου
779 500 850 537 τοῦ
870 494 1149 550 Παλαιολόγου
1173 497 1234 536 ἐπὶ
1249 500 1304 551 ’τῇ
1325 494 1460 553 πρώτῃ
1481 496 1604 538 αὖτοῦ
1620 500 1753 552 θυγα-

334 562 396 616 τρὶ
429 562 590 619 Μαρίᾳ.
656 556 705 615 ἦν
741 563 783 604 δὲ
815 561 840 604 ’ὅ
875 561 1178 619 Ταρχανειώτης
1202 564 1266 604 καὶ
1288 561 1534 619 στρατιώτης
1549 563 1669 613 καλὸς
1687 565 1784 619 ‚gals

286 632 315 666 Β
340 628 493 683 ἀγαθὸς
513 627 749 684 στρατηγός,
783 632 847 671 καὶ
867 635 1014 684 πολλῆς
1035 628 1293 671 ἓπαπολαύων
1311 635 1381 684 τῆς
1402 630 1512 686 παρὰ
1529 633 1630 671 3·εοῦ
1644 629 1755 672 ἄντι-

334 694 518 750 λήψεως,
552 696 692 746 καθώς
719 699 784 738 καὶ
808 699 923 753 μέχρι
947 699 1084 746 τέλους
1107 698 1341 752 ἓπέγνωοται
1361 696 1558 751 μάλιστα·
1591 695 1656 738 καὶ
1677 697 1754 753 γὰρ
1805 695 1808 698 ’

333 761 457 804 ἐδόκει
487 769 569 812 τοῖς
597 767 755 814 πολλοῖς
777 765 935 823 εὐτυχίᾳ
962 763 1280 821 κατορθούμενος
1302 765 1351 807 τὰ
1377 765 1504 806 πολλὰ
1521 763 1754 823 ἢεῦανόρίᾳ

332 832 396 871 καὶ
425 832 639 889 στρατηγίᾳ
672 836 750 873 τῶν
784 833 966 873 ἐναντίων
999 831 1301 888 περιγενόμενος.
1368 833 1448 874 ἐπεὶ
1485 832 1528 873 δὲ
1555 835 1613 889 τῷ
1629 829 1755 873 :aava

331 890 648 953 παρεκαθίσαντο
658 931 671 949 ,
698 898 963 953 μηχανήματά
981 917 1021 941 τε
1043 902 1107 940 καὶ
1127 898 1322 948 ἑλεπόλεις
1341 906 1423 948 τοΐς
1438 900 1604 948 Ἰταλοῖς
1616 896 1810 953 {yffi—*10

329 980 462 1006 νεισαν
479 967 624 1006 πολλαί
639 983 680 1007 τε
701 968 766 1007 καὶ
791 969 971 1022 ἰσχυραί,
1001 965 1054 1016 ὥς
1071 967 1127 1021 μὴ
1147 966 1269 1019 μόνον
1288 969 1491 1020 τηλικοῦδε
1516 965 1666 1015 ἄστεως
1684 981 1753 1007 πε-

331 1033 552 1088 ριγενέσθαι
582 1032 788 1086 ῗσχύουσαι
811 1034 912 1075 ἀλλά
933 1036 996 1076 καὶ
1014 1033 1272 1090 ὑψηλοτέρων
1294 1038 1432 1087 τειχῶν
1454 1035 1518 1075 καὶ
1544 1033 1754 1087 εὖμεγεθε-

331 1100 479 1155 στέρων
506 1098 676 1152 πόλεων,
709 1100 795 1143 τότε
828 1101 873 1143 τὸ
905 1109 1078 1156 γενναῖον
1101 1101 1288 1157 φρόνημα
1311 1103 1376 1142 καὶ
1399 1101 1472 1155 τὴν
1493 1099 1755 1156 στρατηγικὴν

329 1168 545 1220 maedam
572 1168 672 1220 μετὰ
702 1174 781 1209 τῶν
810 1169 883 1209 σὺν
908 1170 1015 1225 αὐτῷ
1037 1167 1057 1208 ὁ
1077 1170 1137 1208 ἐπὶ
1161 1172 1230 1221 τῆς
1252 1169 1442 1223 τραπέζης
1462 1171 1653 1225 λαμπρῷς
1671 1168 1754 1208 ἓνε-

332 1235 498 1283 ὁείξατο.
539 1229 588 1287 ἦν
610 1235 652 1276 δὲ
672 1235 717 1275 τὸ
743 1234 834 1275 ὅλον
853 1239 924 1288 τῆς
943 1240 1015 1276 τοῦ
1032 1239 1132 1277 θεοῦ
1157 1234 1424 1288 ἀντιλήψεως·
1457 1235 1750 1287 ἀντεμηχανᾶτο
1766 1238 1808 1273 15

279 1310 308 1345 C
330 1301 405 1356 γὰρ
441 1301 551 1341 ἔνδον
586 1299 606 1340 ὁ
642 1300 945 1355 Ταρχανειώτης
973 1308 1056 1350 τοῖς
1091 1301 1241 1350 ἔξωθεν
1272 1299 1573 1355 μηχανήμασινδ
1606 1301 1674 1342 καὶ
1706 1305 1756 1356 τῇ

326 1366 501 1422 τοσαύτῃ
529 1366 686 1421 πληθῦἴ
708 1372 779 1420 τῆς
809 1373 998 1424 στρατιᾶς
1028 1369 1254 1423 ἀντεπεξῆγε
1277 1369 1321 1409 τὸ
1348 1367 1531 1424 ἀνδρικὸν
1551 1369 1594 1409 ἐν
1609 1371 1756 1409 πολλο-

325 1441 433 1483 στοῖς
467 1433 567 1488 ἄγαν
602 1441 684 1483 τοῖς
713 1434 984 1490 στρατιώταις.
1052 1437 1093 1477 ἓν
1125 1435 1326 1494 ἀμηχανία
1358 1436 1400 1477 δὲ
1429 1430 1479 1489 ἦν
1514 1433 1535 1476 ὅ
1569 1435 1756 1488 βασιλεὺς

320 1500 524 1555 Ἰωάννης,
559 1502 604 1542 οὗ
622 1506 809 1543 τοσοῦτον
827 1507 907 1544 τῶν
925 1504 966 1544 ἐν
983 1508 1039 1560 τῷ
1062 1502 1170 1544 ἄστει
1188 1501 1486 1558 ὑπεραγωνιῶν,
1515 1502 1606 1543 ἀλλ’
1622 1500 1752 1551 -εἶδιῦς,

324 1566 389 1610 οἷα
424 1569 601 1625 ἐχέφρων
639 1571 704 1611 καὶ
737 1570 896 1619 συνετὸς
918 1570 968 1612 τὰ
991 1567 1181 1623 πολέμια,
1217 1569 1272 1620 ὥς
1297 1573 1331 1611 εἰ
1353 1570 1398 1612 τὸ
1423 1569 1521 1611 ἄστυ
1543 1568 1653 1625 παρὰ
1673 1572 1810 1611 τῶνΞθ

412 1676 436 1710 2
461 1670 526 1718 ὃς]
553 1672 573 1709 ὁ
599 1675 651 1717 D,
679 1675 807 1710 omissis
833 1676 901 1710 τοῦ
931 1675 1106 1721 βασιλέως
1130 1673 1281 1719 ὑπῆρχε.
1419 1674 1442 1710 3
1463 1672 1575 1717 μέγας
1590 1694 1633 1701 -
1651 1670 1753 1708 ὕστε-

412 1721 500 1763 ρον]
523 1718 586 1752 καὶ
604 1716 757 1763 ὕστερον
772 1718 884 1763 μέγας
904 1719 1112 1763 δομέστικος
1126 1721 1157 1754 D
1275 1719 1299 1753 4
1322 1716 1382 1753 ἐπὶ
1401 1738 1444 1744 -
1461 1719 1484 1754 5
1500 1717 1583 1762 καὶ]
1609 1715 1704 1762 ἀνὴρ
1723 1717 1754 1752 D

412 1765 435 1798 5
457 1762 519 1797 καὶ
537 1761 683 1807 ἀγαθὸς
705 1764 902 1808 στρατηγὸς
917 1777 970 1799 om
986 1766 1015 1799 D
1125 1767 1147 1800 6
1171 1762 1368 1798 ἀπολαύων
1384 1764 1415 1798 D
1519 1765 1543 1799 7
1565 1761 1694 1802 καθώς
1708 1784 1754 1790 -

413 1808 687 1852 περιγενόμενος
718 1820 770 1842 om
799 1810 829 1842 D
1022 1811 1065 1843 10
1100 1811 1159 1852 τε]
1195 1807 1259 1852 μὲν
1292 1809 1321 1842 D
1509 1810 1588 1848 τοῖς
1607 1805 1754 1846 Ἰταλοῖς

412 1864 464 1886 om
485 1854 514 1886 D
654 1852 697 1888 14
718 1854 784 1897 τῆς
799 1865 852 1888 orn
869 1855 901 1889 D
1035 1856 1077 1888 17
1100 1852 1314 1897 ἀντεπεξῆγε
1332 1875 1377 1880 -
1395 1851 1633 1897 στρατιώταις
1650 1863 1702 1886 om
1713 1853 1752 1905 *D

414 1899 459 1977 {9
482 1895 593 1976 ozil—
612 1896 705 1977 ἄλλ-ἱ)
714 1909 767 1932 om
786 1900 816 1932 D
947 1901 994 1935 20
1019 1897 1080 1933 οἶα
1098 1918 1141 1925 -
1157 1898 1311 1942 πολέμια
1331 1909 1383 1932 om
1399 1898 1431 1932 D
1558 1895 1660 1942 παρὰ
1678 1909 1753 1931 των

432 1954 522 1976 ναντ
538 1955 588 1976 ων
607 1954 659 1978 om
708 1969 717 1977 .

324 2032 416 2067 leuse
440 2036 586 2067 castrum
611 2037 719 2076 esset,
742 2033 832 2067 vires
859 2034 900 2067 ad
927 2034 961 2068 id
985 2034 1241 2078 oppugnandum
1261 2035 1479 2074 convertunt,
1503 2032 1617 2066 eodem
1643 2031 1751 2065 Asano

326 2083 503 2122 praesente
533 2089 606 2111 cum
634 2083 687 2112 tot
716 2079 843 2112 milenis
872 2080 1071 2123 Scytharum
1096 2084 1131 2112 et
1152 2080 1371 2122 Bulgarorum
1396 2082 1432 2111 et
1447 2077 1569 2111 Italicis
1583 2077 1752 2110 machinis.

325 2123 469 2156 'l'zuruli
492 2123 643 2156 custodia
663 2124 855 2169 Nicephoro
872 2124 1136 2164 Tarchaniotae,
1160 2125 1216 2168 qui
1233 2136 1251 2157 e
1267 2135 1377 2157 mensa
1390 2127 1470 2155 tunc
1484 2126 1559 2155 erat
1571 2121 1752 2166 imperato-

326 2167 391 2208 ris,
415 2168 620 2210 postmodum
643 2180 780 2212 magnus
797 2169 995 2202 domesticus
1010 2174 1142 2201 creatus
1160 2174 1229 2210 est,
1250 2168 1361 2211 magni
1373 2167 1544 2200 domestici
1559 2165 1752 2209 Palaeologi

325 2222 448 2254 gener,
474 2223 545 2245 cum
560 2213 698 2256 primum
714 2214 800 2246 iuius
816 2214 915 2247 filiam
931 2214 1072 2247 Mariam
1089 2212 1151 2246 sibi
1166 2213 1287 2257 nuptiis
1303 2211 1526 2252 adiunxisset,
1553 2210 1596 2243 ab
1610 2211 1754 2255 impera-

323 2260 399 2288 tore
414 2256 537 2288 Ioanne
553 2258 751 2290 demandata
766 2259 887 2292 fuerat.
934 2264 1007 2292 erat
1022 2258 1250 2291 Tarchaniota
1267 2257 1357 2290 miles
1374 2261 1546 2300 praestans
1561 2262 1596 2288 et
1611 2255 1753 2300 optimus

323 2301 412 2341 dux,
437 2304 472 2332 et
486 2300 587 2333 divini
603 2302 756 2345 praesidii
772 2303 962 2346 saepissime
984 2303 1173 2347 particeps,
1196 2306 1234 2335 ut
1252 2301 1340 2334 exitu
1360 2302 1490 2344 fineque
1504 2311 1613 2334 rerum
1632 2305 1752 2344 paten-

323 2350 376 2378 ter
404 2344 570 2378 innotuit=
604 2356 744 2389 namque
773 2358 846 2379 eum
878 2347 1029 2391 plerique
1053 2347 1220 2391 aspirante
1243 2346 1345 2389 magis
1358 2346 1492 2379 fortuna
1506 2356 1561 2379 res
1578 2345 1753 2378 absolvere

323 2399 421 2434 quam
437 2389 558 2422 robore
574 2394 609 2423 et
623 2390 758 2423 militari
776 2391 897 2435 peritia
913 2393 1023 2425 hostes
1038 2402 1198 2436 superare
1213 2390 1455 2424 existimabant.
1501 2394 1674 2435 postquam
1692 2400 1753 2422 ca-

322 2439 428 2467 strum
447 2445 468 2467 a
482 2434 582 2468 milite
599 2435 853 2480 circumseptum
870 2441 937 2478 est,
963 2437 1084 2469 arietes
1098 2440 1326 2479 tormentaque
1342 2435 1433 2468 Italis
1449 2435 1586 2468 adsuere
1598 2434 1699 2467 multa
1716 2438 1754 2467 et

322 2478 454 2519 valida,
477 2479 596 2523 quibus
622 2490 687 2512 non
713 2481 778 2513 hoc
801 2481 902 2513 solum
919 2481 978 2513 sed
995 2481 1132 2513 altiores
1149 2480 1246 2513 etiam
1262 2491 1370 2513 muros
1388 2484 1422 2513 et
1435 2479 1637 2523 ingentiores
1652 2479 1752 2512 urbes

321 2527 495 2568 quassatas
512 2524 701 2559 diruissent.
746 2529 827 2558 tunc
843 2525 1059 2568 cogitationes
1074 2535 1210 2568 magnas
1229 2530 1261 2557 et
1278 2524 1311 2557 in
1331 2524 1455 2558 bellicis
1472 2523 1686 2569 disponendis
1699 2523 1753 2556 in-

323 2569 481 2601 dustriam
496 2579 559 2602 una
576 2581 648 2602 cum
664 2569 775 2611 sociis,
798 2570 854 2614 qui
869 2582 889 2603 e
903 2581 1012 2603 mensa
1029 2574 1112 2613 erat,
1137 2570 1277 2602 dilucide
1299 2570 1380 2603 satis
1396 2568 1646 2603 demonstravit.
1689 2578 1752 2602 ve-

323 2623 396 2646 rum
411 2617 520 2646 totum
533 2613 568 2646 id
584 2614 716 2647 divinae
730 2614 785 2659 opi
801 2614 1007 2648 tribuendum
1023 2619 1085 2648 est.
1131 2625 1206 2647 nam
1221 2614 1448 2647 Tarchaniota
1462 2615 1494 2648 in
1511 2620 1666 2647 externas
1681 2623 1753 2646 ma-

326 2657 439 2691 chinas
454 2658 535 2691 alias
549 2658 620 2703 ipse
636 2659 901 2703 machinabatur,
925 2663 959 2693 et
980 2664 1095 2692 tantae
1109 2659 1277 2704 copiarum
1292 2659 1490 2696 multitudini
1504 2658 1606 2692 robur
1621 2669 1663 2691 ac
1680 2656 1751 2691 ani-

325 2713 422 2744 mum,
438 2713 532 2747 *quae
546 2703 580 2736 in
595 2703 754 2738 immensa
767 2705 905 2739 militum
918 2703 1123 2738 multitudine
1135 2703 1276 2748 ,reperiri
1292 2709 1438 2748 possent,
1462 2703 1629 2749 opposuit.
1669 2702 1752 2735 haec

329 2747 460 2780 anxium
477 2759 517 2781 ac
531 2748 705 2783 sollicitum
722 2749 889 2783 habebant
909 2750 1063 2783 Ioannem
1086 2748 1318 2794 imperatorem
1330 2775 1338 2790 ‚
1363 2760 1427 2782 non
1444 2753 1570 2781 tantum
1587 2747 1629 2780 de
1641 2750 1751 2779 castro

329 2792 612 2836 pertimescentem
623 2820 633 2838 ‚
656 2794 715 2828 sed
733 2798 890 2839 tanquam
907 2805 1031 2828 summo
1044 2793 1177 2839 ingenio
1193 2798 1227 2828 et
1241 2793 1418 2838 prudentia
1432 2793 1558 2827 bellica
1569 2790 1753 2838 praeditum
