<?xml version="1.0" encoding="UTF-8"?>
<!DOCTYPE html PUBLIC "-//W3C//DTD XHTML 1.0 Transitional//EN"
    "http://www.w3.org/TR/xhtml1/DTD/xhtml1-transitional.dtd">
<html xmlns="http://www.w3.org/1999/xhtml" xml:lang="en" lang="en">
 <head>
  <title>
</title>
<meta http-equiv="Content-Type" content="text/html;charset=utf-8" />
  <meta name='ocr-system' content='tesseract 3.04.00' />
  <meta name='ocr-capabilities' content='ocr_page ocr_carea ocr_par ocr_line ocrx_word'/>
</head>
<body>
  <div class='ocr_page' id='page_1' title='image "./corpusscriptorum06niebuoft_0232.png"; bbox 0 0 1872 3236; ppageno 0'>
   <div class='ocr_carea' id='block_1_1' title="bbox 285 165 1332 214">
    <p class='ocr_par' dir='ltr' id='par_1_1' title="bbox 285 165 1332 214">
     <span class='ocr_line' id='line_1_1' title="bbox 285 165 1332 214; baseline -0.001 -2"><span class='ocrx_word' id='word_1_1' title='bbox 285 165 382 212; x_wconf 77' lang='lat'><strong>216</strong></span> <span class='ocrx_word' id='word_1_2' title='bbox 494 175 498 179; x_wconf 86' lang='lat'>&#39;</span> <span class='ocrx_word' id='word_1_3' title='bbox 662 166 1032 211; x_wconf 85' lang='lat' dir='ltr'>CONSTANTINI</span> <span class='ocrx_word' id='word_1_4' title='bbox 1073 167 1332 214; x_wconf 76' lang='lat' dir='ltr'>MANASSIS</span> 
     </span>
    </p>
   </div>
   <div class='ocr_carea' id='block_1_2' title="bbox 230 277 1559 1952">
    <p class='ocr_par' dir='ltr' id='par_1_2' title="bbox 230 277 1559 1952">
     <span class='ocr_line' id='line_1_2' title="bbox 416 277 1304 336; baseline 0.001 -15"><span class='ocrx_word' id='word_1_5' title='bbox 416 277 580 329; x_wconf 72' lang='grc' dir='ltr'><strong><em>κόλακες</em></strong></span> <span class='ocrx_word' id='word_1_6' title='bbox 599 279 642 320; x_wconf 71' lang='grc' dir='ltr'><strong>δὲ</strong></span> <span class='ocrx_word' id='word_1_7' title='bbox 661 279 730 321; x_wconf 78' lang='grc' dir='ltr'><strong><em>τὸν</em></strong></span> <span class='ocrx_word' id='word_1_8' title='bbox 746 279 920 334; x_wconf 73' lang='grc' dir='ltr'><strong><em>ΠΙιχαὴλ</em></strong></span> <span class='ocrx_word' id='word_1_9' title='bbox 937 278 1304 336; x_wconf 73' lang='grc' dir='ltr'><strong><em>περιεποιχηκότες,</em></strong></span> 
     </span>
     <span class='ocr_line' id='line_1_3' title="bbox 417 344 1285 403; baseline 0.002 -16"><span class='ocrx_word' id='word_1_10' title='bbox 417 346 660 401; x_wconf 73' lang='grc' dir='ltr'><strong><em>ἓξυρισμὲνοι</em></strong></span> <span class='ocrx_word' id='word_1_11' title='bbox 677 344 890 403; x_wconf 79' lang='grc' dir='ltr'><em>πώγωνας,</em></span> <span class='ocrx_word' id='word_1_12' title='bbox 923 347 1285 401; x_wconf 69' lang='grc' dir='ltr'><strong><em>ἔψιμμυθιωμένοι,</em></strong></span> 
     </span>
     <span class='ocr_line' id='line_1_4' title="bbox 413 411 1474 471; baseline -0.001 -16"><span class='ocrx_word' id='word_1_13' title='bbox 413 415 469 462; x_wconf 78' lang='grc' dir='ltr'><strong><em>εἷς</em></strong></span> <span class='ocrx_word' id='word_1_14' title='bbox 487 420 600 454; x_wconf 81' lang='grc' dir='ltr'><strong><em>ποῖον</em></strong></span> <span class='ocrx_word' id='word_1_15' title='bbox 621 411 838 471; x_wconf 75' lang='grc' dir='ltr'><strong><em>βάραθρον</em></strong></span> <span class='ocrx_word' id='word_1_16' title='bbox 854 413 974 457; x_wconf 75' lang='grc' dir='ltr'><strong><em>αὐτὸν</em></strong></span> <span class='ocrx_word' id='word_1_17' title='bbox 994 415 1134 464; x_wconf 85' lang='grc' dir='ltr'><strong><em>κακίας</em></strong></span> <span class='ocrx_word' id='word_1_18' title='bbox 1150 415 1219 456; x_wconf 79' lang='grc' dir='ltr'><strong><em>οὐκ</em></strong></span> <span class='ocrx_word' id='word_1_19' title='bbox 1242 413 1474 470; x_wconf 78' lang='grc' dir='ltr'><strong><em>ἐρρίπτουν,·</em></strong></span> 
     </span>
     <span class='ocr_line' id='line_1_5' title="bbox 415 479 1465 537; baseline 0.001 -16"><span class='ocrx_word' id='word_1_20' title='bbox 415 480 598 522; x_wconf 66' lang='grc' dir='ltr'><strong><em>ἐντεῦθεν</em></strong></span> <span class='ocrx_word' id='word_1_21' title='bbox 619 479 640 522; x_wconf 81' lang='grc' dir='ltr'><strong>ὅ</strong></span> <span class='ocrx_word' id='word_1_22' title='bbox 661 483 889 537; x_wconf 74' lang='grc' dir='ltr'><em>περίοπτος,</em></span> <span class='ocrx_word' id='word_1_23' title='bbox 923 480 944 524; x_wconf 80' lang='grc' dir='ltr'><strong>ὃ</strong></span> <span class='ocrx_word' id='word_1_24' title='bbox 963 486 1043 525; x_wconf 79' lang='grc' dir='ltr'><strong><em>τῶν</em></strong></span> <span class='ocrx_word' id='word_1_25' title='bbox 1057 481 1272 535; x_wconf 70' lang='grc' dir='ltr'><strong>εΡωμαίων</strong></span> <span class='ocrx_word' id='word_1_26' title='bbox 1292 479 1465 536; x_wconf 80' lang='grc' dir='ltr'><strong><em>κράτωρ,</em></strong></span> 
     </span>
     <span class='ocr_line' id='line_1_6' title="bbox 283 546 1412 604; baseline -0.001 -15"><span class='ocrx_word' id='word_1_27' title='bbox 283 546 392 590; x_wconf 83' lang='lat'>5055</span> <span class='ocrx_word' id='word_1_28' title='bbox 419 547 541 598; x_wconf 79' lang='grc' dir='ltr'><strong><em>αὐτὸς</em></strong></span> <span class='ocrx_word' id='word_1_29' title='bbox 562 548 682 591; x_wconf 73' lang='grc' dir='ltr'><strong><em>αὐτὸν</em></strong></span> <span class='ocrx_word' id='word_1_30' title='bbox 694 549 895 603; x_wconf 72' lang='grc' dir='ltr'>ἐπέβαινεν</span> <span class='ocrx_word' id='word_1_31' title='bbox 910 547 1098 604; x_wconf 77' lang='grc' dir='ltr'>ἁρμάτων</span> <span class='ocrx_word' id='word_1_32' title='bbox 1114 546 1412 604; x_wconf 78' lang='grc' dir='ltr'><strong><em>χρυσαντύγων,</em></strong></span> 
     </span>
     <span class='ocr_line' id='line_1_7' title="bbox 415 614 1444 673; baseline -0.002 -15"><span class='ocrx_word' id='word_1_33' title='bbox 415 614 627 671; x_wconf 75' lang='grc' dir='ltr'><strong><em>τετρώροις</em></strong></span> <span class='ocrx_word' id='word_1_34' title='bbox 642 615 864 672; x_wconf 69' lang='grc' dir='ltr'><strong><em>ἐπεκάθητο</em></strong></span> <span class='ocrx_word' id='word_1_35' title='bbox 888 619 953 659; x_wconf 83' lang='grc' dir='ltr'><strong><em>καὶ</em></strong></span> <span class='ocrx_word' id='word_1_36' title='bbox 976 618 1132 673; x_wconf 82' lang='grc' dir='ltr'><strong><em>δίφροις</em></strong></span> <span class='ocrx_word' id='word_1_37' title='bbox 1143 617 1444 671; x_wconf 78' lang='grc' dir='ltr'><strong><em>χρυσοδίφροις.</em></strong></span> 
     </span>
     <span class='ocr_line' id='line_1_8' title="bbox 417 683 1526 739; baseline 0.001 -14"><span class='ocrx_word' id='word_1_38' title='bbox 417 684 483 725; x_wconf 80' lang='grc' dir='ltr'><strong><em>καὶ</em></strong></span> <span class='ocrx_word' id='word_1_39' title='bbox 501 686 703 739; x_wconf 71' lang='grc' dir='ltr'><strong><em>θησαυροὶ</em></strong></span> <span class='ocrx_word' id='word_1_40' title='bbox 719 685 792 738; x_wconf 78' lang='grc' dir='ltr'><strong><em>μὲν</em></strong></span> <span class='ocrx_word' id='word_1_41' title='bbox 810 683 1009 727; x_wconf 73' lang='grc' dir='ltr'>πάντοθεν</span> <span class='ocrx_word' id='word_1_42' title='bbox 1021 683 1241 739; x_wconf 78' lang='grc' dir='ltr'><strong><em>χρημάτων</em></strong></span> <span class='ocrx_word' id='word_1_43' title='bbox 1261 684 1526 737; x_wconf 81' lang='grc' dir='ltr'><strong><em>ἀπηντλοῦντο</em></strong></span> 
     </span>
     <span class='ocr_line' id='line_1_9' title="bbox 230 749 1492 809; baseline -0.005 -12"><span class='ocrx_word' id='word_1_44' title='bbox 230 762 262 797; x_wconf 87' lang='grc' dir='ltr'><strong>Β</strong></span> <span class='ocrx_word' id='word_1_45' title='bbox 417 752 483 794; x_wconf 81' lang='grc' dir='ltr'><strong><em>καὶ</em></strong></span> <span class='ocrx_word' id='word_1_46' title='bbox 500 750 550 793; x_wconf 78' lang='grc' dir='ltr'><strong>τὰ</strong></span> <span class='ocrx_word' id='word_1_47' title='bbox 564 749 768 805; x_wconf 84' lang='grc' dir='ltr'><strong><em>Ῥωμαίων</em></strong></span> <span class='ocrx_word' id='word_1_48' title='bbox 787 754 827 794; x_wconf 68' lang='grc' dir='ltr'><strong><em>ἓν</em></strong></span> <span class='ocrx_word' id='word_1_49' title='bbox 845 756 969 809; x_wconf 74' lang='grc' dir='ltr'><strong><em>στενῷ</em></strong></span> <span class='ocrx_word' id='word_1_50' title='bbox 987 750 1203 807; x_wconf 85' lang='grc' dir='ltr'><strong><em>πράγματα</em></strong></span> <span class='ocrx_word' id='word_1_51' title='bbox 1227 749 1492 804; x_wconf 69' lang='grc' dir='ltr'><strong><em>καθειστήκει,</em></strong></span> 
     </span>
     <span class='ocr_line' id='line_1_10' title="bbox 403 816 1430 876; baseline 0 -18"><span class='ocrx_word' id='word_1_52' title='bbox 403 817 583 868; x_wconf 74' lang='grc' dir='ltr'><strong><em>κόλακες</em></strong></span> <span class='ocrx_word' id='word_1_53' title='bbox 603 820 646 861; x_wconf 80' lang='grc' dir='ltr'><strong>δὲ</strong></span> <span class='ocrx_word' id='word_1_54' title='bbox 665 821 730 862; x_wconf 83' lang='grc' dir='ltr'><strong><em>καὶ</em></strong></span> <span class='ocrx_word' id='word_1_55' title='bbox 744 818 950 874; x_wconf 85' lang='grc' dir='ltr'><strong><em>χρήμασιν</em></strong></span> <span class='ocrx_word' id='word_1_56' title='bbox 963 818 1168 876; x_wconf 72' lang='grc' dir='ltr'><strong><em>,ἀφθόνοις</em></strong></span> <span class='ocrx_word' id='word_1_57' title='bbox 1184 816 1430 870; x_wconf 63' lang='grc' dir='ltr'><strong><em>ἕνευπάᾶουν</em></strong></span> 
     </span>
     <span class='ocr_line' id='line_1_11' title="bbox 284 882 1559 943; baseline 0.002 -19"><span class='ocrx_word' id='word_1_58' title='bbox 284 883 397 926; x_wconf 84' lang='grc'>5060</span> <span class='ocrx_word' id='word_1_59' title='bbox 414 887 479 926; x_wconf 76' lang='grc' dir='ltr'><strong><em>καὶ</em></strong></span> <span class='ocrx_word' id='word_1_60' title='bbox 494 887 742 939; x_wconf 82' lang='grc' dir='ltr'><strong><em>χιτωνίσκοις</em></strong></span> <span class='ocrx_word' id='word_1_61' title='bbox 756 894 967 943; x_wconf 76' lang='grc' dir='ltr'><strong><em>τρυφεροῖς</em></strong></span> <span class='ocrx_word' id='word_1_62' title='bbox 989 888 1054 928; x_wconf 81' lang='grc' dir='ltr'><strong><em>καὶ</em></strong></span> <span class='ocrx_word' id='word_1_63' title='bbox 1078 887 1240 936; x_wconf 78' lang='grc' dir='ltr'><strong><em>πέπλοις</em></strong></span> <span class='ocrx_word' id='word_1_64' title='bbox 1250 882 1559 941; x_wconf 77' lang='grc' dir='ltr'><strong><em>χρυσοπάστοις.</em></strong></span> 
     </span>
     <span class='ocr_line' id='line_1_12' title="bbox 419 951 1362 1010; baseline 0 -16"><span class='ocrx_word' id='word_1_65' title='bbox 419 952 545 1002; x_wconf 72' lang='grc' dir='ltr'><strong><em>οὕτως</em></strong></span> <span class='ocrx_word' id='word_1_66' title='bbox 559 951 690 1010; x_wconf 70' lang='grc' dir='ltr'><strong><em>ὑγρῶς</em></strong></span> <span class='ocrx_word' id='word_1_67' title='bbox 711 956 775 996; x_wconf 84' lang='grc' dir='ltr'><strong><em>καὶ</em></strong></span> <span class='ocrx_word' id='word_1_68' title='bbox 799 958 989 1008; x_wconf 79' lang='grc' dir='ltr'><strong><em>μαλακῶς</em></strong></span> <span class='ocrx_word' id='word_1_69' title='bbox 1006 952 1026 995; x_wconf 82' lang='grc' dir='ltr'><strong><em>ὅ</em></strong></span> <span class='ocrx_word' id='word_1_70' title='bbox 1045 954 1218 1008; x_wconf 77' lang='grc' dir='ltr'><strong><em>Μιχαὴλ</em></strong></span> <span class='ocrx_word' id='word_1_71' title='bbox 1240 955 1362 1007; x_wconf 74' lang='grc' dir='ltr'><strong><em>ἕβίου.</em></strong></span> 
     </span>
     <span class='ocr_line' id='line_1_13' title="bbox 420 1018 1388 1077; baseline 0 -15"><span class='ocrx_word' id='word_1_72' title='bbox 420 1018 613 1071; x_wconf 79' lang='grc' dir='ltr'><strong><em>πολλάκις</em></strong></span> <span class='ocrx_word' id='word_1_73' title='bbox 636 1023 678 1063; x_wconf 77' lang='grc' dir='ltr'><strong>δὲ</strong></span> <span class='ocrx_word' id='word_1_74' title='bbox 693 1023 798 1076; x_wconf 71' lang='grc' dir='ltr'><strong><em>μηδέ</em></strong></span> <span class='ocrx_word' id='word_1_75' title='bbox 814 1039 919 1071; x_wconf 88' lang='grc' dir='ltr'><strong><em>τινος</em></strong></span> <span class='ocrx_word' id='word_1_76' title='bbox 936 1021 1238 1077; x_wconf 75' lang='grc' dir='ltr'><strong><em>κατεπειγούσης</em></strong></span> <span class='ocrx_word' id='word_1_77' title='bbox 1249 1022 1388 1077; x_wconf 81' lang='grc' dir='ltr'><strong><em>χρείας</em></strong></span> 
     </span>
     <span class='ocr_line' id='line_1_14' title="bbox 420 1085 1519 1146; baseline 0.002 -18"><span class='ocrx_word' id='word_1_78' title='bbox 420 1086 514 1143; x_wconf 73' lang='grc' dir='ltr'><strong><em>ἄτερ</em></strong></span> <span class='ocrx_word' id='word_1_79' title='bbox 537 1087 726 1145; x_wconf 79' lang='grc' dir='ltr'><strong><em>φυλάκων</em></strong></span> <span class='ocrx_word' id='word_1_80' title='bbox 747 1091 811 1131; x_wconf 79' lang='grc' dir='ltr'><strong><em>καὶ</em></strong></span> <span class='ocrx_word' id='word_1_81' title='bbox 833 1093 1035 1146; x_wconf 79' lang='grc' dir='ltr'><strong><em>φρουρᾶς,</em></strong></span> <span class='ocrx_word' id='word_1_82' title='bbox 1071 1089 1164 1145; x_wconf 72' lang='grc' dir='ltr'><strong><em>ἄτερ</em></strong></span> <span class='ocrx_word' id='word_1_83' title='bbox 1189 1085 1519 1145; x_wconf 64' lang='grc' dir='ltr'><strong>δορυφορούντων</strong></span> 
     </span>
     <span class='ocr_line' id='line_1_15' title="bbox 419 1153 1460 1213; baseline 0.001 -18"><span class='ocrx_word' id='word_1_84' title='bbox 419 1153 542 1208; x_wconf 84' lang='grc' dir='ltr'><strong><em>μόνος</em></strong></span> <span class='ocrx_word' id='word_1_85' title='bbox 563 1155 684 1206; x_wconf 73' lang='grc' dir='ltr'><strong><em>αὐτὸς</em></strong></span> <span class='ocrx_word' id='word_1_86' title='bbox 703 1155 930 1213; x_wconf 74' lang='grc' dir='ltr'><strong><em>παρώδευεν</em></strong></span> <span class='ocrx_word' id='word_1_87' title='bbox 953 1158 994 1198; x_wconf 79' lang='grc' dir='ltr'><strong><em>ἒν</em></strong></span> <span class='ocrx_word' id='word_1_88' title='bbox 1009 1157 1150 1210; x_wconf 76' lang='grc' dir='ltr'><strong><em>μέσαις</em></strong></span> <span class='ocrx_word' id='word_1_89' title='bbox 1169 1163 1257 1206; x_wconf 77' lang='grc' dir='ltr'><strong><em>ταῖς</em></strong></span> <span class='ocrx_word' id='word_1_90' title='bbox 1274 1154 1460 1211; x_wconf 73' lang='grc' dir='ltr'><strong><em>τριόδοις,</em></strong></span> 
     </span>
     <span class='ocr_line' id='line_1_16' title="bbox 287 1222 1389 1280; baseline -0.001 -15"><span class='ocrx_word' id='word_1_91' title='bbox 287 1225 396 1266; x_wconf 84' lang='grc'>5065</span> <span class='ocrx_word' id='word_1_92' title='bbox 418 1222 597 1275; x_wconf 72' lang='grc' dir='ltr'><strong><em>ἇσὲμνως</em></strong></span> <span class='ocrx_word' id='word_1_93' title='bbox 610 1227 921 1280; x_wconf 77' lang='grc' dir='ltr'><strong><em>θεατρομανῶν,</em></strong></span> <span class='ocrx_word' id='word_1_94' title='bbox 948 1225 1103 1278; x_wconf 84' lang='grc' dir='ltr'><strong><em>χαίρων</em></strong></span> <span class='ocrx_word' id='word_1_95' title='bbox 1120 1224 1389 1278; x_wconf 76' lang='grc' dir='ltr'><strong><em>ἶππηλασίαις.</em></strong></span> 
     </span>
     <span class='ocr_line' id='line_1_17' title="bbox 421 1288 1371 1346; baseline 0.002 -17"><span class='ocrx_word' id='word_1_96' title='bbox 421 1288 563 1345; x_wconf 55' lang='grc' dir='ltr'><strong><em>ἐγίνετό</em></strong></span> <span class='ocrx_word' id='word_1_97' title='bbox 584 1307 624 1332; x_wconf 83' lang='grc' dir='ltr'><strong>τε</strong></span> <span class='ocrx_word' id='word_1_98' title='bbox 642 1293 710 1332; x_wconf 83' lang='grc' dir='ltr'><strong><em>καὶ</em></strong></span> <span class='ocrx_word' id='word_1_99' title='bbox 734 1291 867 1346; x_wconf 83' lang='grc' dir='ltr'><strong><em>πατὴρ</em></strong></span> <span class='ocrx_word' id='word_1_100' title='bbox 891 1292 1060 1333; x_wconf 88' lang='grc' dir='ltr'><strong><em>παιδίων</em></strong></span> <span class='ocrx_word' id='word_1_101' title='bbox 1080 1291 1181 1333; x_wconf 78' lang='grc' dir='ltr'><strong><em>κατὰ</em></strong></span> <span class='ocrx_word' id='word_1_102' title='bbox 1203 1294 1371 1343; x_wconf 81' lang='grc' dir='ltr'><strong><em>πνεῦμα,</em></strong></span> 
     </span>
     <span class='ocr_line' id='line_1_18' title="bbox 421 1353 1512 1414; baseline -0.001 -16"><span class='ocrx_word' id='word_1_103' title='bbox 421 1361 501 1398; x_wconf 80' lang='grc' dir='ltr'><strong><em>τῶν</em></strong></span> <span class='ocrx_word' id='word_1_104' title='bbox 522 1358 655 1410; x_wconf 82' lang='grc' dir='ltr'><strong><em>μίμων</em></strong></span> <span class='ocrx_word' id='word_1_105' title='bbox 670 1358 719 1399; x_wconf 78' lang='grc' dir='ltr'><strong>τὰ</strong></span> <span class='ocrx_word' id='word_1_106' title='bbox 741 1357 967 1414; x_wconf 78' lang='grc' dir='ltr'><strong><em>βρεφύλλια</em></strong></span> <span class='ocrx_word' id='word_1_107' title='bbox 983 1360 1051 1400; x_wconf 86' lang='grc' dir='ltr'><strong><em>καὶ</em></strong></span> <span class='ocrx_word' id='word_1_108' title='bbox 1071 1362 1151 1400; x_wconf 81' lang='grc' dir='ltr'><strong><em>τῶν</em></strong></span> <span class='ocrx_word' id='word_1_109' title='bbox 1167 1353 1512 1414; x_wconf 80' lang='grc' dir='ltr'><strong><em>ἁρματοστρόφων</em></strong></span> 
     </span>
     <span class='ocr_line' id='line_1_19' title="bbox 422 1421 1459 1481; baseline -0.001 -17"><span class='ocrx_word' id='word_1_110' title='bbox 422 1421 489 1464; x_wconf 75' lang='grc' dir='ltr'><strong>οἶα</strong></span> <span class='ocrx_word' id='word_1_111' title='bbox 511 1424 643 1480; x_wconf 81' lang='grc' dir='ltr'><strong><em>πατὴρ</em></strong></span> <span class='ocrx_word' id='word_1_112' title='bbox 666 1423 929 1481; x_wconf 77' lang='grc' dir='ltr'><strong><em>φιλόστοργος</em></strong></span> <span class='ocrx_word' id='word_1_113' title='bbox 952 1426 1084 1480; x_wconf 74' lang='grc' dir='ltr'><strong><em>φέρων</em></strong></span> <span class='ocrx_word' id='word_1_114' title='bbox 1101 1426 1142 1464; x_wconf 77' lang='grc' dir='ltr'><strong><em>ἐν</em></strong></span> <span class='ocrx_word' id='word_1_115' title='bbox 1158 1432 1246 1473; x_wconf 76' lang='grc' dir='ltr'><strong><em>ταῖς</em></strong></span> <span class='ocrx_word' id='word_1_116' title='bbox 1265 1422 1459 1478; x_wconf 76' lang='grc' dir='ltr'><strong><em>ἀγκάλαις</em></strong></span> 
     </span>
     <span class='ocr_line' id='line_1_20' title="bbox 423 1489 1429 1548; baseline 0 -17"><span class='ocrx_word' id='word_1_117' title='bbox 423 1491 467 1532; x_wconf 70' lang='grc' dir='ltr'><strong>ἐκ</strong></span> <span class='ocrx_word' id='word_1_118' title='bbox 491 1495 565 1533; x_wconf 77' lang='grc' dir='ltr'><strong><em>τοῦ</em></strong></span> <span class='ocrx_word' id='word_1_119' title='bbox 583 1495 756 1548; x_wconf 81' lang='grc' dir='ltr'><strong><em>λουτροῦ</em></strong></span> <span class='ocrx_word' id='word_1_120' title='bbox 778 1489 1054 1548; x_wconf 77' lang='grc' dir='ltr'><strong><em>προκόπτοντα</em></strong></span> <span class='ocrx_word' id='word_1_121' title='bbox 1078 1495 1152 1545; x_wconf 76' lang='grc' dir='ltr'><strong><em>τῆς</em></strong></span> <span class='ocrx_word' id='word_1_122' title='bbox 1167 1491 1429 1546; x_wconf 79' lang='grc' dir='ltr'><strong><em>θεογενεσίας.</em></strong></span> 
     </span>
     <span class='ocr_line' id='line_1_21' title="bbox 241 1556 1527 1616; baseline 0 -19"><span class='ocrx_word' id='word_1_123' title='bbox 241 1562 273 1597; x_wconf 81' lang='lat' dir='ltr'>C</span> <span class='ocrx_word' id='word_1_124' title='bbox 293 1558 402 1602; x_wconf 85' lang='lat'>5070</span> <span class='ocrx_word' id='word_1_125' title='bbox 421 1559 602 1601; x_wconf 72' lang='grc' dir='ltr'><strong><em>ἐντεῦθεν</em></strong></span> <span class='ocrx_word' id='word_1_126' title='bbox 625 1559 718 1613; x_wconf 72' lang='grc' dir='ltr'><strong><em>(οὐκ</em></strong></span> <span class='ocrx_word' id='word_1_127' title='bbox 739 1557 929 1616; x_wconf 73' lang='grc' dir='ltr'><strong><em>ἐξήρκουν</em></strong></span> <span class='ocrx_word' id='word_1_128' title='bbox 946 1558 1022 1614; x_wconf 82' lang='grc' dir='ltr'><strong><em>γὰρ</em></strong></span> <span class='ocrx_word' id='word_1_129' title='bbox 1046 1558 1089 1599; x_wconf 77' lang='grc' dir='ltr'><strong><em>αἲ</em></strong></span> <span class='ocrx_word' id='word_1_130' title='bbox 1110 1559 1252 1614; x_wconf 69' lang='grc' dir='ltr'><strong><em>φλέβες</em></strong></span> <span class='ocrx_word' id='word_1_131' title='bbox 1270 1561 1341 1600; x_wconf 78' lang='grc' dir='ltr'><strong><em>τοῦ</em></strong></span> <span class='ocrx_word' id='word_1_132' title='bbox 1357 1556 1527 1612; x_wconf 73' lang='grc' dir='ltr'><strong><em>χρυσίου</em></strong></span> 
     </span>
     <span class='ocr_line' id='line_1_22' title="bbox 422 1616 1416 1682; baseline 0 -16"><span class='ocrx_word' id='word_1_133' title='bbox 422 1627 484 1667; x_wconf 69' lang='grc' dir='ltr'><strong>ἐπὶ</strong></span> <span class='ocrx_word' id='word_1_134' title='bbox 504 1625 719 1676; x_wconf 79' lang='grc' dir='ltr'><strong><em>τοσούτους</em></strong></span> <span class='ocrx_word' id='word_1_135' title='bbox 740 1616 917 1682; x_wconf 76' lang='grc' dir='ltr'><strong><em>ἀγωγοὺς</em></strong></span> <span class='ocrx_word' id='word_1_136' title='bbox 935 1624 1161 1679; x_wconf 75' lang='grc' dir='ltr'><strong><em>κενούμεναι</em></strong></span> <span class='ocrx_word' id='word_1_137' title='bbox 1181 1623 1416 1680; x_wconf 66' lang='grc' dir='ltr'><strong><em>κοπρώδεις)</em></strong></span> 
     </span>
     <span class='ocr_line' id='line_1_23' title="bbox 423 1691 1429 1748; baseline 0 -14"><span class='ocrx_word' id='word_1_138' title='bbox 423 1693 465 1734; x_wconf 80' lang='grc' dir='ltr'><strong><em>αἱ</em></strong></span> <span class='ocrx_word' id='word_1_139' title='bbox 483 1692 821 1748; x_wconf 82' lang='grc' dir='ltr'><strong><em>χρυσοσκεύαστοι</em></strong></span> <span class='ocrx_word' id='word_1_140' title='bbox 841 1695 979 1735; x_wconf 86' lang='grc' dir='ltr'><strong><em>στολαὶ</em></strong></span> <span class='ocrx_word' id='word_1_141' title='bbox 994 1697 1073 1734; x_wconf 84' lang='grc' dir='ltr'><strong><em>τῶν</em></strong></span> <span class='ocrx_word' id='word_1_142' title='bbox 1089 1691 1212 1734; x_wconf 78' lang='grc' dir='ltr'><strong><em>πάλαι</em></strong></span> <span class='ocrx_word' id='word_1_143' title='bbox 1231 1692 1429 1747; x_wconf 79' lang='grc' dir='ltr'><strong><em>βασιλέων</em></strong></span> 
     </span>
     <span class='ocr_line' id='line_1_24' title="bbox 427 1756 1507 1818; baseline 0 -17"><span class='ocrx_word' id='word_1_144' title='bbox 427 1762 493 1801; x_wconf 77' lang='grc' dir='ltr'><strong><em>καὶ</em></strong></span> <span class='ocrx_word' id='word_1_145' title='bbox 512 1761 655 1818; x_wconf 74' lang='grc' dir='ltr'><strong><em>δένδρα</em></strong></span> <span class='ocrx_word' id='word_1_146' title='bbox 678 1761 729 1805; x_wconf 79' lang='grc' dir='ltr'><strong>τὰ</strong></span> <span class='ocrx_word' id='word_1_147' title='bbox 747 1759 980 1816; x_wconf 80' lang='grc' dir='ltr'><strong><em>κατάχρυσα</em></strong></span> <span class='ocrx_word' id='word_1_148' title='bbox 991 1792 1004 1812; x_wconf 88' lang='grc'>,</span> <span class='ocrx_word' id='word_1_149' title='bbox 1039 1762 1238 1817; x_wconf 73' lang='grc' dir='ltr'><strong><em>στρουθία</em></strong></span> <span class='ocrx_word' id='word_1_150' title='bbox 1256 1777 1297 1802; x_wconf 81' lang='grc' dir='ltr'><strong>τε</strong></span> <span class='ocrx_word' id='word_1_151' title='bbox 1317 1760 1368 1802; x_wconf 81' lang='grc' dir='ltr'><strong>τὰ</strong></span> <span class='ocrx_word' id='word_1_152' title='bbox 1390 1756 1507 1811; x_wconf 73' lang='grc' dir='ltr'><strong><em>λάλοι,</em></strong></span> 
     </span>
     <span class='ocr_line' id='line_1_25' title="bbox 427 1827 1387 1885; baseline 0.001 -17"><span class='ocrx_word' id='word_1_153' title='bbox 427 1829 495 1869; x_wconf 84' lang='grc' dir='ltr'><strong><em>καὶ</em></strong></span> <span class='ocrx_word' id='word_1_154' title='bbox 513 1829 665 1878; x_wconf 73' lang='grc' dir='ltr'><strong><em>λέοντες</em></strong></span> <span class='ocrx_word' id='word_1_155' title='bbox 683 1827 932 1885; x_wconf 84' lang='grc' dir='ltr'><strong><em>σφυρήλατοι</em></strong></span> <span class='ocrx_word' id='word_1_156' title='bbox 947 1833 1103 1884; x_wconf 81' lang='grc' dir='ltr'><strong><em>χρυσοῦ</em></strong></span> <span class='ocrx_word' id='word_1_157' title='bbox 1121 1828 1387 1882; x_wconf 80' lang='grc' dir='ltr'><strong><em>πεποιημένοι,</em></strong></span> 
     </span>
     <span class='ocr_line' id='line_1_26' title="bbox 291 1892 1486 1952; baseline -0.001 -15"><span class='ocrx_word' id='word_1_158' title='bbox 291 1894 401 1937; x_wconf 84' lang='grc'>5075</span> <span class='ocrx_word' id='word_1_159' title='bbox 421 1897 485 1937; x_wconf 80' lang='grc' dir='ltr'><strong><em>καὶ</em></strong></span> <span class='ocrx_word' id='word_1_160' title='bbox 510 1900 589 1937; x_wconf 79' lang='grc' dir='ltr'><strong><em>πᾶν</em></strong></span> <span class='ocrx_word' id='word_1_161' title='bbox 610 1894 746 1946; x_wconf 79' lang='grc' dir='ltr'><strong><em>ἅπλῶς</em></strong></span> <span class='ocrx_word' id='word_1_162' title='bbox 765 1897 968 1950; x_wconf 78' lang='grc' dir='ltr'><strong><em>βασίλειον</em></strong></span> <span class='ocrx_word' id='word_1_163' title='bbox 992 1894 1150 1950; x_wconf 78' lang='grc' dir='ltr'><strong><em>λάμπον</em></strong></span> <span class='ocrx_word' id='word_1_164' title='bbox 1172 1897 1213 1938; x_wconf 75' lang='grc' dir='ltr'><strong><em>ἐν</em></strong></span> <span class='ocrx_word' id='word_1_165' title='bbox 1238 1892 1486 1952; x_wconf 75' lang='grc' dir='ltr'><strong><em>ἀνακτόροις,</em></strong></span> 
     </span>
    </p>
   </div>
   <div class='ocr_carea' id='block_1_3' title="bbox 384 1972 1581 2035">
    <p class='ocr_par' dir='ltr' id='par_1_3' title="bbox 384 1972 1581 2035">
     <span class='ocr_line' id='line_1_27' title="bbox 384 1972 1581 2035; baseline 0.003 -12"><span class='ocrx_word' id='word_1_166' title='bbox 384 1972 476 2024; x_wconf 71' lang='lat'>5066</span> <span class='ocrx_word' id='word_1_167' title='bbox 493 1990 674 2033; x_wconf 76' lang='grc' dir='ltr'><strong><em>χιτωνίοις</em></strong></span> <span class='ocrx_word' id='word_1_168' title='bbox 695 1989 765 2025; x_wconf 90' lang='grc' dir='ltr'><strong>ΑΜ</strong></span> <span class='ocrx_word' id='word_1_169' title='bbox 854 1988 1141 2035; x_wconf 74' lang='grc' dir='ltr'><strong><em>χρυσοπλοὶστοις</em></strong></span> <span class='ocrx_word' id='word_1_170' title='bbox 1161 1989 1201 2024; x_wconf 93' lang='grc' dir='ltr'>Μ</span> <span class='ocrx_word' id='word_1_171' title='bbox 1336 1989 1427 2024; x_wconf 79' lang='lat'>5062</span> <span class='ocrx_word' id='word_1_172' title='bbox 1444 1985 1529 2034; x_wconf 70' lang='grc' dir='ltr'><strong>βίας</strong></span> <span class='ocrx_word' id='word_1_173' title='bbox 1546 1987 1581 2021; x_wconf 78' lang='lat' dir='ltr'>R</span> 
     </span>
    </p>
   </div>
   <div class='ocr_carea' id='block_1_4' title="bbox 293 2063 1741 2838">
    <p class='ocr_par' dir='ltr' id='par_1_4' title="bbox 293 2063 1741 2838">
     <span class='ocr_line' id='line_1_28' title="bbox 293 2063 1734 2104; baseline -0.002 -4"><span class='ocrx_word' id='word_1_174' title='bbox 293 2070 364 2101; x_wconf 89' lang='lat' dir='ltr'><strong>tum</strong></span> <span class='ocrx_word' id='word_1_175' title='bbox 386 2078 477 2101; x_wconf 84' lang='lat' dir='ltr'><strong>csse.</strong></span> <span class='ocrx_word' id='word_1_176' title='bbox 524 2072 561 2102; x_wconf 80' lang='lat' dir='ltr'><strong>at</strong></span> <span class='ocrx_word' id='word_1_177' title='bbox 593 2080 678 2103; x_wconf 82' lang='lat' dir='ltr'><strong>vero</strong></span> <span class='ocrx_word' id='word_1_178' title='bbox 712 2073 944 2103; x_wconf 75' lang='lat' dir='ltr'><strong>assentatores</strong></span> <span class='ocrx_word' id='word_1_179' title='bbox 975 2071 1102 2104; x_wconf 83' lang='lat' dir='ltr'><strong>barbas</strong></span> <span class='ocrx_word' id='word_1_180' title='bbox 1131 2068 1203 2103; x_wconf 84' lang='lat' dir='ltr'><strong>rasi</strong></span> <span class='ocrx_word' id='word_1_181' title='bbox 1232 2071 1268 2103; x_wconf 90' lang='lat' dir='ltr'><strong>et</strong></span> <span class='ocrx_word' id='word_1_182' title='bbox 1297 2079 1418 2102; x_wconf 87' lang='lat' dir='ltr'><strong>cerusa</strong></span> <span class='ocrx_word' id='word_1_183' title='bbox 1439 2066 1547 2102; x_wconf 81' lang='lat' dir='ltr'><strong>fucati</strong></span> <span class='ocrx_word' id='word_1_184' title='bbox 1567 2075 1641 2099; x_wconf 87' lang='lat' dir='ltr'><strong>cum</strong></span> <span class='ocrx_word' id='word_1_185' title='bbox 1662 2063 1734 2098; x_wconf 89' lang='lat' dir='ltr'><strong>Mi-</strong></span> 
     </span>
     <span class='ocr_line' id='line_1_29' title="bbox 294 2111 1734 2160; baseline -0.001 -16"><span class='ocrx_word' id='word_1_186' title='bbox 294 2111 448 2146; x_wconf 82' lang='lat' dir='ltr'><strong>chaelum</strong></span> <span class='ocrx_word' id='word_1_187' title='bbox 473 2113 790 2159; x_wconf 86' lang='lat' dir='ltr'><strong>circumstipassent</strong></span> <span class='ocrx_word' id='word_1_188' title='bbox 818 2121 852 2150; x_wconf 83' lang='lat' dir='ltr'><strong>et</strong></span> <span class='ocrx_word' id='word_1_189' title='bbox 883 2115 1046 2159; x_wconf 78' lang='lat' dir='ltr'>indagine</span> <span class='ocrx_word' id='word_1_190' title='bbox 1081 2115 1180 2160; x_wconf 82' lang='lat' dir='ltr'>quasi</span> <span class='ocrx_word' id='word_1_191' title='bbox 1210 2114 1418 2156; x_wconf 79' lang='lat' dir='ltr'><strong>cinxissent,</strong></span> <span class='ocrx_word' id='word_1_192' title='bbox 1445 2113 1483 2146; x_wconf 90' lang='lat' dir='ltr'><strong>in</strong></span> <span class='ocrx_word' id='word_1_193' title='bbox 1511 2111 1604 2157; x_wconf 86' lang='lat' dir='ltr'><strong>qnod</strong></span> <span class='ocrx_word' id='word_1_194' title='bbox 1629 2111 1734 2144; x_wconf 78' lang='lat' dir='ltr'><strong>bara-</strong></span> 
     </span>
     <span class='ocr_line' id='line_1_30' title="bbox 295 2156 1735 2204; baseline -0.001 -15"><span class='ocrx_word' id='word_1_195' title='bbox 295 2156 430 2200; x_wconf 82' lang='lat' dir='ltr'><strong>thrum,</strong></span> <span class='ocrx_word' id='word_1_196' title='bbox 461 2170 561 2202; x_wconf 88' lang='lat' dir='ltr'><strong>quam</strong></span> <span class='ocrx_word' id='word_1_197' title='bbox 590 2160 751 2193; x_wconf 76' lang='lat' dir='ltr'><strong>vitiorum</strong></span> <span class='ocrx_word' id='word_1_198' title='bbox 780 2160 978 2204; x_wconf 84' lang='lat' dir='ltr'><strong>voraginem</strong></span> <span class='ocrx_word' id='word_1_199' title='bbox 1011 2172 1086 2194; x_wconf 87' lang='lat' dir='ltr'><strong>eum</strong></span> <span class='ocrx_word' id='word_1_200' title='bbox 1116 2171 1183 2194; x_wconf 89' lang='lat' dir='ltr'><strong>non</strong></span> <span class='ocrx_word' id='word_1_201' title='bbox 1204 2159 1446 2193; x_wconf 81' lang='lat' dir='ltr'><strong>coniecerunt!</strong></span> <span class='ocrx_word' id='word_1_202' title='bbox 1466 2157 1546 2191; x_wconf 89' lang='lat' dir='ltr'><strong>hinc</strong></span> <span class='ocrx_word' id='word_1_203' title='bbox 1569 2156 1677 2189; x_wconf 84' lang='lat' dir='ltr'><strong>fiebat</strong></span> <span class='ocrx_word' id='word_1_204' title='bbox 1696 2158 1735 2189; x_wconf 84' lang='lat' dir='ltr'><strong>ut</strong></span> 
     </span>
     <span class='ocr_line' id='line_1_31' title="bbox 296 2202 1736 2250; baseline 0 -16"><span class='ocrx_word' id='word_1_205' title='bbox 296 2202 499 2245; x_wconf 79' lang='lat' dir='ltr'><strong>spectabilis</strong></span> <span class='ocrx_word' id='word_1_206' title='bbox 522 2203 578 2236; x_wconf 87' lang='lat' dir='ltr'><strong>ille</strong></span> <span class='ocrx_word' id='word_1_207' title='bbox 591 2204 820 2241; x_wconf 80' lang='lat' dir='ltr'><strong>Romanorum</strong></span> <span class='ocrx_word' id='word_1_208' title='bbox 840 2206 1028 2250; x_wconf 83' lang='lat' dir='ltr'><strong>imperator</strong></span> <span class='ocrx_word' id='word_1_209' title='bbox 1044 2206 1121 2250; x_wconf 84' lang='lat' dir='ltr'><strong>ipse</strong></span> <span class='ocrx_word' id='word_1_210' title='bbox 1142 2216 1260 2238; x_wconf 86' lang='lat' dir='ltr'><strong>currus</strong></span> <span class='ocrx_word' id='word_1_211' title='bbox 1283 2214 1406 2238; x_wconf 88' lang='lat' dir='ltr'><strong>aureos</strong></span> <span class='ocrx_word' id='word_1_212' title='bbox 1426 2202 1673 2236; x_wconf 82' lang='lat' dir='ltr'><strong>conscenderet</strong></span> <span class='ocrx_word' id='word_1_213' title='bbox 1694 2212 1736 2234; x_wconf 85' lang='lat' dir='ltr'><strong>ac</strong></span> 
     </span>
     <span class='ocr_line' id='line_1_32' title="bbox 296 2246 1736 2295; baseline 0 -16"><span class='ocrx_word' id='word_1_214' title='bbox 296 2247 475 2291; x_wconf 77' lang='lat' dir='ltr'>quadrigis</span> <span class='ocrx_word' id='word_1_215' title='bbox 498 2248 678 2283; x_wconf 79' lang='lat' dir='ltr'><strong>insideret.</strong></span> <span class='ocrx_word' id='word_1_216' title='bbox 692 2272 699 2278; x_wconf 85' lang='lat'><strong>·</strong></span> <span class='ocrx_word' id='word_1_217' title='bbox 724 2250 944 2295; x_wconf 83' lang='lat' dir='ltr'><strong>pecuniarum</strong></span> <span class='ocrx_word' id='word_1_218' title='bbox 966 2251 1121 2285; x_wconf 80' lang='lat' dir='ltr'><strong>thesauri</strong></span> <span class='ocrx_word' id='word_1_219' title='bbox 1142 2249 1293 2294; x_wconf 85' lang='lat' dir='ltr'><strong>undique</strong></span> <span class='ocrx_word' id='word_1_220' title='bbox 1319 2259 1461 2293; x_wconf 87' lang='lat' dir='ltr'><strong>prorsus</strong></span> <span class='ocrx_word' id='word_1_221' title='bbox 1483 2246 1736 2280; x_wconf 84' lang='lat' dir='ltr'><strong>exhaurieban-</strong></span> 
     </span>
     <span class='ocr_line' id='line_1_33' title="bbox 296 2291 1737 2340; baseline 0 -16"><span class='ocrx_word' id='word_1_222' title='bbox 296 2294 374 2334; x_wconf 85' lang='lat' dir='ltr'><strong>tur,</strong></span> <span class='ocrx_word' id='word_1_223' title='bbox 395 2303 521 2337; x_wconf 84' lang='lat' dir='ltr'><strong>resque</strong></span> <span class='ocrx_word' id='word_1_224' title='bbox 544 2294 774 2329; x_wconf 84' lang='lat' dir='ltr'><strong>Romanorum</strong></span> <span class='ocrx_word' id='word_1_225' title='bbox 792 2295 828 2328; x_wconf 89' lang='lat' dir='ltr'><strong>in</strong></span> <span class='ocrx_word' id='word_1_226' title='bbox 852 2301 1031 2340; x_wconf 85' lang='lat' dir='ltr'><strong>angustum</strong></span> <span class='ocrx_word' id='word_1_227' title='bbox 1060 2297 1283 2340; x_wconf 84' lang='lat' dir='ltr'><strong>cogebantur.</strong></span> <span class='ocrx_word' id='word_1_228' title='bbox 1328 2293 1465 2327; x_wconf 77' lang='lat' dir='ltr'><strong>interim</strong></span> <span class='ocrx_word' id='word_1_229' title='bbox 1486 2291 1680 2326; x_wconf 80' lang='lat' dir='ltr'><strong>adulatores</strong></span> <span class='ocrx_word' id='word_1_230' title='bbox 1699 2291 1737 2325; x_wconf 85' lang='lat' dir='ltr'><strong>in</strong></span> 
     </span>
     <span class='ocr_line' id='line_1_34' title="bbox 297 2336 1737 2382; baseline 0 -12"><span class='ocrx_word' id='word_1_231' title='bbox 297 2336 446 2371; x_wconf 83' lang='lat' dir='ltr'><strong>maxima</strong></span> <span class='ocrx_word' id='word_1_232' title='bbox 464 2339 684 2382; x_wconf 76' lang='lat' dir='ltr'><strong>pecuniarum</strong></span> <span class='ocrx_word' id='word_1_233' title='bbox 716 2341 925 2374; x_wconf 82' lang='lat' dir='ltr'><strong>abundantia</strong></span> <span class='ocrx_word' id='word_1_234' title='bbox 945 2341 1092 2376; x_wconf 81' lang='lat' dir='ltr'><strong>iucunde</strong></span> <span class='ocrx_word' id='word_1_235' title='bbox 1115 2340 1298 2382; x_wconf 83' lang='lat' dir='ltr'><strong>vivebant,</strong></span> <span class='ocrx_word' id='word_1_236' title='bbox 1323 2338 1438 2372; x_wconf 81' lang='lat' dir='ltr'><strong>amicti</strong></span> <span class='ocrx_word' id='word_1_237' title='bbox 1458 2337 1584 2372; x_wconf 85' lang='lat' dir='ltr'><strong>tunicis</strong></span> <span class='ocrx_word' id='word_1_238' title='bbox 1606 2336 1737 2371; x_wconf 82' lang='lat' dir='ltr'><strong>delica-</strong></span> 
     </span>
     <span class='ocr_line' id='line_1_35' title="bbox 298 2381 1738 2428; baseline 0 -13"><span class='ocrx_word' id='word_1_239' title='bbox 298 2381 345 2415; x_wconf 87' lang='lat' dir='ltr'><strong>tis</strong></span> <span class='ocrx_word' id='word_1_240' title='bbox 365 2387 401 2415; x_wconf 91' lang='lat' dir='ltr'><strong>et</strong></span> <span class='ocrx_word' id='word_1_241' title='bbox 432 2383 545 2428; x_wconf 83' lang='lat' dir='ltr'><strong>peplis</strong></span> <span class='ocrx_word' id='word_1_242' title='bbox 575 2395 658 2419; x_wconf 89' lang='lat' dir='ltr'><strong>auro</strong></span> <span class='ocrx_word' id='word_1_243' title='bbox 690 2384 900 2419; x_wconf 84' lang='lat' dir='ltr'><strong>intertextis.</strong></span> <span class='ocrx_word' id='word_1_244' title='bbox 958 2388 1044 2420; x_wconf 93' lang='lat' dir='ltr'><strong>adeo</strong></span> <span class='ocrx_word' id='word_1_245' title='bbox 1081 2385 1299 2420; x_wconf 77' lang='lat' dir='ltr'><strong>temulentam</strong></span> <span class='ocrx_word' id='word_1_246' title='bbox 1321 2383 1521 2427; x_wconf 88' lang='lat' dir='ltr'><strong>mollemque</strong></span> <span class='ocrx_word' id='word_1_247' title='bbox 1541 2383 1648 2416; x_wconf 78' lang='lat' dir='ltr'><strong>vitam</strong></span> <span class='ocrx_word' id='word_1_248' title='bbox 1667 2381 1738 2416; x_wconf 79' lang='lat' dir='ltr'><strong>Mi-</strong></span> 
     </span>
     <span class='ocr_line' id='line_1_36' title="bbox 298 2426 1737 2474; baseline 0.001 -15"><span class='ocrx_word' id='word_1_249' title='bbox 298 2426 437 2461; x_wconf 88' lang='lat' dir='ltr'><strong>chaelus</strong></span> <span class='ocrx_word' id='word_1_250' title='bbox 461 2430 599 2471; x_wconf 83' lang='lat' dir='ltr'><strong>agebat.</strong></span> <span class='ocrx_word' id='word_1_251' title='bbox 646 2441 884 2474; x_wconf 83' lang='lat' dir='ltr'><strong>nonnunquam</strong></span> <span class='ocrx_word' id='word_1_252' title='bbox 909 2431 1000 2465; x_wconf 91' lang='lat' dir='ltr'><strong>nulla</strong></span> <span class='ocrx_word' id='word_1_253' title='bbox 1023 2430 1229 2465; x_wconf 80' lang='lat' dir='ltr'><strong>necessitate</strong></span> <span class='ocrx_word' id='word_1_254' title='bbox 1255 2434 1400 2473; x_wconf 83' lang='lat' dir='ltr'><strong>cogente</strong></span> <span class='ocrx_word' id='word_1_255' title='bbox 1417 2428 1509 2462; x_wconf 86' lang='lat' dir='ltr'><strong>solus</strong></span> <span class='ocrx_word' id='word_1_256' title='bbox 1527 2429 1659 2472; x_wconf 79' lang='lat' dir='ltr'><strong>absque</strong></span> <span class='ocrx_word' id='word_1_257' title='bbox 1680 2437 1737 2461; x_wconf 81' lang='lat' dir='ltr'><strong>sa-</strong></span> 
     </span>
     <span class='ocr_line' id='line_1_37' title="bbox 297 2471 1738 2519; baseline 0.001 -15"><span class='ocrx_word' id='word_1_258' title='bbox 297 2471 443 2506; x_wconf 86' lang='lat' dir='ltr'><strong>tellitum</strong></span> <span class='ocrx_word' id='word_1_259' title='bbox 463 2474 687 2519; x_wconf 80' lang='lat' dir='ltr'><strong>corporisque</strong></span> <span class='ocrx_word' id='word_1_260' title='bbox 707 2476 883 2509; x_wconf 90' lang='lat' dir='ltr'><strong>custodum</strong></span> <span class='ocrx_word' id='word_1_261' title='bbox 906 2477 1068 2509; x_wconf 84' lang='lat' dir='ltr'><strong>comitatu</strong></span> <span class='ocrx_word' id='word_1_262' title='bbox 1091 2474 1265 2509; x_wconf 87' lang='lat' dir='ltr'><strong>mediisin</strong></span> <span class='ocrx_word' id='word_1_263' title='bbox 1281 2473 1396 2507; x_wconf 82' lang='lat' dir='ltr'><strong>triviis</strong></span> <span class='ocrx_word' id='word_1_264' title='bbox 1415 2472 1665 2516; x_wconf 82' lang='lat' dir='ltr'><strong>obambulabat,</strong></span> <span class='ocrx_word' id='word_1_265' title='bbox 1682 2472 1738 2506; x_wconf 90' lang='lat' dir='ltr'><strong>in-</strong></span> 
     </span>
     <span class='ocr_line' id='line_1_38' title="bbox 299 2517 1738 2565; baseline 0.001 -15"><span class='ocrx_word' id='word_1_266' title='bbox 299 2517 426 2551; x_wconf 80' lang='lat' dir='ltr'><strong>decore</strong></span> <span class='ocrx_word' id='word_1_267' title='bbox 460 2530 500 2552; x_wconf 87' lang='lat' dir='ltr'><strong>ac</strong></span> <span class='ocrx_word' id='word_1_268' title='bbox 532 2520 689 2554; x_wconf 84' lang='lat' dir='ltr'><strong>furenter</strong></span> <span class='ocrx_word' id='word_1_269' title='bbox 725 2522 884 2555; x_wconf 88' lang='lat' dir='ltr'><strong>adamans</strong></span> <span class='ocrx_word' id='word_1_270' title='bbox 915 2521 1128 2565; x_wconf 85' lang='lat' dir='ltr'><strong>spectacula,</strong></span> <span class='ocrx_word' id='word_1_271' title='bbox 1161 2521 1272 2564; x_wconf 88' lang='lat' dir='ltr'><strong>deque</strong></span> <span class='ocrx_word' id='word_1_272' title='bbox 1301 2519 1546 2564; x_wconf 77' lang='lat' dir='ltr'><strong>agitationibus</strong></span> <span class='ocrx_word' id='word_1_273' title='bbox 1576 2528 1738 2563; x_wconf 86' lang='lat' dir='ltr'><strong>equorum</strong></span> 
     </span>
     <span class='ocr_line' id='line_1_39' title="bbox 298 2562 1741 2610; baseline 0.001 -16"><span class='ocrx_word' id='word_1_274' title='bbox 298 2562 509 2607; x_wconf 81' lang='lat' dir='ltr'><strong>voluptatem</strong></span> <span class='ocrx_word' id='word_1_275' title='bbox 539 2565 692 2609; x_wconf 84' lang='lat' dir='ltr'><strong>capiens.</strong></span> <span class='ocrx_word' id='word_1_276' title='bbox 739 2566 840 2600; x_wconf 88' lang='lat' dir='ltr'><strong>etiam</strong></span> <span class='ocrx_word' id='word_1_277' title='bbox 863 2565 1088 2610; x_wconf 84' lang='lat' dir='ltr'><strong>spiritualium</strong></span> <span class='ocrx_word' id='word_1_278' title='bbox 1112 2566 1297 2600; x_wconf 87' lang='lat' dir='ltr'><strong>liberorum</strong></span> <span class='ocrx_word' id='word_1_279' title='bbox 1325 2570 1424 2609; x_wconf 89' lang='lat' dir='ltr'><strong>pater</strong></span> <span class='ocrx_word' id='word_1_280' title='bbox 1441 2565 1567 2607; x_wconf 87' lang='lat' dir='ltr'><strong>fiebat,</strong></span> <span class='ocrx_word' id='word_1_281' title='bbox 1591 2563 1741 2598; x_wconf 76' lang='lat' dir='ltr'><strong>infantes</strong></span> 
     </span>
     <span class='ocr_line' id='line_1_40' title="bbox 301 2607 1739 2656; baseline 0.001 -16"><span class='ocrx_word' id='word_1_282' title='bbox 301 2607 476 2642; x_wconf 89' lang='lat' dir='ltr'><strong>mimorum</strong></span> <span class='ocrx_word' id='word_1_283' title='bbox 508 2616 544 2643; x_wconf 88' lang='lat' dir='ltr'><strong>et</strong></span> <span class='ocrx_word' id='word_1_284' title='bbox 570 2611 763 2655; x_wconf 86' lang='lat' dir='ltr'><strong>aurigarum</strong></span> <span class='ocrx_word' id='word_1_285' title='bbox 790 2622 852 2646; x_wconf 91' lang='lat' dir='ltr'><strong>ceu</strong></span> <span class='ocrx_word' id='word_1_286' title='bbox 872 2612 1041 2656; x_wconf 82' lang='lat' dir='ltr'><strong>benignus</strong></span> <span class='ocrx_word' id='word_1_287' title='bbox 1070 2616 1168 2655; x_wconf 87' lang='lat' dir='ltr'><strong>pater</strong></span> <span class='ocrx_word' id='word_1_288' title='bbox 1203 2610 1240 2643; x_wconf 88' lang='lat' dir='ltr'><strong>in</strong></span> <span class='ocrx_word' id='word_1_289' title='bbox 1268 2610 1356 2643; x_wconf 88' lang='lat' dir='ltr'><strong>ulnis</strong></span> <span class='ocrx_word' id='word_1_290' title='bbox 1377 2615 1538 2654; x_wconf 84' lang='lat' dir='ltr'><strong>gestans,</strong></span> <span class='ocrx_word' id='word_1_291' title='bbox 1563 2621 1583 2642; x_wconf 91' lang='lat' dir='ltr'><strong>e</strong></span> <span class='ocrx_word' id='word_1_292' title='bbox 1602 2608 1739 2642; x_wconf 80' lang='lat' dir='ltr'><strong>lavacro</strong></span> 
     </span>
     <span class='ocr_line' id='line_1_41' title="bbox 299 2653 1739 2701; baseline 0.001 -15"><span class='ocrx_word' id='word_1_293' title='bbox 299 2653 439 2688; x_wconf 90' lang='lat' dir='ltr'><strong>divinae</strong></span> <span class='ocrx_word' id='word_1_294' title='bbox 461 2656 735 2699; x_wconf 86' lang='lat' dir='ltr'><strong>regenerationis</strong></span> <span class='ocrx_word' id='word_1_295' title='bbox 767 2662 957 2701; x_wconf 84' lang='lat' dir='ltr'><strong>susceptos.</strong></span> <span class='ocrx_word' id='word_1_296' title='bbox 1003 2656 1121 2701; x_wconf 74' lang='lat' dir='ltr'><strong>itaque</strong></span> <span class='ocrx_word' id='word_1_297' title='bbox 1148 2655 1223 2689; x_wconf 82' lang='lat' dir='ltr'><strong>auri</strong></span> <span class='ocrx_word' id='word_1_298' title='bbox 1245 2666 1356 2689; x_wconf 86' lang='lat' dir='ltr'><strong>venae</strong></span> <span class='ocrx_word' id='word_1_299' title='bbox 1376 2655 1486 2688; x_wconf 87' lang='lat' dir='ltr'><strong>nullae</strong></span> <span class='ocrx_word' id='word_1_300' title='bbox 1508 2653 1739 2695; x_wconf 78' lang='lat' dir='ltr'><strong>sufficiebant,</strong></span> 
     </span>
     <span class='ocr_line' id='line_1_42' title="bbox 300 2699 1740 2737; baseline 0 -6"><span class='ocrx_word' id='word_1_301' title='bbox 300 2709 376 2732; x_wconf 88' lang='lat' dir='ltr'><strong>cum</strong></span> <span class='ocrx_word' id='word_1_302' title='bbox 405 2699 441 2733; x_wconf 87' lang='lat' dir='ltr'><strong>in</strong></span> <span class='ocrx_word' id='word_1_303' title='bbox 474 2704 528 2734; x_wconf 84' lang='lat' dir='ltr'><strong>tot</strong></span> <span class='ocrx_word' id='word_1_304' title='bbox 559 2706 753 2737; x_wconf 81' lang='lat' dir='ltr'><strong>stercoreos</strong></span> <span class='ocrx_word' id='word_1_305' title='bbox 787 2702 922 2736; x_wconf 86' lang='lat' dir='ltr'><strong>canales</strong></span> <span class='ocrx_word' id='word_1_306' title='bbox 960 2702 1234 2736; x_wconf 77' lang='lat' dir='ltr'><strong>exhaurirentur.</strong></span> <span class='ocrx_word' id='word_1_307' title='bbox 1288 2705 1404 2734; x_wconf 84' lang='lat' dir='ltr'><strong>vestes</strong></span> <span class='ocrx_word' id='word_1_308' title='bbox 1437 2713 1481 2734; x_wconf 89' lang='lat' dir='ltr'><strong>ex</strong></span> <span class='ocrx_word' id='word_1_309' title='bbox 1513 2711 1596 2734; x_wconf 90' lang='lat' dir='ltr'><strong>auro</strong></span> <span class='ocrx_word' id='word_1_310' title='bbox 1625 2699 1740 2732; x_wconf 79' lang='lat' dir='ltr'><strong>factae</strong></span> 
     </span>
     <span class='ocr_line' id='line_1_43' title="bbox 301 2743 1739 2796; baseline -0.002 -18"><span class='ocrx_word' id='word_1_311' title='bbox 301 2744 425 2788; x_wconf 85' lang='lat' dir='ltr'><strong>priscis</strong></span> <span class='ocrx_word' id='word_1_312' title='bbox 445 2747 488 2780; x_wconf 84' lang='lat' dir='ltr'><strong>ab</strong></span> <span class='ocrx_word' id='word_1_313' title='bbox 518 2745 785 2791; x_wconf 84' lang='lat' dir='ltr'><strong>imperatoribus</strong></span> <span class='ocrx_word' id='word_1_314' title='bbox 799 2773 809 2790; x_wconf 84' lang='lat'><strong>‚</strong></span> <span class='ocrx_word' id='word_1_315' title='bbox 846 2749 988 2782; x_wconf 86' lang='lat' dir='ltr'><strong>arbores</strong></span> <span class='ocrx_word' id='word_1_316' title='bbox 1014 2759 1139 2781; x_wconf 85' lang='lat' dir='ltr'><strong>aureae</strong></span> <span class='ocrx_word' id='word_1_317' title='bbox 1152 2773 1162 2791; x_wconf 89' lang='lat'><strong><em>,</em></strong></span> <span class='ocrx_word' id='word_1_318' title='bbox 1195 2757 1341 2780; x_wconf 88' lang='lat' dir='ltr'><strong>canorae</strong></span> <span class='ocrx_word' id='word_1_319' title='bbox 1367 2745 1543 2788; x_wconf 78' lang='lat' dir='ltr'><strong>aviculae,</strong></span> <span class='ocrx_word' id='word_1_320' title='bbox 1566 2743 1675 2778; x_wconf 86' lang='lat' dir='ltr'><strong>solido</strong></span> <span class='ocrx_word' id='word_1_321' title='bbox 1695 2753 1739 2796; x_wconf 68' lang='lat' dir='ltr'><strong>ex</strong></span> 
     </span>
     <span class='ocr_line' id='line_1_44' title="bbox 300 2790 1740 2838; baseline -0.001 -14"><span class='ocrx_word' id='word_1_322' title='bbox 300 2801 384 2825; x_wconf 78' lang='lat' dir='ltr'><strong>auro</strong></span> <span class='ocrx_word' id='word_1_323' title='bbox 406 2791 591 2826; x_wconf 80' lang='lat' dir='ltr'><strong>fabrefacti</strong></span> <span class='ocrx_word' id='word_1_324' title='bbox 621 2792 758 2837; x_wconf 89' lang='lat' dir='ltr'><strong>leones,</strong></span> <span class='ocrx_word' id='word_1_325' title='bbox 785 2793 897 2828; x_wconf 87' lang='lat' dir='ltr'><strong>omnia</strong></span> <span class='ocrx_word' id='word_1_326' title='bbox 922 2793 1078 2838; x_wconf 82' lang='lat' dir='ltr'><strong>denique</strong></span> <span class='ocrx_word' id='word_1_327' title='bbox 1101 2796 1300 2827; x_wconf 84' lang='lat' dir='ltr'><strong>ornamenta</strong></span> <span class='ocrx_word' id='word_1_328' title='bbox 1324 2790 1568 2836; x_wconf 82' lang='lat' dir='ltr'><strong>imperatoria,</strong></span> <span class='ocrx_word' id='word_1_329' title='bbox 1592 2799 1688 2833; x_wconf 77' lang='lat' dir='ltr'><strong>quae</strong></span> <span class='ocrx_word' id='word_1_330' title='bbox 1702 2798 1740 2822; x_wconf 74' lang='grc' dir='ltr'><strong>ιιι</strong></span> 
     </span>
    </p>
   </div>
  </div>
 </body>
</html>
