1864 3242
352 165 449 213 266
875 168 933 212 IN
967 169 1262 213 GEORGIUM

348 286 443 325 gora
466 286 551 313 sua
559 273 691 311 hausit
707 273 885 314 Phranza
911 276 981 314 lib.
1007 278 1025 317 1
1054 290 1087 314 c.
1106 279 1147 318 2.
1205 277 1255 315 cf.
1273 275 1533 358 Pachymeres
1554 277 1623 317 lib.
1644 281 1674 323 1
1695 281 1730 317 ὰ.
1749 281 1775 319 9

347 330 459 381 p.25
483 332 550 371 21.
605 331 706 368 Am.-

459 399 498 435 p
519 383 596 425 154
617 399 656 423 v.
678 383 742 426 14.
799 400 893 433 τους
910 381 1019 442 αὐτῷ
1033 384 1100 426 καὶ
1125 382 1355 440 στράτευμα]
1383 387 1642 442 Pachymeres
1659 369 1729 427 lib.
1750 390 1774 430 1

350 455 382 478 c·
408 442 459 482 10
479 454 517 490 Ρ.
536 443 590 482 26
619 443 657 481 9.
712 442 813 478 Am..

458 495 513 533 ib.
539 509 576 533 v.
600 497 664 536 19.
719 492 866 545 Ἀξιόν,
903 510 981 536 ιιοιι
1012 493 1159 546 Ἀξειόν
1187 511 1316 551 neque
1336 496 1504 548 Ναξειόν
1522 464 1776 538 'scribendum

348 557 438 588 nota
457 565 511 589 ex
527 553 682 590 Ioannis
703 553 868 590 Tzetzes
887 552 988 591 Chil.
1007 554 1057 594 10
1077 567 1114 592 v.
1134 556 1226 595 186-
1281 556 1382 593 Au..

456 607 512 645 ib.
574 604 746 656 Ναξειὸν
779 605 1034 660 ὀνομάζουσι]
1090 616 1192 647 certa
1229 617 1286 648 est
1321 617 1360 648 et
1396 607 1546 678 liquida
1587 574 1776 647 emenda·-

349 663 402 699 tio
432 665 553 701 nostri
579 665 759 712 meursii,
800 667 868 733 qui
892 665 1104 716 legendum
1129 667 1281 703 monuit
1301 662 1458 715 Ἀξειόν.
1512 677 1606 703 uam
1632 666 1782 703 veteri--

348 718 423 756 bus
454 718 663 757 Bardarius
691 720 829 759 fluvius
854 717 980 769 Ἀξιός
1008 720 1220 760 dicebatur.
1290 723 1400 760 testis
1433 723 1604 760 Zonaras
1630 721 1775 759 Annal.

347 780 443 811 tom.
465 778 489 816 3
507 777 549 812 in
566 777 712 813 Basilio
734 775 1081 828 Porphyrogenito.
1140 777 1188 815 de
1206 779 1312 815 Axio
1341 778 1458 815 fluvio
1482 778 1636 815 Nicetas
1660 776 1730 814 lib.
1749 779 1774 818 3

347 829 398 867 de
419 831 535 869 rebus
548 834 669 882 gestis
678 834 817 869 Isaaeii
834 834 990 884 Angeli,
1010 840 1048 870 et
1062 835 1187 871 multa
1202 831 1444 885 Nicephorus
1453 835 1643 884 Gregorae
1656 832 1774 872 lib.8.

347 885 452 923 hunc
470 885 662 925 Iohannes
682 890 845 926 Tzetzes
858 918 867 936 ‚
903 896 947 927 ut
973 896 1031 926 est
1057 889 1162 941 apud
1182 891 1372 928 Ortelium
1389 891 1432 927 in
1450 887 1654 927 Thesauro
1673 889 1776 927 Geo-

349 941 556 993 graphico,
593 944 803 990 Bardare,
840 944 1062 996 Sophiauus
1092 946 1261 983 Vardati
1280 951 1403 983 vocat.
1464 942 1712 994 corrigendus
1734 943 1777 982 in

347 997 422 1035 hac
447 1012 489 1036 re
515 998 680 1050 insignis
695 999 985 1051 Theophylacti
1012 1002 1120 1039 locus
1146 1003 1189 1038 in
1205 1002 1355 1052 Epist..
1382 997 1554 1066 θάτερον
1575 997 1617 1040 δὲ
1639 996 1685 1040 τὸ
1703 1014 1774 1039 του

347 1054 520 1119 γείτονος
539 1058 737 1105 ποταμοῦ,
768 1052 816 1096 ὃν
834 1055 865 1109 ἦ
880 1054 1028 1096 παλαια
1048 1055 1118 1108 μὲν
1137 1056 1214 1097 καὶ
1211 1055 1394 1107 Ἑλληνὶς
1414 1052 1563 1106 Ἀξιόν,
1599 1053 1630 1105 ἦ
1647 1053 1716 1095 νέα
1733 1052 1777 1095 δὲ

346 1109 414 1149 καὶ
447 1107 647 1162 βάρβαρος
681 1107 862 1161 ὀνομαζει
888 1109 1125 1164 Βαρδοὶριον.
1181 1126 1386 1164 perperam
1422 1114 1465 1150 in
1495 1125 1556 1150 ms
1592 1106 1778 1161 ὀνομάζει

346 1164 636 1219 Βαραουάριον.
693 1166 800 1218 quod
836 1169 1084 1205 observatum
1121 1181 1276 1219 quoque
1310 1169 1559 1219 sagacissimo
1591 1167 1775 1206 meursio.

347 1220 437 1261 vide
458 1222 725 1259 Glossarium
715 1236 756 1259 ιιι
774 1225 1058 1273 Βαρδαριῶται.
1114 1225 1274 1260 DousA.

456 1290 495 1326 p.
519 1278 597 1318 155
616 1291 654 1316 v.
673 1279 710 1317 9.
768 1277 793 1317 ὅ
810 1277 852 1317 δὲ
871 1276 1105 1330 Σκούτερις]
1137 1277 1260 1331 quid?
1292 1291 1342 1316 au
1365 1278 1536 1315 Scuteris
1552 1275 1618 1314 hio
1632 1289 1776 1316 nomen

344 1334 546 1383 proprium
558 1361 568 1380 ,
601 1345 651 1369 an
670 1333 918 1371 scribendum
935 1334 1156 1385 Σκουιέρης
1166 1350 1182 1381 ,·
1207 1333 1429 1386 Σκουτέρης
1445 1335 1527 1371 sive
1543 1331 1778 1383 Σκουτέριος

346 1387 466 1425 officii
494 1401 652 1426 nomen.
708 1389 859 1427 ferebat
879 1397 1033 1427 scutum
1060 1404 1104 1427 ac
1130 1391 1308 1428 labarum
1332 1391 1597 1440 imperatoris,
1627 1387 1776 1426 Codiuo

343 1450 455 1480 teste.
513 1457 632 1496 quem
654 1443 766 1492 vide,
806 1453 850 1483 ut
879 1453 918 1483 et
940 1448 1100 1483 Meursii
1125 1448 1365 1484 Glossarium
1391 1448 1435 1483 in
1460 1443 1535 1483 hac
1559 1458 1654 1482 voce
1677 1451 1715 1481 et
1735 1446 1777 1481 iu

344 1498 553 1551 διβέλλιον.
609 1499 846 1539 marchionis
868 1501 1097 1553 dignitatem
1118 1501 1303 1540 habuisse
1318 1501 1431 1540 docet
1441 1503 1630 1551 Gregoras
1649 1500 1717 1537 lib.
1736 1503 1776 1541 7.

344 1557 525 1593 meminit
551 1556 755 1595 cuiusdam
790 1558 944 1597 Glabae
971 1559 1140 1596 Scuterii
1159 1559 1448 1596 Cautacuzenus
1465 1557 1535 1595 lib.
1554 1559 1580 1598 ὃ
1604 1569 1688 1607 cap.
1709 1557 1775 1596 69.

343 1613 503 1650 Dousi.

453 1681 494 1718 P·
516 1667 595 1710 156
620 1682 659 1706 v·
691 1670 756 1710 10.
813 1665 1044 1723 Θεόδωρος]
1074 1668 1335 1722 Pachymeres
1352 1683 1392 1721 Ρ.
1411 1670 1464 1709 26
1486 1670 1540 1709 20
1561 1673 1673 1705 vocat
1688 1665 1776 1703 Ma-

343 1724 514 1761 nuelem.
570 1726 671 1762 Au..

451 1793 492 1830 Ρ.
515 1780 595 1821 162
609 1793 646 1817 v-
667 1782 707 1820 7.
763 1777 848 1819 ἐπεὶ
868 1777 910 1819 δὲ
929 1779 1210 1832 ἔναπελείφθη]
1230 1782 1420 1830 Gregoras
1439 1793 1479 1829 p.
1501 1780 1554 1819 60
1582 1779 1646 1819 12.
1674 1778 1775 1814 Am..

453 1834 507 1872 ih.
532 1847 570 1872 v.
595 1838 656 1875 10.
714 1835 782 1875 ἵνα
808 1833 849 1875 δὲ
877 1834 944 1875 καὶ
969 1832 1249 1888 εὐπρόσωπος]
1290 1838 1482 1886 Gregoras
1506 1847 1545 1885 P·
1564 1835 1616 1874 61
1641 1836 1680 1874 2.
1737 1839 1777 1869 et

342 1896 455 1939 nota,
499 1903 618 1942 quam
631 1891 858 1942 Acropolita
875 1893 1120 1942 imperatoris
1139 1893 1262 1930 filiam
1279 1899 1392 1930 vocat
1411 1894 1566 1928 Irenem
1583 1891 1775 1927 Constan-

341 1948 423 1983 tino
444 1946 605 1984 Toecho
625 1954 801 1998 nuptam,
823 1960 845 1984 a
863 1949 1034 1998 Gregora
1050 1951 1193 1996 vocari,
1222 1962 1301 1986 non
1320 1950 1403 1986 siue
1423 1947 1636 1984 memoriae
1648 1945 1774 1994 lapsu,

341 2001 616 2050 Theodoram3
642 2002 754 2055 vquod
770 2005 888 2040 etiam
906 2004 1007 2041 infra
1026 2006 1195 2042 inculcat
1212 2018 1251 2055 p.
1274 2006 1326 2045 63
1352 2006 1390 2044 6.
1446 2015 1616 2053 namque
1638 1998 1774 2038 Theo-

342 2058 458 2106 dora,
491 2058 825 2110 quemadmodum
854 2066 892 2096 et
918 2060 1114 2109 Eudocia‚
1142 2062 1329 2111 innuptae
1349 2063 1627 2097 remanserant.
1682 2062 1774 2092 nota

342 2117 461 2151 etiam
478 2114 780 2167 Pachymerium
797 2117 941 2154 Histor.
959 2117 1028 2155 lib.
1053 2121 1072 2159 1
1097 2131 1138 2169 Ρ.
1161 2117 1214 2159 35
1239 2120 1292 2158 22
1318 2123 1397 2154 tres
1423 2121 1577 2153 tantum
1594 2112 1656 2149 illi
1674 2111 1774 2148 filias

341 2171 534 2208 tribuisse.
591 2173 691 2210 Am..

450 2225 504 2262 ib.
531 2240 570 2264 v.
589 2231 657 2268 22.
713 2224 843 2281 νόσω]
875 2229 1066 2279 Gregoras
1084 2241 1125 2279 Ρ.
1144 2228 1196 2268 61
1216 2229 1293 2270 18.
1322 2226 1450 2264 morbi
1465 2225 1574 2262 illlus
1593 2229 1775 2275 naturam

342 2282 528 2333 exprimit
554 2282 833 2334 Pachymerius
854 2285 922 2321 111).
945 2286 983 2325 1.
1039 2286 1140 2321 ALL.

452 2351 493 2388 Ρ.
512 2338 588 2377 163
610 2352 647 2377 v,
669 2342 709 2379 2.
767 2337 863 2379 κατὰ
887 2340 1002 2392 σκέλη
1023 2340 1196 2390 τεσθείς]
1227 2337 1318 2377 dedi
1344 2335 1615 2386 manuscripti
1630 2332 1774 2371 codicis

343 2393 587 2443 scripturam.
617 2395 705 2444 lege
724 2398 1102 2445 κατασκελετισθείς,
1133 2402 1171 2432 et
1190 2395 1292 2431 infra
1310 2396 1424 2433 τοῦτο
1443 2389 1775 2443 συμπεριπλέκων.

342 2448 459 2486 huius
493 2450 569 2486 loci
609 2449 829 2487 emendatio
873 2450 1035 2488 debetur
1068 2451 1358 2501 elegantissimo
1393 2455 1431 2485 et
1460 2447 1775 2498 ingeniosissimo

342 2506 503 2542 Heinsio
523 2513 668 2544 nostro.
725 2507 885 2543 DonsA.

452 2560 506 2596 il)-
527 2575 564 2598 v-
584 2565 622 2602 3-
680 2577 722 2602 το
742 2558 977 2614 μοναδικόν]
1006 2562 1122 2612 paulo
1146 2568 1234 2598 ante
1253 2561 1424 2607 obitum,
1460 2565 1504 2596 ut
1525 2558 1658 2596 scribit
1676 2557 1775 2593 Gre-

342 2628 457 2666 goras
476 2629 516 2666 Ρ.
538 2618 589 2657 61
621 2620 686 2658 22.
744 2632 816 2655 nec
838 2617 1016 2656 dissentit
1033 2616 1210 2654 Phrauza
1230 2617 1298 2653 lib.
1322 2620 1340 2656 1
1367 2629 1452 2666 cap.
1474 2617 1521 2662 3,
1552 2621 1594 2650 ut
1615 2613 1683 2649 alii
1700 2612 1774 2651 viri

341 2674 536 2723 p1iucipes
561 2679 599 2710 et
617 2674 892 2724 imperatores,
932 2681 971 2711 et
998 2686 1050 2710 ex
1075 2673 1192 2722 vulgo
1221 2674 1444 2724 quicunque
1474 2671 1515 2706 in
1547 2682 1592 2706 ea
1617 2669 1774 2707 natione

341 2730 530 2778 pietatem
560 2730 786 2781 cultumque
820 2729 998 2767 divinum
1032 2730 1158 2766 colere
1187 2728 1311 2766 videri
1342 2728 1500 2773 volunt,
1547 2726 1774 2762 imminente

342 2791 466 2821 mone
499 2785 626 2823 facem
659 2799 835 2825 suevere.
901 2786 1063 2838 paulum
1088 2786 1193 2822 enim
1217 2791 1428 2836 antequam
1463 2783 1541 2821 vita
1569 2778 1774 2826 excedant,
