1924 3242
314 182 410 227 302

309 287 481 323 Bardanio
518 287 690 332 imperium
727 287 876 323 oblatum
913 287 1013 325 4579.

354 333 398 368 de
412 332 576 367 Bardanio
592 332 784 367 vaticinium
798 333 900 369 4590.

308 379 453 413 Basilius
469 390 489 412 a
503 378 657 422 Bulgaris
674 379 804 424 capitur
819 379 921 415 5207.

309 424 453 458 Basilius
477 423 619 468 imperio
645 424 832 458 labascenti
847 425 1013 460 succurrit

307 514 452 550 Basilius
487 514 631 548 Macedo
677 515 860 558 imperator
909 516 1009 551 5172.

352 560 423 594 eius
439 563 532 593 ortus
558 560 658 595 5190.
703 560 886 595 liberalitas
911 562 1010 596 5812.

350 605 555 639 Theodorae
570 605 613 639 de
628 617 668 640 eo
684 607 894 652 praesagium
910 607 1010 642 5184.

305 650 450 731 Bagiclissas
510 650 666 697 princeps
718 652 1011 686 victoriosissimus

305 741 452 776 Basilius
468 742 503 776 Π
519 742 664 776 Romani
680 743 725 777 F.
743 753 817 777 cum
832 743 940 776 fratre
956 754 1011 776 re-

349 799 423 821 rum
440 787 570 832 potitur
589 788 691 824 5912.
728 788 801 822 eius
818 799 873 822 res
894 792 1010 832 gestae

351 833 450 867 5920.
498 844 589 867 mors
606 834 707 869 6024.

305 878 486 914 Basiliscus
517 879 619 914 2910.
681 890 762 912 auro
786 879 1010 925 corrumpitur

350 925 453 958 2928.
499 923 672 969 imperium
689 924 818 958 invadit
832 926 934 960 2979.

305 969 490 1004 Belisarius
519 969 692 1014 imperium
715 970 899 1004 Iustiniano
930 982 1011 1004 con-

353 1019 471 1049 servat
484 1015 586 1050 3215.
634 1015 788 1049 Belisarii
814 1027 869 1049 res
893 1020 1011 1059 gestae

352 1061 455 1096 3136.
507 1060 729 1094 lamentabilis
745 1072 841 1095 casus
855 1062 956 1096 3230.

306 1105 590 1149 Bellerophontes
603 1107 704 1140 6616.

306 1151 429 1185 bellum
444 1151 630 1185 Troianum
648 1152 747 1185 1108.

306 1197 547 1230 Bethlehemae
561 1196 712 1229 miseriae
726 1198 828 1231 4007.

307 1242 410 1275 Belus
428 1241 638 1285 Assyriorum
654 1252 715 1275 rex
732 1242 811 1275 536.

306 1287 511 1320 bibliotheca
526 1286 751 1320 Alexandrina
766 1286 847 1320 950.

305 1332 510 1365 bibliotheca
538 1331 634 1364 libris
665 1331 801 1364 tricenis
835 1333 870 1364 et
900 1330 1008 1364 tribus

347 1377 508 1410 librorum
524 1376 658 1410 milibus
673 1380 832 1410 constans
842 1387 915 1409 cum
923 1376 1010 1409 duo-

349 1422 457 1456 decim
472 1421 642 1455 monachis
658 1426 806 1455 cremata
821 1422 925 1456 4297.

301 1466 484 1502 Bocchoris
499 1465 746 1510 Aegyptiorum
760 1478 821 1500 rex
836 1465 937 1501 4856.

302 1513 500 1548 Botoniates
536 1511 701 1546 Nicaeam
731 1517 877 1557 occupat
907 1513 1008 1547 6671.

348 1568 463 1593 socors
477 1556 580 1593 6685.

302 1604 402 1639 Bruti
426 1603 605 1637 amentiam
633 1602 816 1636 simulantis
840 1602 1010 1636 calliditas

348 1650 448 1685 1714.
497 1649 568 1682 eius
593 1648 766 1681 donarium
793 1649 892 1682 1729.
938 1651 1010 1680 ter-

347 1706 419 1728 ram
433 1694 646 1727 exosculatur
673 1694 771 1728 1744.
817 1693 943 1726 Brutus
957 1696 1009 1725 at-

347 1751 415 1784 que
463 1738 653 1772 Collatinus
699 1738 799 1783 primi
845 1737 1010 1771 Consules

302 1829 512 1874 Bucephalas
531 1830 631 1863 1786.

303 1885 443 1928 Bulgari
460 1896 481 1918 a
496 1884 622 1918 Basilio
638 1884 672 1918 11
687 1883 770 1918 victi
785 1884 886 1919 5973.

302 1940 504 1985 Byzantium
521 1952 542 1974 a
557 1941 708 1976 chosroe
723 1941 892 1975 obsidetur
907 1941 1008 1976 3687.

350 1987 519 2067 gytzlpptgll
521 1987 735 2066 41²131iraculum
759 1987 861 2022 2266.
907 1987 1009 2020 miser

306 2089 549 2132 Byzantiorum
586 2088 743 2133 oppidum
782 2090 1010 2122 restauratum

350 2135 451 2168 2348.
496 2134 676 2176 Byzantiis
698 2134 884 2167 diceratum
903 2134 1011 2179 impo-

353 2180 453 2212 situm
468 2179 569 2215 4569.

308 2224 462 2258 cabades
478 2224 656 2258 Persarum
673 2235 733 2257 rex
747 2225 850 2258 2956.

305 2280 431 2313 Caesar
446 2280 569 2324 primus
586 2280 674 2325 apud
691 2281 861 2314 Romanos
877 2291 1009 2314 monar-

350 2326 414 2358 cha
443 2326 522 2359 967.
582 2325 672 2358 solus
713 2336 821 2358 rerum
861 2326 1009 2360 dominus

351 2370 449 2405 1759.
488 2370 636 2404 dictator
653 2371 751 2404 1766.
793 2371 913 2414 quibus
929 2383 1008 2405 cae-

349 2425 405 2448 sus
426 2416 522 2449 1829.
572 2415 699 2448 Caesar
731 2415 846 2458 lingua
875 2417 1006 2450 Punica

348 2464 386 2494 ut
416 2464 512 2493 sonet
544 2461 644 2495 1818.
715 2460 873 2494 Caesaris
911 2462 1008 2505 pueri

348 2505 521 2540 somnium.
589 2504 737 2538 eiusdem
769 2516 875 2550 equus
907 2508 1006 2541 1781.

348 2562 421 2584 cum
437 2550 680 2584 IuliaNeronis
697 2561 800 2584 uxore
817 2551 1006 2594 coniugium

348 2596 444 2630 1789.
490 2607 609 2629 nomen
626 2595 712 2629 unde
730 2597 827 2631 1801.
874 2596 1006 2640 insigne

346 2641 475 2674 facinus
502 2642 602 2675 1814.
648 2644 788 2675 mortem
814 2652 901 2686 quae
926 2654 1006 2687 por-

348 2686 519 2719 tenderint
537 2685 636 2720 1825.

303 2733 431 2766 Caesar
455 2733 628 2774 Augustus
654 2730 866 2767 Octavianus
897 2731 1006 2778 impe-

347 2781 441 2810 rator
458 2778 555 2812 1832.

305 2821 431 2856 Cainus
452 2821 618 2856 homicida
638 2821 796 2867 princeps
819 2822 898 2857 361.
946 2831 1004 2856 au-

782 181 965 225 mDEx
1006 161 1352 226 msromcUs.

1105 290 1179 322 ctor
1208 287 1426 323 munitionum
1453 292 1489 323 et
1509 287 1763 324 latrociniorum

1058 379 1100 414 Ο.
1117 378 1274 424 Caligula
1297 379 1481 425 imperator
1503 379 1636 424 quando
1649 379 1763 415 factus

1101 425 1179 459 993.
1233 425 1395 459 incestum
1435 426 1612 459 committit
1661 425 1761 461 1996.

1103 470 1175 503 eius
1191 470 1370 504 crudelitas
1399 475 1433 504 et
1448 471 1541 505 foedi
1556 481 1680 512 mores,
1703 470 1760 505 lu·-

1101 526 1177 557 xus,
1194 516 1305 549 obitus
1321 517 1410 550 2002
1425 527 1501 561 sqq.
1742 539 1744 543 -

1057 560 1239 594 Callinicus
1258 561 1448 605 patriarcba
1463 567 1621 595 caecatur
1633 560 1751 596 3982*

1058 606 1263 651 Calpurniae
1278 606 1438 640 somnium
1453 606 1496 640 de
1511 605 1615 640 caede
1628 604 1760 643 Gaesa-

1102 654 1151 685 ris
1169 652 1268 685 1825.
1699 655 1702 660 '

1058 697 1243 740 Cambyses
1267 695 1353 739 Cyri
1377 695 1467 730 filius
1493 696 1638 741 imperat
1677 695 1760 731 861.

1103 742 1283 784 Cambysis
1298 742 1460 775 somnium
1476 743 1554 776 861.
1671 770 1674 774 .

1057 787 1238 822 Candaulis
1276 797 1406 830 genus,
1441 787 1578 821 stultum
1616 785 1760 827 facinus,

1102 844 1197 874 uxor,
1225 833 1345 876 quibus
1362 833 1548 877 imperarit,
1573 842 1634 867 sua
1647 830 1759 867 stulti-

1103 880 1149 912 tia
1165 878 1255 923 perit
1270 878 1336 912 813
1351 889 1427 922 sqq.

1057 923 1215 968 Capitolii
1228 934 1346 956 nomen
1361 923 1450 956 unde
1466 923 1566 957 1675.

1056 969 1276 1014 Cappadocia
1291 969 1387 1012 regio
1403 968 1596 1002 felicissima
1611 965 1719 1002 3664.

1056 1016 1267 1059 captivorum
1294 1016 1337 1048 12
1363 1013 1454 1047 milia
1477 1014 1578 1047 morti
1598 1012 1758 1048 addicun-

1105 1065 1162 1093 tur
1177 1060 1278 1095 3546.

1057 1105 1212 1138 carnibus
1231 1104 1400 1138 volucrum
1415 1103 1502 1148 pluit
1519 1103 1618 1139 1066.

1057 1150 1200 1183 Carulus
1231 1150 1434 1183 Francorum
1464 1148 1619 1193 princeps
1657 1146 1758 1184 4504.

1103 1196 1230 1228 Romae
1245 1195 1432 1238 imperator
1447 1193 1642 1237 designatur
1655 1191 1758 1228 4615.

1055 1241 1175 1274 Celtae
1188 1251 1208 1273 a
1224 1251 1290 1284 quo
1305 1239 1474 1283 subiugati
1489 1239 1592 1273 2148.
1734 1264 1736 1266 .

1055 1286 1224 1328 chaganus
1240 1285 1445 1327 Scytharum
1461 1294 1523 1317 rex
1535 1281 1637 1318 3524.
1685 1281 1758 1316 eius

1099 1330 1242 1363 immane
1277 1330 1403 1363 factum
1443 1327 1545 1363 3546.
1618 1326 1759 1373 perfidia

1054 1421 1221 1454 Chalanes
1236 1420 1339 1453 turris
1357 1419 1436 1454 458.
1451 1419 1553 1454 5602.

1055 1466 1375 1499 chalcedonensium
1391 1476 1566 1499 caecorum
1586 1464 1758 1498 civitas-ut

1100 1511 1228 1545 exstrui
1253 1510 1405 1555 coeperit
1426 1515 1461 1544 et
1483 1509 1602 1555 perfici
1617 1509 1759 1544 desierit

1056 1602 1301 1636 Chaldaeorum
1338 1601 1445 1635 fames
1496 1601 1575 1635 516.

1056 1644 1551 1726 οξέἕὲἰίἑῖῗὲἒξιὲὢῗὲἒῑη.
1598 1690 1759 1725 maest...

1101 1738 1207 1771 evulsi
1226 1738 1324 1772 1086.

1056 1782 1332 1816 Chersonitarum
1348 1781 1518 1825 calamitas
1539 1779 1642 1816 4005.

1056 1827 1210 1861 Cherson
1222 1828 1385 1872 populosa
1402 1826 1505 1861 4018.

1055 1872 1225 1906 Chosroes
1255 1873 1435 1906 Persarum
1464 1881 1526 1905 rex
1554 1870 1665 1906 Asiam
1696 1869 1759 1904 de-

1100 1918 1281 1963 praedatur
1295 1918 1394 1952 3670.
1583 1953 1590 1958 ,

1057 1963 1286 2007 Chrysaphius
1308 1963 1478 1997 eunuchus
1507 1961 1650 1995 infestus
1671 1960 1758 1994 Pul-

1101 2009 1234 2041 cheriae
1270 2007 1372 2043 2758.
1440 2007 1512 2041 eius
1553 2005 1686 2040 exilium
1722 2008 1757 2039 et

1102 2065 1188 2087 mors
1205 2055 1304 2088 2762.
1319 2052 1419 2087 2775.

1056 2099 1274 2143 chrysargyri
1291 2097 1426 2132 abolitio
1442 2096 1544 2132 3085.

1056 2144 1275 2189 Chrysopolis
1288 2144 1371 2177 situs
1385 2143 1486 2176 5491.

1056 2189 1181 2223 Christi
1197 2189 1354 2222 nativitas
1371 2188 1471 2223 1930.
1518 2189 1639 2219 natura
1657 2186 1755 2223 1931.

1101 2234 1234 2279 quando
1271 2234 1306 2267 in
1343 2243 1474 2266 crucem
1512 2237 1607 2265 actus
1655 2232 1754 2266 1982.

1099 2281 1169 2313 eius
1183 2280 1416 2313 interfectores
1431 2277 1578 2311 accusati
1594 2280 1631 2310 et
1647 2281 1755 2310 morte

1098 2324 1230 2358 multati
1249 2325 1347 2360 1989.

1052 2370 1085 2403 in
1109 2369 1319 2404 Christianos
1340 2368 1579 2413 imperatorum
1610 2367 1756 2402 saevitia

1100 2419 1135 2449 et
1148 2414 1328 2448 crudelitas
1342 2415 1443 2449 2289.

1054 2459 1327 2494 Chusarsathemi
1352 2459 1432 2502 Syri
1457 2462 1617 2502 satrapae
1639 2457 1674 2491 in
1699 2456 1753 2490 Is-

1097 2505 1266 2539 raeliticos
1283 2504 1466 2538 crudelitas
1481 2504 1583 2538 4392.

1052 2550 1210 2585 Claudius
1250 2549 1431 2594 imperator
1473 2548 1607 2593 quando
1645 2549 1755 2582 factus

1094 2597 1195 2630 2010.
1241 2595 1398 2639 quamdiu
1412 2593 1598 2639 praefuerit
1612 2592 1753 2637 imperio

1093 2639 1196 2675 2015.
1242 2639 1313 2674 eius
1328 2651 1429 2683 mors,
1451 2639 1563 2673 obitus
1583 2643 1619 2673 et
1632 2641 1752 2672 natura

1093 2685 1162 2718 ibd.

1050 2730 1235 2774 Cleopatra
1265 2730 1307 2763 ab
1340 2730 1491 2773 Augusto
1531 2733 1632 2775 capta
1669 2728 1750 2763 960.

1094 2786 1230 2819 regnum
1245 2775 1352 2808 amisit
1366 2776 1447 2810 961.

1051 2820 1325 2866 Clytaemnestra
1339 2823 1513 2867 perempta
1525 2819 1625 2856 1471.

1644 1610 1757 1635 eorum
