1872 3236
236 352 266 386 C

227 1166 261 1200 D

286 165 382 211 192
678 169 1056 240 CONSTANTINI
1084 132 1350 219 MANASSIS

417 280 570 338 μητρὸς
586 282 736 335 μανίαν
754 283 810 334 εἷς
827 282 915 327 υἱόν
922 303 938 339 ‚·
972 285 1019 328 αἲ
1034 284 1195 338 πάθους
1215 289 1432 345 φιλαρχίας
1449 294 1465 330 !

421 349 468 390 οὐ
493 348 693 404 πάρδαλις
711 351 936 405 ἓκμαίνεται
951 354 1055 396 κατὰ
1073 359 1154 397 τῶν
1171 354 1356 410 σκύμνων
1373 356 1518 407 οὕτως·

416 416 491 470 οὐχ
511 415 639 468 οὕτως
660 418 902 476 ἄγριαίνεται
923 421 1026 465 κατὰ
1045 427 1124 466 τῶν
1144 425 1368 466 σκυλακίων

281 483 390 526 4475
419 485 465 527 οὐ
488 486 635 541 τίγρις,
670 487 764 530 οὐδὲ
784 487 989 546 κάρχαρος
1009 491 1101 533 οὐδὲ
1120 490 1331 546 λυσσώδης
1356 491 1474 534 κύων.

414 551 609 607 Μήδειαν
624 553 750 611 μόνην
771 558 951 613 λέγουσιν
969 559 1118 609 τέκνοις
1138 559 1433 613 ἐπιβουλεῦσαι,

416 622 484 663 καὶ
508 620 658 678 ταύτην
681 623 759 666 ἀπὸ
781 628 988 681 Σκυθικῆς
1011 626 1396 683 ἅγριογναῃιοσύνης.

414 687 539 743 μόνον
561 690 696 734 ἀκούω
715 692 785 735 τὸν
810 695 931 748 ἰχθὺν
952 693 1021 736 τὸν
1042 697 1255 751 πελαγίτην
1274 694 1424 738 θύννον

413 756 658 802 πεινάσαντα
679 769 948 819 καταρροφεΐν
968 762 1038 805 τὸν
1061 761 1178 818 γόνον
1194 764 1264 806 τὸν
1286 766 1444 816 οἰκεῖον,

278 823 393 869 4480
419 825 517 868 ἄλλο
540 827 580 868 δ’
607 828 722 870 οὐδὲν
744 830 817 871 οὐκ
839 829 1016 886 ἴνυγρον,
1052 831 1146 873 ἀλλ’
1173 832 1266 874 οὐδὲ
1279 829 1552 889 χερσοπόρον·

415 894 457 935 αἱ
479 895 556 952 γὰρ
573 897 799 940 Εἰλείθυιαι
821 899 945 940 δειναὶ
962 900 1139 957 μητέρας
1161 902 1406 944 δυσωποῦσι.

415 961 515 1017 ἔσβη
535 963 586 1005 τὰ
604 967 877 1020 σελαγίσματα
897 964 985 1009 τότε
1007 968 1060 1009 τὰ
1077 972 1151 1010 τοῦ
1172 967 1410 1026 φωσφόρου,

418 1035 507 1087 φῶς
525 1032 597 1073 οὐκ
618 1033 750 1075 ἐδίδου
772 1036 1030 1091 λαμπραυγὲς
1052 1037 1312 1093 παντοφανὴς
1335 1036 1355 1078 ὃ
1377 1035 1533 1092 λύχνος,

416 1099 558 1153 ἓπέμυε
579 1099 625 1142 τὸ
644 1102 852 1159 βλέφαρον
874 1100 899 1157 ἡ
921 1102 1163 1160 φωτοφόρος
1184 1103 1297 1160 κόρη,

285 1163 393 1208 4485
419 1165 542 1223 ζόφος
563 1167 605 1209 δ’
632 1167 845 1225 ἓφήπλωτο
866 1170 1006 1223 βαθὺς
1026 1173 1087 1213 ἐπὶ
1109 1179 1274 1224 συχναῖς
1296 1169 1484 1226 ἡμέραις·

414 1236 482 1276 καὶ
504 1235 557 1277 τὰ
577 1243 753 1290 στοιχεῖα
773 1237 851 1294 γὰρ
875 1238 979 1281 αὐτὰ
995 1238 1068 1291 τὴν
1085 1238 1302 1294 συμφορὰν
1320 1238 1528 1280 ἐπένθουν.

415 1303 462 1344 αἲ
478 1301 615 1352 πάθος
636 1302 866 1357 ἐλεούμενον
885 1307 1054 1361 οἰκτρῶς
1073 1306 1140 1346 καὶ
1164 1312 1248 1355 τοῖς
1270 1303 1476 1359 ἀψύχοιςέ
1537 1301 1539 1306 ⁴

415 1368 521 1412 οὕτω
547 1371 590 1412 δὲ
611 1375 728 1413 τοῦτο
753 1370 941 1428 δράσασα
963 1371 1009 1414 τὸ
1027 1370 1257 1426 πάντολμον
1279 1374 1404 1427 ἐκείνη

416 1438 630 1495 ἅρχηγετεῖ
648 1441 714 1481 καὶ
734 1446 930 1496 μοναρχεΐ
948 1443 1085 1495 (τοῦτο
1111 1442 1178 1482 καὶ
1198 1441 1276 1498 γὰρ
1298 1438 1456 1496 ἐπόθει)

279 1503 390 1547 4490
414 1508 481 1548 καὶ
504 1504 608 1561 μόνη
633 1505 916 1563 περιζιῦννυται
942 1508 1015 1563 τὴν
1038 1509 1367 1565 αὐτοκρατορίαν.

486 1573 590 1617 Τότε
609 1577 676 1617 καὶ
693 1574 828 1632 Ῥώμῃ
847 1580 897 1632 τῇ
916 1579 1085 1635 λαμπρᾷ
1094 1608 1107 1628 ,
1143 1581 1194 1633 τῇ
1215 1577 1392 1636 γηραλέα
1410 1574 1559 1634 Ῥώμῃ,

416 1640 536 1698 λόγου
560 1644 627 1685 καὶ
647 1641 808 1698 μνήμης
831 1643 943 1694 ἄξιον
964 1643 1132 1700 πρᾶγμά
1151 1662 1190 1686 τι
1213 1645 1454 1700 συνηνέχθη.

414 1705 465 1751 ’ῗΛν
488 1708 707 1765 ἆγιστεύων
725 1713 767 1754 έν
786 1711 888 1767 αὐτῇ
908 1712 983 1762 τὰς
1006 1712 1115 1768 ἱερὰς
1133 1714 1284 1762 θυσίας

416 1782 495 1819 τῶν
519 1778 654 1822 ἄλλων
670 1796 712 1822 τε
734 1777 997 1837 πρωτόαρχος
1018 1778 1235 1837 ἶεροπόλων
1251 1780 1397 1822 Λέων·

279 1845 388 1889 4495
414 1844 552 1897 πάπας
572 1845 883 1903 κατονομάζεται
901 1852 954 1905 τῇ
972 1852 1051 1891 τῶν
1062 1847 1270 1902 Ῥωμαίων
1286 1846 1463 1904 γλώσσῃ.

373 1954 465 1989 4472
484 1951 613 1994 πάθος
637 1953 703 1988 AR
856 1954 948 1990 4480
967 1951 1060 1999 οὐκ]
1089 1952 1161 1990 οὐδ
1171 1951 1181 1967 ’
1205 1954 1275 1989 ΑΜ
1433 1954 1526 1990 4484
1543 1953 1684 2000 ἅπέμυε
1704 1958 1738 1992 R

374 1998 622 2043 φωτοτρόφος
642 2002 674 2034 Α
775 1999 867 2035 4487
891 2000 1040 2045 οἰκτρὸν
1059 2002 1125 2036 AR
1215 2000 1376 2035 versibus
1393 2000 1482 2036 4491
1494 2002 1638 2037 —4527
1656 2014 1737 2037 usus

374 2051 430 2078 est
446 2046 489 2079 P.
511 2045 680 2080 Pithoeus
698 2044 823 2080 Annal.
849 2051 885 2080 et
902 2046 986 2081 hist.
1007 2048 1137 2082 Franc.
1161 2046 1326 2093 scriptor.
1352 2052 1511 2082 coaetan.
1529 2059 1566 2093 p.
1585 2049 1736 2083 290—1

373 2091 431 2125 ed.
454 2092 680 2126 Francofurt.
781 2090 872 2127 4495
893 2090 1031 2137 γλώττῃ
1053 2093 1087 2127 R

283 2180 343 2214 hei
361 2181 560 2216 dominandi
582 2182 779 2216 libidinem!
827 2193 896 2216 non
927 2182 980 2217 sic
1006 2182 1158 2228 pardalis
1189 2193 1270 2217 suos
1295 2182 1462 2217 adversus
1485 2183 1618 2217 catulos
1639 2185 1738 2229 furit,

283 2238 354 2261 non
380 2227 434 2260 ita
458 2228 573 2260 saevit
592 2228 630 2261 in
651 2228 803 2262 sobolem
829 2228 951 2272 tigris,
992 2240 1061 2262 non
1080 2240 1186 2274 aper,
1210 2240 1279 2262 non
1298 2228 1400 2262 canis>
1418 2228 1584 2264 furiosus.
1631 2230 1740 2265 solam

283 2273 445 2306 Medeam
466 2273 539 2306 suis
558 2272 677 2307 liberis
697 2273 892 2307 insidiatam
912 2274 1108 2318 perhibent,
1133 2279 1169 2308 et
1186 2273 1326 2318 quidem
1348 2286 1391 2308 ex
1411 2273 1623 2310 immanitate
1647 2278 1739 2320 Scy-

284 2318 392 2352 thica.
439 2317 547 2351 solum
565 2319 733 2361 thynnam
753 2318 868 2361 audio,
895 2319 1027 2363 piscem
1050 2319 1228 2363 marinum,
1252 2318 1283 2352 si
1306 2319 1447 2363 esuriat,
1479 2320 1632 2355 sobolem
1655 2333 1739 2367 pro-

282 2363 394 2408 priam
413 2362 605 2406 deglutire3
640 2375 704 2396 nec
728 2363 831 2396 ullum
850 2363 943 2398 aliud
961 2364 1085 2398 animal
1104 2376 1199 2408 esse,
1234 2364 1291 2397 vel
1315 2364 1466 2408 aquatile
1484 2366 1540 2400 vel
1558 2372 1738 2411 terrestre,

283 2410 377 2454 quod
399 2408 568 2442 eiusmodi
588 2409 749 2452 quiddam
768 2414 960 2454 perpetret.
992 2410 1122 2455 quippe
1145 2409 1377 2456 parturigines
1395 2410 1494 2454 ipsae
1513 2413 1557 2446 ad
1581 2413 1722 2447 efficien

283 2457 361 2488 dam
385 2454 423 2487 in
445 2454 613 2488 matribus
635 2454 867 2487 reverentiam
890 2466 974 2498 erga
1000 2455 1153 2489 sobolem
1179 2455 1422 2489 efficacitatem
1445 2456 1653 2501 singularem
1670 2459 1738 2492 'ha-

283 2502 381 2535 bent.
428 2505 512 2533 tunc
531 2505 567 2533 et
585 2499 669 2533 solis
687 2498 851 2543 splendor
869 2501 1042 2534 extinctus
1062 2507 1117 2534 est
1135 2505 1171 2534 et
1190 2500 1270 2533 luna
1290 2501 1432 2545 defecit,
1455 2507 1491 2536 et
1509 2503 1740 2549 compluribus

285 2547 408 2580 diebus
431 2545 554 2589 iugens
583 2545 694 2588 caligo
724 2545 810 2578 fuit:
844 2544 1000 2578 nimirum
1023 2548 1101 2590 ipsa
1125 2545 1293 2580 elementa
1317 2547 1537 2582 Constantini
1564 2549 1739 2583 calamita-

285 2597 355 2626 tem
377 2591 618 2636 deplorabant.
642 2590 710 2623 heu
728 2589 862 2623 facinus
881 2590 1041 2624 inanimis
1061 2591 1165 2624 etiam
1182 2592 1286 2624 rebus
1304 2591 1520 2628 miserabile!
1544 2600 1614 2628 tam
1630 2595 1740 2629 atroci

282 2636 419 2682 flagitio
444 2636 625 2680 designato
648 2635 721 2669 sola
743 2635 906 2680 deinceps
928 2636 1032 2671 Irena
1048 2642 1192 2681 regnat:
1217 2638 1310 2681 quod
1328 2648 1430 2671 unum
1451 2650 1535 2674 sane
1554 2640 1739 2685 quaesive-

284 2689 352 2727 rat,
384 2682 458 2716 sola
475 2682 544 2715 sibi
569 2687 714 2726 usurpat
730 2680 924 2726 imperium.

375 2728 417 2762 Id
435 2727 601 2772 temporis
621 2727 726 2760 etiam
748 2726 1000 2761 illustrissimae
1026 2726 1157 2760 Romae
1183 2727 1296 2761 veteri
1322 2728 1485 2772 quiddam
1505 2730 1650 2775 accidit,
1687 2730 1740 2764 di—

288 2784 391 2818 gnum
409 2774 501 2818 quod
527 2773 704 2806 literarum
727 2772 954 2806 monumentis
976 2772 1162 2807 memoriae
1185 2774 1365 2818 prodatur.
1412 2781 1489 2809 erat
1508 2777 1545 2810 in
1563 2789 1605 2810 ea
1622 2787 1740 2810 sacro—

288 2830 363 2854 rum
385 2819 532 2854 antistes
554 2818 651 2864 Leo,
682 2817 893 2864 reliquorum
916 2819 1133 2855 sacerdotum
1155 2818 1306 2866 primus,
1329 2831 1431 2865 quem
1449 2821 1604 2857 Romana
1624 2821 1743 2868 lingua
