1872 3236
480 177 856 226 mmmmm
893 178 1242 226 cuuomcum.
1393 162 1395 164 ’
1502 179 1595 226 179

262 295 328 343 ἐπὶ
352 295 468 340 δυσὶν
489 291 722 338 αῧτάνακτα
741 293 907 351 χρόνοις
927 294 1232 352 ἀναδειχθέντα.

227 409 230 414 ,
265 361 287 408 ὅ
307 359 387 423 γάρ
409 380 474 408 τοι
492 362 757 421 θηριώιηιμος
775 364 818 414 ἐξ
831 363 1040 420 Ἰσαυριάς
1057 366 1197 418 Λέων,

126 432 238 478 4165
261 430 283 477 ὃ
309 435 378 477 καὶ
397 433 536 489 ψυχὴν
562 433 629 475 καὶ
647 427 828 487 τοῦνομα
850 433 917 474 καὶ
938 433 1113 488 τρόπους
1129 431 1355 492 θηριώδης,

262 503 339 558 τὴν
354 506 428 558 τῆς
452 499 760 558 πατρικιότητος
774 500 1063 544 καταπλουτῶν
1081 502 1197 552 ἀξίαν

263 573 331 614 καὶ
348 573 584 629 στρατηγῶν
606 572 672 612 καὶ
691 571 955 627 στραταρχῶν
976 569 1191 625 ταγμάτων
1215 572 1296 615 τῶν
1317 569 1441 632 ἑῴων,

261 640 514 683 ἀποστασίαν
531 642 680 699 μελετᾷ
692 636 796 681 κατὰ
821 637 1058 689 Θεοδοσίου,

263 705 559 767 συμπράκτορα
581 705 850 765 συντυρευτὴν
871 710 951 750 τῶν
977 703 1343 762 δολοπλοκημάτων

126 774 239 821 4170
261 777 494 835 ἓφευρηκῶς
507 775 802 833 Ἀρτάβασδον,
834 771 965 832 ἄνδρα
984 779 1065 819 τῶν
1086 774 1323 833 περιδόξων,

262 840 297 904 ᾧ
321 848 389 889 καὶ
411 850 568 901 συνῆψε
590 845 664 900 τὴν
683 843 810 887 ‹ai-1017
831 844 934 902 πρὸς
955 842 1087 900 γάμον
1109 844 1335 902 θυγατέρα,

261 913 360 958 ὅταν
379 912 618 971 εἰσώρουσεν
641 909 662 956 ὃ
685 914 771 971 θὴρ
795 912 851 963 εἷς
869 912 921 956 τὰ
933 909 1146 967 Ῥωμαίων
1166 917 1366 970 σκῆπτρα,

214 978 218 985 ’
259 982 411 1039 ταύτην
434 980 573 1034 διδοὺς
597 978 851 1037 άνταμοιβὴν
870 986 929 1039 τῷ
952 985 1132 1039 συνεργῷ
1151 987 1225 1024 τοῦ
1246 979 1435 1039 κράτους.

262 1049 285 1094 ὅ
306 1052 347 1095 d’
375 1051 478 1104 ἅναξ
503 1050 725 1102 Θεοδόσιος
745 1055 819 1094 τοῦ
836 1050 1023 1101 Λέοντος
1040 1048 1086 1093 τὸ
1104 1049 1266 1108 θράσος

125 1118 237 1163 4175
260 1123 330 1164 καὶ
349 1121 424 1177 τὴν
442 1118 758 1179 θηριογνῶμονα
779 1121 951 1177 καρδίαν
971 1117 1205 1174 ὑποπτήξας

261 1196 504 1247 παραχωρεῖ
521 1194 580 1247 τῷ
602 1191 793 1243 δυσμενεΐ
807 1194 879 1231 τοῦ
899 1186 1053 1245 θρόνου
1072 1190 1140 1230 καὶ
1159 1192 1234 1231 τοῦ
1254 1189 1440 1247 στίφους,

262 1255 365 1302 ἔκὼν
382 1258 510 1300 ἀέκων
531 1252 733 1307 ὑπεκστὰς
756 1253 850 1314 ἄτερ
873 1256 1008 1299 ὅπλων
1027 1259 1094 1299 καὶ
1114 1255 1264 1312 μάχης,

263 1329 332 1369 καὶ
352 1327 547 1381 μέλαιναν
568 1325 811 1380 ἅμπίσχεται
838 1325 986 1380 στολὴν
1009 1325 1096 1367 ἀντὶ
1115 1324 1346 1383 πορφύρας,

261 1393 369 1449 μόνα
389 1392 441 1438 τὰ
456 1396 571 1450 χείλη
591 1394 722 1448 μέλιτι
740 1398 800 1452 τῷ
822 1398 893 1447 τῆς
914 1393 1044 1451 ἀρχῆς
1065 1391 1227 1446 ὁιάνας,
1277 1436 1280 1438 .

125 1463 238 1507 4180
263 1463 391 1517 αὐτὴν
409 1463 483 1519 τὴν
503 1460 692 1521 ὖπερῶαν
716 1463 760 1505 δὲ
784 1459 843 1517 μὴ
868 1463 1058 1517 δυνηθεὶς
1079 1464 1289 1518 γλυκᾶναι,

261 1532 363 1576 ἔτεσι
384 1530 525 1586 μόνοις
548 1532 591 1575 ἓν
614 1532 705 1574 δυσὶ
725 1529 972 1587 γευσάμενος
991 1532 1065 1573 τοῦ
1087 1529 1276 1588 κράτους.

325 1599 398 1651 Ὡς
419 1596 490 1643 οὗν
512 1602 576 1643 ἐπὶ
594 1599 666 1643 τὸν
686 1600 855 1642 Λέοντα
874 1599 945 1642 τὸν
965 1597 1155 1644 κάκιστον
1173 1599 1323 1657 μετέβη

259 1668 312 1712 τὰ
331 1674 412 1712 τῶν
427 1667 639 1724 Ῥωμαίων
654 1667 875 1726 πράγματα
883 1700 896 1720 ,
930 1669 1062 1722 βαβαὶ
1084 1671 1188 1711 θεοῦ
1212 1666 1450 1727 κριμάτωνὶ

260 1738 446 1781 ἐντεῦθεν
465 1736 702 1792 ἐπεκόμαινε
724 1736 829 1780 κατὰ
851 1741 925 1793 τῆς
946 1737 1159 1792 ἐκκλησίας

123 1806 234 1850 4185
259 1805 418 1850 κλύδων
437 1805 572 1865 βαρὺς
593 1808 637 1849 ἐκ
661 1807 859 1856 λαίλαπος
880 1808 1012 1860 δεινῆς
1034 1802 1294 1864 ἄγριοπνόου,

261 1877 330 1918 καὶ
351 1873 473 1918 πάλιν
494 1873 616 1933 νέφος
635 1866 827 1932 τετρυγός
840 1873 1124 1932 ὀλεθροφόρου
1143 1876 1252 1929 βίας,

261 1945 330 1987 καὶ
350 1942 472 1987 πάλιν
492 1945 615 2003 νέφος
638 1943 808 2002 ζοφερὸν
826 1945 1071 2000 ἔγκυμονοῦν
1090 1940 1146 1994 ὥς
1169 1947 1328 1998 πνεῦμα

215 2073 254 2099 v.
274 2059 368 2099 4163
386 2075 442 2098 om
464 2059 510 2107 R,
533 2066 617 2120 post
633 2061 726 2098 4160
743 2066 880 2108 ponunt
895 2061 968 2096 AM
1102 2059 1194 2097 4165
1219 2057 1263 2101 ὃς
1283 2061 1318 2096 R
1407 2058 1550 2106 τρόπον
1566 2062 1598 2098 Α

214 2109 306 2145 4169
323 2119 571 2154 συντηρευτην
586 2109 625 2143 Μ
717 2104 1074 2151 δολοπλοκευμάτων
1089 2107 1129 2141 Μ
1221 2107 1314 2143 4172
1329 2104 1537 2153 εἰσέφρισεν
1552 2110 1597 2155 R,

213 2151 391 2200 ἐσύρησεν
412 2155 444 2190 Α
554 2167 591 2190 v.
612 2154 703 2190 4181
724 2167 779 2190 om
799 2156 834 2190 R
948 2153 1041 2189 4182
1062 2151 1100 2199 γ’
1124 2146 1194 2189 οὖν
1216 2153 1288 2188 ΑΜ
1402 2154 1496 2190 4186
1515 2152 1595 2190 0⁹22-

212 2199 446 2247 θροφθόρου
460 2200 500 2236 Μ

123 2300 185 2339 «lin
202 2303 274 2338 frui
290 2303 420 2350 potuit.
467 2314 546 2338 nam
565 2303 731 2338 oriundus
751 2315 794 2338 ex
819 2301 955 2337 Isauria
973 2301 1047 2336 Leo
1060 2327 1070 2347 ‚
1090 2300 1229 2337 belluae
1249 2307 1515 2348 cognomentum
1541 2303 1596 2338 fe-

123 2359 206 2384 rens
225 2354 262 2385 et
279 2350 393 2384 animo
413 2349 560 2396 pariter,
579 2350 788 2394 nomineque
812 2361 853 2384 ac
874 2349 1027 2384 moribus
1044 2346 1230 2392 belluinus,
1251 2349 1457 2394 patriciatus
1479 2349 1596 2394 digni-

125 2399 234 2430 tatem
255 2396 403 2442 adeptus
426 2401 463 2430 et
489 2395 647 2430 Orientis
679 2395 894 2430 exercituum
912 2395 1125 2441 imperator,
1156 2396 1326 2429 adversus
1357 2396 1597 2430 Theodosium

126 2440 333 2477 seditionem
359 2442 474 2476 moliri
504 2442 644 2487 coepit,
675 2448 818 2487 reperto
842 2441 878 2475 in
904 2441 1087 2476 fraudibus
1114 2441 1296 2476 nectendis
1314 2442 1493 2486 adjutore,
1517 2442 1596 2477 viro

128 2487 276 2532 quodam
305 2487 434 2522 illustri
462 2488 601 2522 nomine
618 2488 834 2532 Artabasdo,
877 2488 933 2522 cui
961 2487 1128 2533 deinceps
1157 2487 1263 2522 filiam
1288 2499 1418 2533 operae
1445 2493 1595 2523 navatae

126 2532 318 2587 praemium
335 2534 553 2569 matrimonio
577 2533 702 2578 iunxit,
728 2534 790 2569 ubi
807 2533 944 2568 scilicet
962 2533 999 2568 in
1019 2531 1253 2568 Romanorum
1276 2534 1459 2579 imperium
1480 2534 1597 2569 bellua

126 2589 197 2612 lam
217 2578 418 2615 invasisset.
455 2578 679 2614 Theodosius
701 2587 816 2615 autem
839 2580 1031 2625 imperator
1048 2580 1179 2614 Leonis
1199 2580 1377 2614 audaciam
1400 2580 1595 2615 feritatem-

128 2635 198 2670 que
219 2623 365 2669 veritus‚
385 2625 508 2660 volens
530 2626 662 2670 nolens,
691 2627 780 2661 citra
800 2637 950 2672 pugnam
974 2632 1011 2660 et
1031 2637 1127 2660 arma
1150 2626 1296 2670 imperio
1321 2627 1434 2670 cedit,
1462 2637 1595 2671 proque

126 2680 195 2716 pur
220 2681 284 2704 ura
305 2671 530 2716 imperatoria
563 2672 698 2717 nigram
726 2676 859 2707 'vestem
890 2671 1024 2716 induit,
1057 2683 1134 2706 cum
1168 2670 1429 2707 labra‘tantum
1455 2672 1595 2717 imperii

126 2715 193 2751 mel
208 2729 227 2750 e
245 2717 508 2762 madefecisset,
538 2718 689 2764 palatum
715 2730 802 2754 vero
827 2718 902 2754 eius
928 2718 1111 2754 dulcedine
1130 2718 1294 2764 perluere
1317 2731 1387 2753 non
1408 2719 1595 2764 potuisset,

126 2763 222 2809 quod
239 2762 399 2797 nimirum
420 2762 562 2798 biennio
581 2764 690 2799 solum
710 2766 946 2810 degustasset.

219 2809 340 2843 Rebus
358 2809 524 2844 Romanis
541 2810 650 2855 igitur
667 2812 710 2845 ad
730 2811 1035 2846 sceleratissimum
1056 2810 1211 2845 Leonem
1231 2810 1355 2844 delatis
1380 2809 1485 2854 (proh
1508 2819 1594 2853 qua—

126 2853 175 2892 lia
201 2861 285 2891 sunt
310 2855 368 2892 dei
396 2855 572 2902 iudicial)
603 2857 724 2903 gravis
751 2864 944 2905 tempestas
967 2856 1149 2894 ecclesiam
1170 2856 1328 2903 excepit,
1363 2855 1497 2901 magnis
1519 2865 1596 2890 cum
