1924 3242
776 191 1028 234 ANNALES.
1358 227 1366 234 .
1520 185 1614 235 147

193 307 371 360 γενναῖον·
392 300 608 357 ἀναλαβὼν
636 299 824 360 φρόνημα
842 302 942 361 πρὸς
955 303 1028 358 τὴν
1047 299 1180 358 μάχην
1196 300 1409 360 ἐξώρμησε.
1475 301 1520 345 τὸ
1542 303 1613 358 μὲν

193 365 265 414 οὖν
283 371 405 427 μέρος
424 375 495 412 τοῦ
517 369 815 426 στρατεύματος
834 371 880 413 τὸ
900 371 1010 428 παρὰ
1030 376 1100 414 τοῦ
1123 371 1294 426 ΙΙῚιχαὴλ
1316 372 1528 426 Κομνηνοῢ
1547 388 1612 414 τε-

194 438 385 494 ταγμένον
397 438 491 488 τούς
502 438 846 494 ἀντιτεταγμένους
858 439 965 496 αὐτῷ
980 438 1207 496 Ταχαριόυς
1229 439 1330 481 κατὰ
1352 437 1496 498 κράτος
1512 440 1612 481 νενί-

194 522 310 561 unae,
337 509 408 548 τοῦ
439 506 613 561 Μιχαὴλ
641 506 763 549 αὐτοῦ
791 504 959 562 πρώτως
991 501 1128 562 δόρατι
1154 506 1262 563 παρὰ
1283 506 1408 560 μαζὸν
1423 504 1617 560 βαλόντος

161 573 263 618 ὀπὸν
282 578 354 616 τοῦ
374 571 670 630 στρατεύματος
685 572 999 631 προηγούμενον,
1034 573 1078 623 ὅς
1086 605 1099 625 ,
1128 573 1311 630 καθάπερ
1332 573 1485 630 ἔφησαν
1502 574 1539 616 οἳ
1557 590 1618 630 γι-

192 639 429 692 νώσκοντες,
462 642 564 695 μετὰ
588 641 730 699 μικρὸν
758 643 800 684 ἐκ
828 646 899 695 τῆς
919 644 1044 695 βολῆς
1067 639 1278 695 ἐτεθνήκει.
1345 644 1410 682 καὶ
1429 636 1530 695 ἦσαν
1547 643 1619 696 μὲν
1640 650 1670 685 Β

193 709 238 751 ἐκ
262 713 335 751 τοῦ
359 709 624 765 κρατουμένου
644 710 790 766 μέρους
804 714 874 751 τοῦ
892 710 1104 763 Κομνηνοῦ
1126 707 1459 762 ε’κνενικημένοι,οἷ
1479 707 1620 762 Ταχά-

194 794 295 834 ριοι,
329 778 395 819 καὶ
415 776 516 834 πρὸς
541 777 669 833 φυγὴν
689 777 765 831 ἤδη
790 775 982 833 ἐχώρουν·
1020 776 1119 832 ἀνὴρ
1144 777 1189 818 δέ
1206 794 1266 825 τις
1284 780 1363 818 τῶν
1383 776 1423 816 ἓν
1441 776 1621 832 Πέρσαις

193 843 472 901 περιωνύμων,
499 844 570 899 τὴν
590 844 703 894 ἀξίαν
722 843 1003 900 ἀμυραχούρης
1036 845 1055 899 (
1065 844 1166 899 μέγα
1185 844 1227 885 δὲ
1247 847 1363 885 τοῦτο
1383 842 1493 899 παρὰ
1509 844 1620 899 Πέρ-

142 912 335 967 Ῑοσαις),
369 912 552 959 ἀπιστίαν
580 914 668 968 περὶ
700 912 745 954 τὸ
775 911 900 954 αὐτοῦ
923 913 1032 967 γένος
1052 913 1276 966 ἕγκυμονῶν
1293 911 1335 951 ἐκ
1355 914 1514 967 μακροῦ
1534 909 1621 954 τότε

193 978 343 1034 ταύτην
375 977 552 1031 ἔξῶδινε,
586 981 653 1021 καὶ
682 978 727 1022 τὸ
756 977 832 1036 ’ὕφ’
869 977 989 1021 αὑτὸν
1015 977 1120 1021 ἅπαν
1152 977 1362 1030 συλλαβὼν
1393 976 1620 1034 στράτευμα

193 1053 279 1097 τοῖς
301 1048 519 1104 Ταχαρίοις
541 1044 816 1103 προσώρμηκε.
882 1048 950 1089 καὶ
969 1045 1014 1088 τὸ
1034 1048 1214 1088 ἐντεῦθεν
1233 1046 1419 1088 τάναντία
1437 1040 1485 1100 ἦν
1506 1048 1621 1088 ἰδεῖν·

195 1115 235 1157 οἳ
252 1114 328 1172 γὰρ
347 1114 425 1171 πρὸ
442 1119 588 1171 μικροῦ
609 1113 814 1172 διώκοντες
841 1113 1004 1171 ἔφευγον
1025 1115 1090 1156 καὶ
1109 1119 1215 1156 νῶτα
1233 1114 1387 1156 ε’δίδουν
1407 1119 1489 1162 τοῖς
1511 1115 1622 1155 ε’ναν-

191 1183 292 1232 ’τιόις
321 1180 579 1237 πλήττεσθαι.
645 1182 804 1225 ἴπιπτον
831 1187 926 1238 γοῦν
947 1182 985 1226 ,οἶ
1004 1183 1162 1238 Πέρσαι
1182 1183 1316 1235 συχνοὶ
1335 1188 1418 1231 τοῖς
1436 1185 1515 1222 τῶν
1534 1184 1622 1222 Τα-

143 1259 186 1295 15
191 1251 345 1306 χαρίων
361 1248 618 1302 πληττόμενοι
639 1251 783 1302 βέλεσι.
848 1250 963 1306 μέχρι
979 1251 1052 1303 μὲν
1073 1245 1144 1292 οὖν
1162 1253 1326 1305 μακρῶν
1347 1246 1625 1302 διαστημάτων

193 1317 268 1371 τὴν
297 1317 429 1366 δίωξιν
449 1315 486 1357 οἳ
500 1314 738 1370 νενικηκότες
756 1317 996 1369 πεποίηνται.
1063 1315 1083 1356 ὅ
1107 1322 1202 1371 γοῦν
1225 1315 1435 1368 Κομνηνὸς
1452 1315 1624 1370 Μιχαὴλ
1647 1318 1676 1353 C

194 1383 355 1437 συμβὰν
386 1382 490 1425 οὕτω
517 1387 576 1440 τῷ
607 1384 777 1440 μεγίστῳ
810 1381 1134 1439 στρατοπεδάρχῃ
1165 1387 1244 1424 τῶν
1266 1385 1476 1438 Περσικῶν
1501 1399 1626 1439 στρα-

195 1449 420 1506 τευμάτων,
446 1449 490 1492 ὃν
506 1449 779 1507 πεκλάρπακιν
796 1449 950 1492 οἴδασιν
968 1450 1005 1492 οἱ
1020 1452 1178 1506 Πέρσαι
1196 1453 1349 1501 καλεῖν,
1378 1447 1506 1506 ξυνῄει
1523 1449 1626 1493 κατὰ

194 1519 267 1574 τὴν
289 1516 405 1569 ὁδόν,
438 1519 504 1560 καὶ
528 1516 759 1575 ἐπορεύοντο
781 1515 884 1559 πάνυ
906 1519 1062 1567 πλείους
1078 1516 1229 1574 ἡμέρας
1247 1518 1512 1574 ἔφεπομένους
1531 1515 1627 1559 ἔαυ-

138 1593 278 1637 Ξοτοῖς
297 1585 392 1635 τοὺς
411 1587 622 1639 πολεμίους
641 1585 794 1639 ἔχοντες
809 1587 873 1626 καὶ
894 1585 993 1627 καθ’
1014 1584 1122 1641 ὥραν
1139 1583 1368 1638 μαχόμενοι.
1437 1585 1517 1626 ἐπεὶ
1540 1586 1581 1627 δὲ
1598 1582 1625 1639 ἦ

193 1658 265 1696 τοῦ
286 1653 514 1708 λελεγμένου
538 1654 641 1695 οἰκία
663 1651 908 1708 πεκλάρπακι
929 1654 1016 1708 περὶ
1038 1652 1109 1706 τὴν
1131 1651 1400 1705 Καστάμοναν
1420 1650 1627 1706 ἐτύγχανεν

194 1716 319 1772 οῧσα,
361 1722 480 1763 ἐκεῖσε
512 1719 750 1769 σπεύσαντες
784 1718 1036 1775 ἐγεγόνεισαν.
1113 1719 1158 1761 τὸ
1194 1720 1236 1760 δὲ
1270 1719 1486 1774 Ταχαρίων
1519 1719 1629 1774 γένος

195 1793 329 1832 πᾶσαν
358 1787 431 1842 τὴν
459 1786 536 1830 ὑπὸ
568 1788 662 1838 τοὺς
687 1785 1040 1840 ΖΙΙουσουλμάνους
1066 1787 1286 1842 κατέδραμε
1309 1784 1463 1842 χώραν.
1531 1785 1623 1828 ἀλλ’

285 1907 309 1942 7
330 1903 398 1940 τοῦ
420 1904 488 1949 Κ.]
511 1901 588 1939 ὑπὸ
611 1904 667 1939 vel
687 1901 791 1949 παρὰ
815 1903 883 1940 τοῦ
905 1903 979 1938 K?

196 2018 268 2042 rum
285 2004 419 2050 sanguis
433 2005 540 2051 impiis
556 2016 596 2038 ac
612 2004 848 2039 consceleratis
863 2003 1075 2048 sanguinibus
1090 2004 1335 2037 immisceretur.
1383 2003 1443 2038 aed
1470 2002 1554 2036 enim
1572 2002 1628 2035 di-

197 2053 277 2086 vino
301 2050 466 2096 praesidio
491 2051 619 2092 fretus,
654 2055 690 2083 et
714 2055 854 2083 mentem
879 2050 1017 2083 induens
1039 2060 1232 2093 generosam
1246 2074 1256 2090 ,
1286 2059 1426 2093 pugnam
1446 2047 1630 2083 committit.

195 2107 276 2142 pars
289 2096 404 2140 itaque
419 2095 604 2136 exercitus,
627 2106 714 2139 quae
729 2094 791 2128 sub
806 2095 969 2128 Michaele
981 2095 1149 2128 Comneno
1165 2105 1256 2127 arma
1272 2094 1444 2133 movebat,
1467 2093 1629 2127 adversos

196 2141 261 2177 sibi
285 2140 468 2175 Tacharios
490 2140 525 2173 vi
551 2140 663 2184 pulsos
688 2139 827 2181 devicit,
857 2151 877 2173 a
902 2139 1069 2173 Michaele
1083 2140 1155 2184 ipso
1170 2139 1305 2184 primum
1324 2138 1488 2172 exercitus
1503 2137 1630 2171 hostilia

198 2187 339 2221 ductore
357 2186 399 2219 ad
414 2196 570 2219 mammas
592 2186 784 2226 vulnerato,
806 2184 883 2229 qui,
906 2189 944 2218 ut
968 2185 1081 2219 harum
1100 2195 1207 2217 rerum
1223 2184 1322 2228 periti
1336 2184 1563 2226 affirmarunt,
1588 2193 1631 2215 ex

199 2243 240 2266 eo
262 2231 402 2266 vulnere
423 2241 489 2264 non
514 2230 570 2264 diu
591 2234 668 2275 post
682 2230 822 2264 animam
837 2230 978 2264 efflavit.
1026 2229 1183 2263 debellati
1198 2229 1309 2274 itaque
1325 2240 1366 2262 ex
1382 2239 1422 2262 ea
1436 2232 1553 2272 parte,
1577 2226 1632 2261 cui

199 2277 387 2311 Comnenus
402 2280 569 2321 praeerat,
587 2275 745 2309 'sacharii
760 2275 824 2308 iam
840 2276 921 2319 sugo,
935 2280 1033 2318 terga
1049 2275 1239 2308 vertebant.
1277 2279 1314 2307 at
1332 2273 1384 2307 vir
1398 2273 1530 2318 quidam
1543 2273 1631 2305 inter

197 2321 322 2356 Persas
343 2321 501 2365 celebris,
525 2320 688 2364 dignitate
709 2320 975 2364 Amyrachures,
998 2320 1158 2354 maximae
1175 2318 1264 2363 apud
1282 2319 1400 2352 Persas
1415 2317 1630 2351 existimatio-

199 2365 269 2410 nin,
291 2375 389 2411 quam
414 2366 516 2400 multo
539 2366 659 2400 abhinc
680 2370 831 2409 tempore
853 2365 887 2398 in
913 2375 1004 2399 suam
1029 2369 1163 2409 gentem
1178 2374 1292 2409 parum
1309 2363 1396 2396 fidus
1411 2362 1631 2407 proditionem

200 2414 420 2456 conceperat,
441 2416 522 2445 tunc
548 2410 708 2453 exclusit,
733 2417 767 2444 et
793 2421 864 2444 cum
888 2411 1040 2444 universo
1070 2410 1171 2444 milite
1199 2419 1259 2443 suo
1276 2409 1451 2442 'I'achariis
1467 2406 1632 2441 adhaesit.

200 2455 279 2490 hinc
293 2455 460 2490 contraria
475 2456 581 2490 cernit
608 2467 749 2500 namque
769 2456 867 2501 paulo
883 2460 961 2490 ante
976 2455 1119 2489 victores
1133 2465 1205 2489 sese
1220 2455 1252 2487 in
1267 2453 1369 2497 pedes
1385 2452 1548 2486 coniicere
1563 2457 1633 2485 ter-

200 2511 311 2554 gaque
325 2500 476 2535 hostibus
490 2501 532 2535 ad
547 2502 754 2536 lacerandum
773 2502 863 2535 dare,
907 2501 1024 2545 itaque
1037 2501 1164 2534 Persae
1178 2499 1420 2533 Tachariorum
1445 2497 1562 2531 iaculis
1577 2495 1631 2529 di-

198 2545 314 2580 lantati
339 2546 532 2590 frequentes
561 2547 699 2587 cadere,
731 2557 815 2591 quos
839 2557 901 2591 per
922 2547 1024 2590 longa
1044 2545 1153 2590 spatia
1176 2545 1325 2578 victores
1347 2542 1517 2577 subsecuti
1542 2546 1631 2576 sunt.

201 2590 345 2624 Michael
370 2591 574 2633 comnenus,
605 2603 676 2626 cum
698 2591 747 2625 ita
770 2602 844 2626 sors
868 2591 1020 2634 tuiisset‚
1045 2590 1181 2624 maximo
1203 2589 1411 2622 Persicorum
1426 2587 1631 2621 exercituum

200 2635 516 2681 stratopedarchae‚
538 2647 634 2681 quem
657 2637 862 2682 Pelarpacim
883 2637 1010 2671 Persae
1026 2641 1163 2670 vocant.
1188 2635 1298 2668 socius
1312 2634 1346 2666 in
1361 2633 1481 2668 itinere
1496 2630 1630 2665 coniun-

202 2681 304 2723 gitur.
349 2680 399 2715 sic
423 2691 485 2725 per
507 2681 662 2725 plurimos
687 2682 757 2716 dies
785 2682 1005 2726 procedentes
1032 2691 1104 2714 cum
1127 2679 1326 2712 adversariis
1343 2678 1495 2712 continuo
1514 2677 1635 2710 subse-

202 2726 381 2768 quentibus
396 2725 533 2769 singulis
547 2726 637 2761 horis
652 2738 792 2772 pugnam
808 2727 1049 2769 conserebant,
1074 2730 1109 2758 et
1123 2725 1164 2757 ad
1177 2723 1368 2768 Pelarpacis
1384 2722 1617 2756 habitationem

202 2779 290 2814 quae
307 2770 504 2805 css-tamone
519 2775 611 2815 erat,
639 2783 786 2815 gressum
802 2772 1042 2805 accelerarunt.
1087 2774 1166 2803 tunc
1180 2768 1336 2806 Tacharii
1353 2768 1538 2801 universam
1554 2764 1632 2797 Mu-

203 2814 422 2850 sulmanorum
449 2816 617 2861 regionem
640 2816 800 2852 hostiliter
826 2820 1039 2863 percurrunt.
1085 2819 1122 2850 at
1145 2814 1187 2849 de
1208 2814 1257 2848 his
1274 2813 1418 2849 narratio
1435 2813 1496 2846 hoc
1510 2810 1544 2845 in
1558 2809 1630 2844 loco
