1858 3236
0 0 96 228 F
475 191 852 240 COMPENDIUM
885 191 1234 238 CHRONIGUM.
1520 190 1587 241 89

0 229 14 276 ς..

253 307 313 364 μὴ
332 306 465 352 τοίνυν
482 303 714 362 ἀνεχόμενοι
729 303 930 361 Ῥωμαῖοι
954 311 1085 350 ταῦτα
1107 306 1281 363 βλέπειν,

254 376 360 432 μηδὲ
379 372 583 419 δουλεύειν
607 375 795 433 φέροντες
814 373 1070 434 ἦνιοστρόφῳ
1090 378 1217 435 μίμῳ,

120 442 234 490 2040
257 445 440 501 ἐπῆλθον
464 441 760 501 ἀναιρήσοντες.
826 447 946 486 τοῦτο
964 445 1009 487 δὲ
1026 445 1145 500 γνοῦς
1162 443 1182 487 ὃ
1201 443 1345 503 Νέρων

255 511 380 558 αὖτόν
406 514 669 570 διεχειρίσατο
682 544 696 565 ,
730 512 844 556 τοῦτ’
870 511 1041 555 ἐπειπὼν
1057 513 1099 554 ἐν
1118 514 1221 556 τέλει

247 578 366 625 «οἷον
377 614 392 634 ,
426 577 459 624 ὦ
481 583 559 634 ζεῦ,
586 579 860 640 κιθαρῳδὸνὸ
881 582 972 635 βίος
989 582 1228 636 ζημιοῦται]

257 649 324 706 ξ’τη
348 648 554 707 κρατήσας
570 641 748 708 τέσσαρα
769 649 874 708 πρὸς
893 645 1183 708 πληρεστάτοις
1204 650 1314 692 δέκα.

325 718 494 773 Γάλβας
518 722 689 776 κατῆρξε
721 719 817 774 μετ’
853 717 976 761 αὐτόν
984 751 998 771 ,
1041 721 1110 761 καὶ
1139 718 1233 774 μετ’
1262 718 1409 764 ἐκεῖνον
1422 719 1588 776 ‘'Offlov,

120 786 232 833 2045
251 785 274 830 ὃ
298 788 373 843 μὲν
391 786 493 830 ἔπτὰ
512 786 756 843 γευσάμενος
770 792 904 843 μῆνας
921 792 993 830 τοῦ
1011 785 1186 845 κράτους
1208 784 1348 841 μόνον,

257 854 344 900 ὅδ’
367 856 461 899 οὐδὲ
481 857 602 898 πλέον
618 861 699 899 τιῦν
719 861 841 913 τριῶν
856 860 995 911 μηνῶν
1015 854 1417 914 σκηπτροκρατήσας.

256 926 325 968 καὶ
343 924 436 980 μετ’
459 924 593 968 αὐτῶν
608 926 836 977 Βιτέλλιος,
872 924 918 976 ὃς
937 932 1021 976 τοῖς
1042 925 1352 982 ἀστερολέσχαις

257 992 497 1051 κηρύγματα
521 995 781 1051 προστέθεικε
800 992 960 1052 φεύγειν
980 995 1022 1045 ἐξ
1037 993 1210 1046 Ἰταλίας
1222 1007 1235 1020 ·

258 1063 298 1106 οἳ
318 1062 359 1105 δ’
380 1063 755 1119 ἀντιπροτεθείκασι
769 1061 921 1120 ((φεῧγε
949 1067 1023 1106 τοῦ
1041 1064 1135 1117 βίου
1149 1095 1163 1116 ,
1195 1060 1402 1120 Ι(αἴσαρ,”

120 1134 236 1178 2050
260 1133 328 1175 καὶ
349 1131 422 1187 τὴν
442 1129 598 1189 ἡμέραν
616 1130 849 1188 γράψαντες
871 1132 974 1175 καθ’
1001 1130 1050 1188 ἢν
1073 1132 1371 1186 ἄποκτανθείη·

254 1205 388 1257 μῆνας
408 1200 512 1244 ὃκτὼ
529 1199 736 1258 κρατήσας
756 1201 834 1258 γὰρ
855 1200 971 1258 ἔργον
991 1203 1199 1258 μαχαίρας
1228 1200 1371 1257 ὤφθη.

327 1267 496 1312 Τούτων
517 1267 715 1313 λιπόντων
732 1270 806 1326 τὴν
823 1270 953 1327 ἀρχὴν
976 1271 1044 1312 καὶ
1062 1269 1137 1313 σὺν
1163 1270 1265 1327 αὐτῇ
1292 1268 1362 1312 τὸν
1379 1267 1471 1323 βίον

1237 580 1264 597 2,

256 1338 430 1395 στρατὸς
457 1338 752 1396 Οὐεσπασιανῷ
769 1341 990 1396 ψηφίζεται
1011 1337 1058 1381 τὸ
1081 1336 1245 1396 κράτος,

255 1405 303 1449 τὸ
322 1404 472 1457 κάλλος
494 1409 754 1464 περικείροντι
778 1412 850 1462 τῆς
864 1408 1077 1458 Ἰουδαίας
1097 1405 1201 1450 τότε.

119 1475 232 1522 2055
254 1474 436 1526 κάκεῖνος
452 1475 527 1529 μὲν
548 1473 731 1532 ἀπῴχετο
754 1477 1047 1530 ναυστοληθεὶς
1062 1475 1168 1532 πρὸς
1180 1473 1360 1533 Ῥώμην,

256 1543 328 1587 τὸν
345 1544 390 1587 δὲ
407 1534 732 1601 γενναιοκάρδιον
748 1543 838 1586 υἱὸν
861 1544 989 1586 αὐτοῦ
1011 1543 1082 1586 τὸν
1099 1548 1224 1587 Τῖτον

251 1609 518 1670 Ἰερουσαλὴμ
545 1616 770 1669 πολιορκεῖν
790 1612 922 1670 ἀφῆκε
941 1612 1016 1655 σὺν
1039 1611 1224 1667 δυνάμει,

256 1679 533 1739 ἀναγορεύσας
556 1682 751 1738 Καίσαρα
770 1679 964 1735 διάδοχον
982 1685 1057 1723 τοῦ
1080 1679 1277 1738 κράτους·

257 1748 304 1801 ὃς
320 1750 424 1805 μετὰ
439 1748 627 1804 μόχθους
646 1749 808 1800 ἱκανοὺς
832 1751 900 1792 καὶ
921 1749 996 1800 τὰς
1015 1749 1313 1806 ἀνδρᾳκτασιάς

120 1820 234 1862 2060
253 1820 321 1861 καὶ
345 1818 420 1869 τὰς
434 1816 655 1872 θαλάσσας
677 1822 758 1861 τῶν
779 1823 938 1872 συχνῶν
956 1816 1141 1873 αἱμάτων
1163 1820 1230 1861 καὶ
1250 1818 1346 1869 τοὺς
1364 1814 1529 1877 φόνους,

255 1885 335 1946 ὑφ’
355 1881 412 1931 ὧν
435 1885 823 1945 κατηρυθρώθησαν
848 1887 958 1930 Σιὼν
984 1887 1028 1930 αἱ
1043 1885 1231 1939 πεδιάδες

211 1995 304 2031 2039
326 1991 677 2042 ἦνιοστροφουμὲνῳ
700 1994 741 2030 Μ
847 1994 941 2031 2040
961 1994 1140 2038 εἰσῆλθον
1157 1994 1198 2030 Μ
1296 2007 1334 2032 v.
1357 1995 1451 2032 2043
1468 2008 1535 2031 om.
1563 1998 1598 2033 R

211 2041 304 2078 2047
324 2038 444 2077 αὐτοῦ
466 2042 556 2085 RR,
575 2038 718 2083 αὐτοὺς
734 2040 766 2077 Α
894 2053 931 2077 v-
955 2042 1046 2077 2051
1073 2053 1142 2077 om.
1164 2042 1233 2077 RR
1369 2043 1462 2079 2053
1483 2053 1596 2088 στρα-

210 2085 279 2129 τὸς
293 2087 346 2136 τῷ
375 2084 513 2124 Οὖεσπ.
536 2087 578 2122 Μ

121 2178 237 2215 media
268 2178 306 2213 in
325 2178 404 2214 aula
427 2178 649 2224 designabat.
698 2182 914 2225 quapropter
936 2178 1098 2224 Romani,
1121 2179 1182 2225 qui
1198 2179 1285 2215 haec
1300 2180 1447 2226 amplius
1463 2181 1596 2217 intueri

121 2235 191 2261 non
206 2230 351 2271 possent
374 2237 439 2260 nec
454 2225 597 2270 aurigae
621 2237 663 2259 ac
675 2225 778 2259 mimo
794 2225 930 2260 servire
946 2225 1096 2271 vellent,
1123 2226 1295 2261 invadunt
1318 2228 1490 2263 hominem
1513 2233 1593 2262 tan-

122 2282 225 2317 quam
246 2271 492 2314 interfecturi3
517 2283 584 2317 quo
600 2271 659 2306 ille
674 2271 815 2316 cognito
839 2282 959 2306 manus
975 2272 1126 2317 ipsemet
1140 2272 1209 2307 sibi
1225 2273 1362 2317 attulit,
1390 2274 1444 2309 his
1461 2275 1506 2309 ad
1531 2286 1593 2308 ex-

121 2323 268 2352 tremum
292 2317 411 2380 gerbis
443 2317 679 2364 pronuntiatis
713 2317 894 2364 “qualem‚
919 2330 940 2352 ο
963 2318 1137 2365 Iuppiter,
1164 2319 1404 2354 citharoedum
1429 2321 1594 2356 mortales

120 2362 294 2399 amittunt.

211 2409 300 2444 Post
322 2409 501 2450 Neronem
523 2409 639 2445 Galba
657 2409 804 2456 imperio
831 2409 964 2456 potitus
989 2414 1065 2455 est,
1089 2413 1171 2455 post
1194 2409 1343 2446 Galbam
1367 2411 1484 2457 Otho,
1512 2416 1595 2459 post

123 2457 306 2501 utrumque
331 2455 515 2498 Vitellius3
550 2456 611 2510 qui
636 2456 761 2491 edictis
787 2456 979 2503 propositis
1003 2457 1199 2501 astrologos
1233 2457 1337 2492 Italia
1362 2458 1467 2492 iussit
1491 2471 1596 2494 exce—

123 2500 223 2535 dere.
268 2500 319 2536 illi
341 2513 427 2536 vero
443 2502 585 2547 scriptis
604 2501 759 2537 vicissim
775 2502 967 2548 propositis
985 2504 1245 2548 responderunt
1258 2503 1322 2538 “tu
1345 2504 1436 2549 vita,
1451 2505 1599 2549 Caesar,

124 2545 322 2581 excedito?
367 2547 468 2582 simul
497 2547 611 2592 ipslun
646 2548 737 2583 diem
767 2549 967 2584 indicarunt
993 2560 1061 2594 quo
1088 2548 1352 2584 interficiendus
1373 2556 1480 2586 esset.
1527 2551 1596 2586 ita-

125 2603 195 2637 que
216 2592 391 2628 mensibus
408 2600 487 2628 octo
503 2605 620 2628 rerlun
643 2594 776 2640 potitus
795 2595 911 2640 gladio
928 2606 1050 2629 caesus
1075 2595 1195 2641 periit.

214 2636 444 2684 Posteaquam
468 2639 503 2673 hi
533 2645 570 2674 et
594 2640 789 2686 imperandi
819 2646 856 2676 et
884 2640 1031 2675 vivendi
1053 2641 1157 2676 finem
1191 2641 1381 2686 fecissent,
1422 2642 1598 2677 exercitus

124 2683 378 2728 Vespasianum
407 2684 652 2731 imperatorem
683 2687 946 2731 renuntiarunt,
978 2686 1039 2733 qui
1061 2693 1135 2722 tum
1158 2688 1326 2733 temporis
1353 2689 1518 2724 Iudaeam
1535 2700 1597 2722 ex-

123 2729 320 2764 scindebat.
364 2729 484 2776 itaque
499 2731 644 2767 Romam
666 2732 725 2767 ille
748 2745 824 2768 cum
850 2733 961 2768 classe
985 2734 1166 2778 profectus
1191 2739 1266 2778 est,
1286 2735 1504 2780 magnanimo
1525 2734 1599 2768 filio

125 2785 190 2810 suo
206 2774 294 2808 Tito
318 2786 394 2809 cum
413 2777 523 2822 copiis
546 2779 590 2812 ad
607 2780 872 2824 expugnandam
896 2779 1177 2824 Hierosolymam
1192 2779 1317 2814 relicto
1329 2807 1338 2824 ,
1372 2793 1448 2815 cum
1465 2782 1598 2814 Caesa-

125 2832 199 2855 rem
215 2831 257 2854 ac
278 2819 418 2866 imperii
441 2833 677 2858 successorem
705 2824 799 2859 illum
830 2825 1063 2870 designasset.
1110 2827 1153 2860 ab
1179 2838 1221 2860 eo
1246 2831 1327 2871 post
1341 2838 1483 2871 magnos
1500 2826 1599 2859 labo-

125 2877 184 2903 res
205 2867 331 2902 caedes
354 2865 524 2913 quasique
545 2869 650 2905 maris
672 2870 711 2907 in
733 2883 863 2907 morem
885 2872 1016 2908 efl'usos
1039 2883 1203 2918 cruores,
1227 2871 1354 2918 quibus
1378 2871 1491 2915 campi
1514 2871 1596 2908 Sio-
