1924 3242
395 177 486 224 192
784 178 1016 222 GEORGII
1049 178 1428 222 ACROPOLITAE

337 296 368 330 D
393 289 611 345 ἀναβάντες
630 291 696 331 καὶ
717 294 795 332 τῶν
814 293 948 334 ποδῶν
971 289 1158 345 λαβόντες
1179 289 1349 348 Ξ-’ρριψαν
1368 289 1448 341 ἔξω,
1465 295 1535 347 τῆς
1555 288 1718 341 πόλεως.
1778 292 1819 333 ὀἳ

387 360 429 401 δ’
458 359 570 400 ἄλλοι
591 358 726 407 ἀξίνας
747 357 1052 415 ε’γχειρισάμενυι
1070 362 1136 401 καὶ
1158 360 1250 409 τοὺς
1265 359 1440 412 μοχλοὺς
1460 364 1537 402 τῶν
1551 363 1685 401 πυλῶν
1705 360 1821 417 διαρ-

387 426 572 483 ρήξαντες
588 427 802 483 ἐλευθέραν
820 429 1046 482 πεποίηνται
1067 427 1138 482 τὴν
1159 429 1212 476 εἷς
1231 427 1301 480 τὴν
1318 425 1431 468 πόλιν
1450 428 1602 469 εἴσοδον
1622 431 1679 484 τῷ
1696 443 1821 483 στρα-

385 493 562 547 τεύματι.
631 492 734 535 οὕτω
767 495 838 547 μὲν
873 489 942 536 οὖν
977 493 998 536 ὃ
1023 493 1378 551 Στρατηγόπουλος
1395 497 1556 552 Καῖσαρ
1583 496 1649 536 καὶ
1667 495 1714 536 οἱ
1747 495 1821 536 σὺν

386 562 495 618 αὐτῷ
524 559 667 611 πάντες
689 559 877 615 Ῥωμαῖοι
903 564 968 604 καὶ
990 562 1150 604 Σκύθαι
1181 563 1251 617 (ἐκ
1278 566 1356 604 τῶν
1383 562 1572 605 τοιούτων
1590 563 1655 604 καὶ
1675 561 1752 618 γὰρ
1774 561 1853 604 -τόὄ

383 627 456 670 ’ὑπ’
485 628 605 671 αὐτὸν
627 629 927 687 συνεκεκρότητο
948 629 1202 686 στράτευμα)
1239 625 1347 680 ἐντὸς
1374 635 1444 685 τῆς
1467 629 1616 680 πόλεως
1635 627 1821 686 ἐγεγόνει-Δ

385 714 475 739 σαν.
543 697 581 738 οἳ
613 697 654 738 δ’
688 698 797 748 ε’ντὸς
824 703 881 755 τῷ
914 700 1098 755 αἰφνιδίῳ
1131 699 1456 748 κιιτασεισθέ’ντες
1485 702 1556 740 τοῦ
1577 695 1822 754 πράγματος,

384 763 440 814 ὥς
468 762 570 818 εἶχον
602 765 765 815 ἕκαστος
796 765 867 820 τὴν
897 764 1041 808 ἑαυτοῦ
1071 767 1270 822 σωτηρίαν
1301 764 1626 822 ἐπραγματεύετο.
1692 766 1757 807 καὶ
1784 764 1836 806 οἱ,

385 833 458 886 μὲν
479 834 540 873 ἐπὶ
563 832 612 874 τὰ
633 840 790 886 σεμνεῖα
808 832 989 887 ἐβάδιζον
1004 836 1068 875 καὶ
1085 833 1281 887 μοναχικὰ
1301 834 1521 875 ἐνεδίδοντο
1543 833 1690 889 ἄμφια,
1716 830 1824 881 ὅπως

386 899 456 942 τὸν
478 899 600 957 φόνον
622 899 847 958 ἐκφύγοιεν,
894 909 1073 958 γυναῖκες
1096 903 1138 943 δὲ
1162 904 1216 950 εἷς
1237 901 1338 951 ὀπὰς
1363 903 1504 955 τοίχων
1525 900 1821 942 συνεστέλλοντο
1835 905 1878 938 10

388 969 455 1010 καὶ
488 971 543 1018 εἷς
575 969 697 1018 στοὰς
725 969 926 1019 σκοτεινὰς
954 972 1019 1011 καὶ
1045 968 1302 1025 ἀποκρύφους
1326 968 1576 1024 ἐκρύπτοντο.
1643 965 1664 1008 ὃ
1691 968 1734 1009 δὲ
1750 971 1824 1021 ,τῆς

388 1034 540 1086 πόλεως
560 1035 769 1093 κατάρχων
788 1032 1034 1087 Βαλδουῗνος
1054 1039 1115 1078 ἐπὶ
1134 1037 1178 1078 τὸ
1194 1038 1296 1092 μέγα
1315 1035 1506 1077 παλάτιον
1525 1035 1718 1091 ὥρμησεν.
1786 1034 1825 1076 οἳ

390 1105 434 1144 δὲ
455 1105 516 1144 ἐπὶ
540 1103 611 1158 τὴν
630 1105 894 1160 Λαφνουσιάν
916 1103 1096 1154 ἀπιόντες
1116 1106 1290 1146 Λατῖνοι
1311 1106 1375 1146 καὶ
1400 1102 1419 1144 ὃ
1442 1103 1530 1157 μετ’
1554 1103 1684 1144 αὐτῶν
1706 1118 1823 1143 ποτε·

389 1169 555 1222 στάτος,
589 1173 713 1226 μηδέν
734 1190 770 1213 τι
795 1177 873 1214 τῶν
889 1174 1100 1227 γινομένων
1122 1174 1402 1227 γνωρίσαντες,
1449 1172 1529 1212 ἐπεὶ
1548 1169 1605 1224 μὴ
1629 1170 1730 1211 κατὰ
1753 1174 1824 1223 τῆς

246 1247 277 1280 Ρ
300 1248 366 1282 100
387 1238 509 1292 νήσου
530 1239 795 1295 Λαφνουσίας
827 1241 994 1293 ποιῆσαί
1017 1257 1054 1280 τι
1084 1239 1252 1291 ἴσχυσαν
1284 1236 1548 1292 (ἀντελάβετο
1571 1236 1648 1293 γὰρ
1671 1237 1824 1279 ἐκείνων
1835 1242 1879 1277 15

386 1304 536 1359 θεός),
571 1308 832 1363 παλίνδρομοι
864 1306 964 1362 πρὸς
996 1307 1067 1359 τὴν
1095 1305 1209 1347 πόλιν
1233 1304 1542 1360 ἕπανεζεύγνυον.
1607 1305 1724 1361 με’χρι
1752 1304 1826 1358 μὲν

387 1369 457 1415 οὖν
481 1378 553 1415 τοῦ
573 1378 673 1415 ναοῦ
697 1378 770 1415 τοῦ
793 1373 1109 1430 ἀρχιστρατήγου
1133 1378 1212 1415 τῶν
1239 1373 1319 1415 ἄνω
1342 1371 1547 1426 δυνάμεων
1566 1371 1739 1426 Μιχαὴλ
1759 1371 1825 1412 ἔλ-

385 1439 550 1492 θόντες,
585 1443 765 1497 τοῦπερὶ
790 1441 857 1484 τὸν
880 1443 919 1483 ἓν
937 1441 1118 1498 Ἀνάπλῳ
1141 1442 1399 1495 διακειμένου,
1434 1441 1548 1482 οὐδέν
1566 1457 1603 1481 τι
1625 1438 1727 1489 ὅλως
1745 1443 1826 1481 τῶν

381 1510 644 1565 γεγενημένων
667 1507 1011 1564 ἐμεμαθήκεισαν·
1045 1511 1164 1551 ἐκεῖσε
1199 1510 1241 1550 δὲ
1273 1509 1479 1564 ἀφιγμένοι
1502 1509 1568 1550 καὶ
1595 1511 1722 1549 ταῦτα
1742 1524 1825 1560 μα-

381 1575 524 1627 θόντες
544 1579 597 1626 εἷς
617 1577 688 1631 τὴν
711 1576 824 1619 πόλιν
845 1576 1038 1633 ὥρμησαν
1059 1579 1249 1619 ἐπελθεῖν.
1286 1577 1388 1618 ἀλλὰ
1410 1575 1459 1617 τὰ
1475 1574 1676 1628 εΡαηιια“ι“κδι
1697 1591 1822 1630 στρα-
1833 1584 1881 1619 20

380 1644 558 1699 τεύματα
588 1649 704 1686 τοῦτο
735 1643 890 1700 γνόντες
919 1650 999 1702 πῦρ
1031 1651 1117 1694 ταῖς
1147 1646 1288 1694 οἰκίαις
1319 1648 1396 1686 τῶν
1424 1644 1617 1685 Λατίνων
1639 1643 1824 1696 ἐνέβαλον

380 1713 492 1769 παρὰ
524 1712 593 1754 τόν
616 1713 794 1767 αἰγιαλὸν
814 1714 1030 1766 κειμέναις,
1065 1714 1130 1754 καὶ
1154 1713 1371 1767 ἐνέπρησαν
1393 1709 1562 1760 ταύτας,
1597 1711 1664 1751 καὶ
1685 1713 1825 1765 πρῶτα

374 1781 452 1834 ’μὲν
475 1780 547 1830 τὰς
567 1785 646 1821 τῶν
668 1781 904 1830 Βενετίκων,
940 1778 1023 1822 εἶτα
1043 1784 1121 1821 τῶν
1141 1779 1272 1821 ἄλλων
1293 1783 1435 1834 γενῶν,
1467 1777 1515 1828 ἃς
1538 1779 1604 1818 καὶ
1626 1775 1826 1830 Κάμπους

331 1847 676 1901 Βκατωνόμαζον.
747 1850 827 1890 ἐπεὶ
862 1849 904 1889 δὲ
936 1846 1039 1889 εἶδον
1070 1847 1141 1901 τὴν
1173 1845 1286 1888 πόλιν
1318 1845 1644 1901 πυρπολουμένην
1678 1845 1715 1886 οἶ
1745 1848 1824 1886 τῶν

384 1917 600 1966 Λατίνων,
631 1916 703 1965 τὰς
724 1915 890 1972 παρειὰς
914 1922 1000 1965 ταῖς
1016 1917 1130 1972 χερσὶ
1153 1913 1371 1969 τύψαντες,
1407 1915 1471 1956 καὶ
1497 1911 1687 1966 λαβόντες
1706 1910 1824 1962 ὅσους
1834 1919 1879 1954 25

475 2035 497 2069 9
519 2032 602 2077 περὶ
624 2032 738 2078 vulgo.

385 2139 479 2179 ptum
496 2134 638 2180 pedibus
654 2136 752 2168 extra
767 2144 877 2169 muros
895 2133 1093 2188 proficiunt,
1124 2132 1180 2167 alii
1202 2133 1326 2167 strictis
1341 2131 1510 2166 securibus
1524 2132 1559 2163 et
1573 2132 1742 2175 portarum
1760 2139 1824 2163 ve·-

383 2181 492 2226 ctibus
518 2179 680 2225 disruptis
703 2180 737 2213 in
763 2181 878 2214 urbem
894 2180 1062 2214 mtroitum
1077 2179 1215 2212 liberum
1233 2177 1395 2212 exercitui
1409 2176 1571 2221 aperiunt.
1616 2175 1680 2208 hac
1695 2174 1826 2208 ratione

383 2224 513 2257 caesar
529 2226 788 2269 Strategopulus
814 2230 849 2258 et
875 2237 946 2259 cum
969 2237 1009 2258 eo
1027 2225 1166 2258 Romani
1188 2222 1334 2257 universi
1356 2234 1396 2256 ac
1412 2221 1562 2265 Scythae
1586 2221 1648 2263 (ex
1670 2219 1720 2253 bis
1737 2220 1824 2253 enim

383 2269 502 2313 copiae
518 2270 685 2303 conflatae
702 2271 812 2314 erant)
829 2271 942 2304 urbem
957 2269 1100 2314 ingressi
1114 2274 1202 2303 sunt.
1249 2269 1338 2302 cives
1353 2278 1391 2300 re
1406 2265 1588 2310 improvisa
1604 2264 1760 2310 perculsi,
1784 2268 1825 2298 ut

382 2314 523 2359 quisque
540 2319 695 2359 poterat,
729 2315 830 2348 saluti
845 2327 924 2348 suae
940 2315 1127 2349 consulere.
1173 2314 1227 2348 hic
1250 2313 1382 2357 quidam
1407 2310 1608 2345 monasteria
1626 2314 1761 2355 petere,
1789 2313 1825 2342 et

372 2357 596 2393 *monasticum
615 2359 785 2400 habitum,
821 2365 859 2392 ut
883 2361 1011 2394 cladem
1028 2361 1216 2402 evitarent,
1250 2358 1398 2391 induere.
1443 2356 1596 2390 mulieres
1611 2355 1644 2388 in
1659 2365 1825 2388 murorum

371 2404 543 2438 ‘foramina
558 2404 677 2437 coniici
687 2429 697 2444 ,
722 2409 757 2437 et
771 2404 804 2437 in
820 2404 912 2437 cellis
927 2405 1077 2438 obscuris
1092 2404 1338 2448 reconditisque
1354 2402 1523 2437 abscondi.
1572 2400 1703 2434 civitati
1717 2400 1826 2444 impe-

381 2461 462 2484 rans
479 2449 658 2483 Balduinus
685 2449 719 2481 in
745 2460 898 2492 magnum
922 2450 1083 2483 advolare
1103 2449 1272 2494 palatium.
1319 2448 1376 2492 qui
1391 2458 1472 2480 vero
1489 2446 1713 2490 Daphnusiann
1728 2445 1825 2478 abie-

381 2499 458 2528 rant
472 2494 594 2538 Latini,
620 2500 655 2527 et
671 2504 742 2527 cum
758 2494 821 2527 illis
839 2495 1011 2536 Potestas,
1035 2506 1148 2528 eorum
1164 2504 1250 2538 quae
1266 2493 1467 2536 gerebantur
1483 2492 1581 2536 plane
1597 2489 1724 2534 ignari,
1749 2500 1824 2522 cum

371 2538 461 2573 ‘nihil
486 2540 662 2573 adversum
675 2539 902 2584 Daphnusiam
929 2543 1123 2584 perpetrare
1149 2538 1334 2584 potuissent
1357 2540 1477 2581 (opem
1500 2536 1585 2570 enim
1608 2535 1676 2568 iuis
1698 2535 1825 2568 tulerat

347 2594 349 2596 ·
381 2585 480 2628 deus)
493 2610 503 2626 ‚
529 2584 727 2628 retrogressi
742 2584 776 2617 in
791 2585 905 2617 urbem
920 2584 1141 2625 contendere,
1164 2588 1198 2616 et
1213 2584 1246 2616 in
1263 2593 1477 2627 supernarum
1491 2581 1650 2615 virtutum
1665 2578 1824 2625 principis

382 2630 558 2664 Michaelis
577 2630 734 2674 templum
749 2629 782 2662 in
799 2630 928 2674 Anapio
945 2629 1041 2663 situm
1058 2629 1266 2670 conveniunt,
1292 2629 1398 2661 adhuc
1413 2638 1526 2661 eorum
1541 2637 1628 2671 qnae
1644 2625 1824 2670 patraban-

373 2679 438 2717 *tur
454 2674 569 2708 nescii.
622 2681 659 2708 at
674 2675 731 2708 ubi
747 2686 786 2708 eo
804 2675 1071 2718 conimigrassent
1084 2701 1094 2717 ‚
1127 2673 1288 2707 certiores
1303 2673 1425 2706 redditi
1440 2673 1474 2705 in
1490 2672 1604 2705 urbem
1619 2680 1754 2714 gressus
1768 2669 1824 2701 fe-

383 2721 518 2754 stinant.
551 2719 587 2753 id
603 2720 772 2753 Romanae
788 2720 904 2764 copiae
920 2720 1107 2763 audientes,
1129 2719 1207 2762 igne
1220 2719 1253 2752 in
1270 2718 1463 2751 Latinorum
1479 2717 1594 2750 domos
1610 2726 1714 2760 prope
1729 2714 1824 2747 littus

384 2765 574 2799 adiacentes
598 2765 764 2809 immisso,
796 2776 854 2799 eas
869 2769 1104 2809 corrumpunt,
1137 2769 1171 2798 et
1192 2769 1269 2798 ante
1294 2763 1377 2797 alias
1396 2763 1598 2796 Venetorum
1621 2760 1825 2802 aliarumque

385 2811 546 2858 deinceps
562 2810 738 2854 nationum,
762 2820 846 2856 quas
862 2810 1006 2856 Campos
1021 2814 1157 2846 vocant.
1195 2809 1306 2844 Latini
1322 2807 1483 2843 incendiis
1500 2808 1613 2842 urbem
1628 2803 1823 2840 inflammari
