1924 3242
295 186 359 231 28
929 150 1112 232 iosus

294 303 544 358 παραχρῆμα
576 298 804 355 κατηνέχθη
833 299 937 354 μετὰ
964 299 1065 356 ἤχου
1092 305 1245 344 πολλοῦ
1269 305 1336 345 καὶ
1362 305 1588 362 συνετρίβη.
1655 300 1678 347 ὃ
1707 305 1752 348 δὲ

292 370 437 426 Νέρων
456 366 634 419 ἀκούσας
657 366 718 411 ὅτι
741 366 980 426 πεφόνευται
1001 371 1139 425 Σίμων
1155 368 1234 413 ὖπὸ
1253 372 1416 429 Πέτρου
1437 374 1503 415 καὶ
1521 371 1751 429 ἀγανακτή-

292 453 369 487 σας
387 437 586 479 ἒκέλευσεν
609 436 732 479 αὐτὸν
753 441 1055 494 σταυρωθῆναι.
1122 437 1143 481 ὅ
1164 440 1207 491 δὲ
1229 436 1514 496 παρακαλέσας
1532 441 1602 484 τὸν
1621 441 1748 499 ἔπαρ-

288 522 364 559 χον
378 507 448 547 ἰ’να
469 504 527 560 μὴ
558 504 702 563 ὄρθιος
728 510 973 564 σταυρωθῇ,
1016 505 1121 549 κατὰ
1145 508 1323 550 κέλευσιν
1343 507 1584 567 ἐσταυρώθη
1606 503 1750 560 καθώς

236 581 268 615 D
291 574 458 628 ἠξίωσεν
478 574 522 615 ἐκ
543 577 695 630 πολλῆς
713 573 1070 632 μετριοφροσύνης.
1135 575 1239 629 μετὰ
1259 576 1303 617 δὲ
1322 581 1463 619 τοῦτον
1487 579 1554 620 καὶ
1576 579 1779 629 Παῦλος-6

289 641 360 684 τὸν
380 641 448 683 διὰ
468 642 611 699 ξίφους
630 645 704 685 τοῦ
720 643 946 700 μαρτυρίου
967 644 1166 700 στέφανον
1187 642 1423 699 ἀνεδήσατο.
1493 643 1514 687 ὅ
1538 645 1585 687 δέ
1600 661 1644 701 γε
1663 647 1749 690 N!-

289 727 372 768 ρων
390 711 708 768 κραταιουμένης
729 711 840 768 αὐτῷ
857 715 929 766 τῆς
952 712 1080 768 ἀρχῆς
1100 714 1156 762 εἷς
1174 712 1339 763 ἀνοσίας
1354 709 1524 769 πράξεις
1542 714 1610 755 καὶ
1632 731 1747 767 μιαι-
1782 700 1785 705 1

289 779 433 836 φονίας
453 780 521 820 καὶ
541 780 768 834 θεομαχίας
789 776 967 830 ἐξώκειλε
981 812 993 831 ,
1042 782 1108 822 καὶ
1139 779 1267 830 οὕτως
1299 782 1342 823 ἐκ
1371 786 1445 837 τῆς
1476 780 1578 837 ἄγαν
1599 782 1750 836 μανίας

290 846 580 902 ἄποκτονηθεὶς
602 850 657 897 εἷς
679 846 916 904 προάστειον
936 848 1113 898 ἐξελθὼν
1134 846 1278 890 ἑαυτὸν
1301 851 1576 907 διεχειρίσατο.
1611 847 1750 892 ὡσαύ-

289 931 370 965 τως
413 916 457 957 δὲ
498 917 565 959 καὶ
607 914 791 966 Πιλάτος
838 917 1036 967 ποικίλαις
1075 916 1298 975 περιπεσών
1336 925 1568 976 συμφοραῖς
1605 914 1747 961 ἑαυτὸν
1759 923 1804 958 10

286 982 434 1026 ἀνεῖλε.

420 1071 547 1116 Μετὰ
577 1074 621 1117 δὲ
651 1074 824 1131 Νέρωνα
859 1073 1091 1129 ἐβασίλευσε
1122 1073 1292 1130 Γάλβας
1324 1078 1457 1130 μῆνας
1479 1072 1536 1128 ζ’,
1577 1074 1681 1130 μετὰ
1703 1075 1748 1118 δὲ

284 1139 453 1196 Γάλβαν
475 1142 707 1196 ἐβασίλευσε
723 1144 954 1197 Λουκίβιος
974 1147 1106 1197 μῆνας
1124 1142 1175 1199 γ’,
1208 1142 1312 1198 μετὰ
1333 1144 1377 1186 δὲ
1395 1145 1625 1198 Λουκίβιον
1647 1145 1747 1198 ἔβα-

283 1211 463 1252 σίλευσεν
487 1210 717 1260 Οὐϊτέλλιος
735 1214 868 1265 μῆνας
883 1209 941 1264 β’,
983 1210 1052 1253 καὶ
1082 1209 1240 1268 ἐσφάγη
1260 1211 1384 1265 μέσον
1404 1216 1477 1266 τῆς
1491 1209 1650 1267 Ῥώμης
1667 1209 1746 1255 ὗπὸ

280 1281 355 1319 τοῦ
377 1275 523 1332 δήμου.
1757 1278 1800 1314 15

138 1376 166 1409 Ρ
193 1375 259 1413 164
416 1368 544 1411 Μετὰ
566 1368 610 1410 δὲ
637 1366 867 1410 Οὐϊτέλλιον
896 1367 1152 1421 ἐβασίλευσεν
1175 1366 1482 1419 Οὐεσπασιανὸς
1496 1364 1585 1419 υἱός
1601 1368 1746 1427 Νέρω-

280 1453 348 1487 νος
368 1434 434 1491 ἴτη
451 1434 514 1478 θ’.

415 1524 542 1570 Μετὰ
561 1526 605 1568 δὲ
631 1523 936 1568 Οὐεσπασιανὸν
957 1524 1190 1578 ἐβασίλευσε
1211 1529 1335 1575 Τῖτος
1352 1526 1440 1576 υἱὸς
1461 1526 1588 1569 αὐτοῦ
1607 1525 1674 1582 ἴτη
1694 1525 1744 1583 γ’.

279 1596 348 1638 καὶ
376 1593 465 1655 ὥρα
491 1598 638 1652 θερινῇ
656 1593 902 1650 πανημέριον
922 1588 1214 1650 ὁδοιπορήσας,
1255 1595 1322 1635 καὶ
1346 1592 1652 1651 αἶμορραγῆσας
1673 1595 1743 1637 διὰ

279 1668 361 1706 τῶν
378 1661 595 1720 μυκτήρων
612 1660 691 1704 ὑπὸ
711 1666 785 1704 τοῦ
802 1660 917 1716 ἡλίου
941 1663 1218 1718 συμφλεχθεὶς
1233 1663 1300 1703 καὶ
1319 1661 1423 1703 πάνυ
1440 1662 1799 1718 λιποθυμήσας,ἓο

279 1730 336 1774 ἔτι
358 1732 535 1785 ἐμπνέων
563 1729 764 1785 ἐνεβλήθη
791 1731 847 1779 εἰς
867 1728 937 1772 τὸν
957 1728 1089 1787 τάφον
1110 1729 1223 1786 παρὰ
1245 1730 1502 1784 Δομετιανοῦ
1522 1735 1596 1773 τοῦ
1621 1732 1743 1774 ἀδελ-

280 1804 364 1856 φοῦ
384 1799 511 1841 αὐτοῦ
532 1799 626 1841 κατ’
653 1797 868 1855 ἐπιτροπὴν
890 1802 963 1853 τῆς
980 1797 1167 1853 γυναικὸς
1189 1796 1357 1850 τούτου,
1406 1800 1472 1840 καὶ
1502 1797 1631 1850 οὕτως
1657 1801 1742 1842 ε’τε-

277 1866 442 1922 λεύτησε
471 1866 581 1924 πάσῃ
614 1867 870 1925 ἀγαθουργίιιι
889 1867 955 1908 καὶ
979 1864 1223 1923 σωφροσύνῃ
1246 1867 1562 1922 κεκοσμημένος,
1592 1868 1742 1919 πένθος

277 2047 333 2076 tus
349 2041 535 2076 confractis
551 2040 707 2076 membris
719 2039 862 2075 interiit.
907 2039 1053 2074 Simonis
1075 2039 1212 2074 caedem
1236 2039 1293 2073 ubi
1319 2039 1459 2074 rescivit
1471 2039 1568 2074 Nero
1593 2051 1614 2075 a
1632 2041 1737 2075 Petro

276 2092 467 2133 patratam,
498 2099 603 2132 aegre
626 2087 739 2120 ferens
765 2085 999 2120 contumeliam
1025 2086 1059 2119 in
1074 2097 1208 2120 crucem
1225 2085 1282 2129 agi
1298 2085 1435 2119 Petrum
1450 2086 1559 2120 iussit.
1611 2086 1737 2120 Petrus

276 2134 488 2178 praefectum
513 2133 720 2178 deprecatus
748 2143 791 2165 ne
820 2135 935 2165 rectus
961 2131 1052 2165 cruci
1069 2131 1276 2176 ‘affigeretur
1298 2130 1462 2173 obtinuit3
1497 2131 1588 2165 illius
1610 2131 1737 2177 quippe

275 2179 388 2219 iussu,
423 2184 462 2212 ut
476 2179 551 2223 ipse
567 2189 629 2223 pro
646 2189 708 2211 sua
723 2177 909 2211 humilitate
926 2181 1125 2222 optaverat,
1160 2176 1251 2210 cruci
1273 2176 1374 2210 datus
1393 2182 1458 2212 est.
1506 2181 1583 2222 post
1596 2176 1736 2212 Petrum

275 2225 403 2258 Paulus
417 2225 531 2268 gladio
547 2223 700 2268 martyrii
716 2234 873 2256 coronam
889 2222 1031 2267 accepit.
1070 2221 1165 2256 Nero
1182 2226 1305 2262 autem,
1327 2232 1401 2254 cum
1417 2221 1465 2255 illi
1482 2223 1736 2266 protraheretur

276 2269 449 2315 imperium
461 2296 471 2311 ,
505 2269 540 2302 in
558 2269 690 2302 nefaria
705 2279 745 2301 ac
762 2268 962 2301 detestanda
978 2268 1109 2301 scelera
1123 2268 1326 2311 infamesque
1341 2267 1463 2301 caedes
1476 2267 1657 2322 prolapsus
1671 2273 1735 2311 est,

276 2314 364 2349 adeo
386 2319 426 2348 ut
447 2314 579 2347 immani
599 2315 717 2347 furore
732 2313 879 2358 percitus
895 2314 1125 2357 effer-utusque
1139 2313 1171 2346 in
1187 2313 1348 2346 suburbio
1364 2324 1480 2346 manus
1495 2313 1559 2347 sibi
1572 2314 1735 2348 intulerit.

276 2360 328 2395 sic
341 2371 478 2406 quoque
492 2359 622 2393 Pilatus
636 2358 740 2392 variis
755 2358 998 2392 calamitatibus
1015 2358 1126 2392 victus
1140 2369 1256 2392 manus
1270 2357 1334 2391 sibi
1350 2357 1522 2392 conscivit.

368 2428 456 2462 Post
470 2427 641 2461 Neronem
657 2426 787 2459 Galbas
801 2425 975 2470 imperium
992 2426 1237 2459 administravit
1249 2436 1381 2459 menses
1396 2429 1537 2472 septem,
1552 2430 1632 2471 post
1647 2429 1735 2462 Gal-

276 2474 354 2508 bam
372 2472 533 2508 Lucibius
548 2482 676 2506 menses
691 2476 773 2513 tres,
796 2475 875 2515 post
890 2470 1064 2505 Lucibium
1080 2471 1234 2505 Vitellius
1248 2482 1379 2505 menses
1394 2471 1492 2507 duos.
1533 2478 1570 2507 et
1583 2484 1605 2508 a
1618 2473 1733 2508 multi-

275 2519 393 2554 tudine
407 2519 441 2553 in
456 2517 564 2552 medio
578 2518 708 2551 Romae
721 2516 906 2550 trucidatus
920 2521 984 2549 est.

366 2588 452 2622 Post
467 2585 638 2621 Vitellium
652 2584 882 2630 Vespasianus
897 2584 1044 2618 Neronis
1063 2585 1152 2618 filius
1172 2595 1279 2618 annos
1294 2595 1427 2620 novem.

368 2654 456 2688 Post
471 2654 716 2698 Vespasianum
732 2653 834 2687 Titus
849 2652 938 2686 filius
952 2663 1056 2685 annos
1071 2656 1151 2686 tres.
1199 2652 1253 2686 hic
1268 2664 1342 2687 cum
1357 2657 1489 2687 aestate
1505 2653 1632 2687 solibus
1647 2653 1731 2687 cali-

278 2700 414 2736 dissima
429 2711 490 2745 per
506 2700 595 2733 diem
610 2700 775 2743 integrum
790 2698 856 2732 iter
870 2698 1108 2738 continuasset,
1127 2698 1230 2732 radiis
1246 2699 1325 2732 solis
1342 2703 1481 2733 exustus
1496 2698 1733 2744 sanguinisque

279 2760 299 2780 e
321 2746 456 2780 naribus
480 2746 656 2790 eruptione
680 2745 779 2778 animi
802 2743 979 2787 deliquium
1000 2754 1122 2789 passus
1145 2748 1214 2787 est,
1250 2748 1285 2777 et
1311 2744 1419 2778 adhuc
1437 2744 1577 2778 animam
1593 2755 1696 2788 agens
1710 2755 1731 2778 a

278 2791 470 2826 Domitiano
495 2792 600 2825 fratre
622 2791 778 2825 suasione
800 2790 913 2823 uxoris
929 2789 1002 2823 Titi
1018 2790 1052 2822 in
1068 2789 1281 2833 sepulchrum
1297 2790 1494 2831 coniicitur,
1528 2790 1644 2835 sicque
1657 2789 1730 2837 uni-

280 2849 365 2873 mam
381 2837 524 2881 efflavit,
543 2837 669 2884 optima
685 2836 773 2871 vitae
788 2835 920 2870 ratione
932 2834 1026 2879 inita,
1043 2834 1247 2869 continentia
1262 2840 1298 2870 et
1312 2835 1438 2870 iustitia
1455 2835 1609 2878 celebris,
1624 2834 1730 2868 omni-
