1924 3242
743 148 1000 193 ANNALES.
1531 148 1595 196 91

151 278 228 318 γαν
245 259 514 315 πδομέστικον,
542 258 598 311 ὥς
619 259 670 304 ἂν
689 258 910 314 ὖπείκοιντο
938 260 1084 314 πάντες
1105 262 1216 321 αὐτῷ
1237 253 1304 305 καὶ
1326 267 1408 312 τοῖς
1427 259 1501 304 ὕπ’
1523 262 1599 307 αὗ-

150 331 226 373 τσό
249 328 474 385 λεγομένοις
495 345 537 372 τε
569 330 636 371 καὶ
673 332 972 387 πραττομένοις.
1040 330 1062 375 ὃ
1080 332 1154 387 μὲν
1176 325 1246 374 οὖν
1265 329 1456 386 βασιλεὺς
1473 332 1528 380 εἷς
1547 331 1599 373 τὰ

119 435 124 438 .
149 399 223 452 φῆς
243 396 296 440 ἕω
314 397 418 454 μέρη
442 396 689 455 διαπεράσας
712 400 834 455 διῆγε,
868 402 935 442 καὶ
958 399 1027 442 τὸν
1044 398 1294 458 Δημήτριον,
1330 399 1374 442 ὃν
1393 398 1465 454 τῆς
1487 399 1594 442 Θεσ-

150 465 392 511 σαλονικέων
414 465 542 523 ἀρχῆς
561 470 771 520 καθεῖλεν,
803 468 844 510 ἐν
863 472 922 525 τῷ
946 471 1126 527 φρουρίῳ
1146 470 1365 526 καθείρξας
1383 471 1463 511 τῶν
1482 469 1594 511 Λεν-
1617 471 1648 507 C

115 537 297 578 ὅτιανῶν
317 531 460 591 ἐτήρει.
528 532 550 576 ὅ
570 536 614 578 δὲ
629 535 754 591 μέγας
771 536 1003 590 ὃομέστικος
1019 537 1150 592 ὀλίγον
1169 537 1347 592 ἐπιβιοὺς
1363 535 1511 594 χρόνον
1528 538 1596 579 καὶ

125 605 283 659 ,καλῶς
312 602 542 660 διαπρέψας
575 604 616 646 ἐν
651 608 702 661 τῇ
732 603 876 647 τούτου
909 605 1038 662 ἀρχῇ,
1071 603 1247 660 νοσήσας
1280 607 1346 647 καὶ
1376 605 1448 660 τὴν
1477 606 1596 662 τρίχα

147 669 366 728 ἆποκαρεὶς
388 671 435 714 τὸ
459 675 575 726 βιοῦν
597 673 862 730 ἔξεμέτρησεν.
931 671 1134 728 ἀπεστάλη
1157 674 1200 715 δὲ
1222 673 1311 716 ἄντ’
1341 673 1467 715 αὐτοῦ
1490 672 1594 716 Θεό-

148 739 281 796 δωρος
310 737 332 782 ὃ
368 741 497 795 Φιλῆς
526 739 615 783 ἄντ’
650 741 775 784 αὐτοῦ
806 742 950 785 διέπειν
974 741 1027 784 τὰ
1047 746 1120 796 τῆς
1141 741 1280 798 ἀρχῆς.
1349 742 1431 783 ἐπεὶ
1455 743 1497 783 δὲ
1516 740 1594 783 ὑπὸ

147 805 218 851 τὸν
247 808 420 861 βασιλέα
447 807 612 864 ἐγεγόνει
645 810 917 866 Θεσσαλονίκη
945 812 1013 853 καὶ
1035 811 1236 867 Βέρροια,
1270 808 1323 852 τὰ
1346 809 1497 851 ἐκεῖθεν
1519 809 1594 852 αὖ-

92 878 228 921 1οτὥν
261 877 328 918 καὶ
357 875 460 933 πρὸς
489 877 646 931 δυσμὰς
678 878 756 920 ἀπὸ
788 883 862 921 τοῦ
889 881 1174 933 Πλαταμῶνος
1197 875 1401 935 ἀρχόμενα
1425 875 1504 919 ὕπὸ
1526 877 1594 920 τὸν

147 941 342 999 δεσπότην
357 944 532 1000 Μιχαὴλ
554 946 711 988 ἐτέλουν
717 978 731 998 ,
765 945 822 989 ἔτι
842 964 884 990 τε
905 948 957 990 τὰ
973 949 1062 1004 περὶ
1079 948 1332 1003 Πελαγονίαν
1353 946 1595 1003 καὶἈχρίδα

144 1011 214 1053 καὶ
231 1012 460 1070 Πρίλαπον.
505 1013 600 1064 τοὺς
621 1015 664 1057 δὲ
685 1015 895 1070 Βοόηνοὺς
914 1018 982 1058 καὶ
1002 1017 1232 1073 Σταρίὸολα
1256 1013 1439 1069 Στρόβον
1463 1032 1503 1057 τε
1528 1016 1595 1057 καὶ

73 1126 77 1132 ,
144 1078 198 1121 τὰ
229 1081 319 1138 περὶ
345 1085 475 1123 ταῦτα
506 1079 528 1123 ὅ
557 1086 632 1124 τοῦ
657 1083 896 1143 Δημητρίου
923 1084 1055 1142 πατὴρ
1078 1089 1152 1127 τοῦ
1173 1083 1349 1139 Μιχαὴλ
1370 1084 1412 1126 δὲ
1437 1088 1550 1133 θεῖος
1572 1081 1594 1125 ὃ

136 1145 321 1205 Ἄγγελος
343 1155 499 1204 κατεῖχε
525 1149 750 1209 Θεόδωρος.

90 1225 135 1261 15
188 1256 190 1259 ,
280 1214 362 1262 47.
421 1215 472 1260 ‘O
493 1219 566 1272 μὲν
588 1214 658 1262 οὖν
675 1220 866 1275 βασιλεὺς
886 1221 927 1263 ἓν
947 1227 1031 1271 τοῖς
1053 1225 1127 1263 τοῦ
1148 1221 1372 1278 Νυμφαίου
1392 1237 1587 1277 παραχει-
1609 1227 1641 1262 D

142 1281 281 1338 μάσας
307 1278 406 1342 ἦρος
433 1287 646 1342 φανέντος,
681 1288 814 1345 ὥσπερ
850 1287 1008 1341 εἰώθει,
1043 1288 1145 1346 ἐξῄει
1178 1290 1329 1331 ἐκεῖθεν
1337 1320 1350 1341 ,
1380 1289 1593 1345 ἐκεχειρίαν

144 1352 188 1394 δὲ
209 1352 252 1403 ἐξ
273 1349 460 1396 ἁπάντων
482 1353 583 1409 ἔχων
604 1363 689 1406 τοῖς
711 1355 996 1411 πλησιάζουσιν
1022 1357 1158 1400 ἄστεσι
1189 1361 1262 1411 τῆς
1285 1358 1591 1399 Κωνσταντίνου

142 1421 211 1462 καὶ
244 1421 357 1478 παρὰ
381 1422 577 1466 Λατίνων
604 1426 927 1482 κεκρατημένοις,
958 1430 1009 1483 τῇ
1038 1427 1282 1483 Τζουρουλῴ
1313 1427 1417 1482 φημὶ
1446 1427 1513 1467 καὶ
1542 1429 1593 1482 τῇ

141 1487 292 1546 Βιζύῃ,
316 1491 534 1534 ἐπιθέσθαι
561 1494 794 1548 τεθέληκεν·
829 1492 938 1551 ἑώρα
960 1496 1027 1536 καὶ
1049 1494 1130 1551 γὰρ
1151 1492 1255 1535 πάνυ
1281 1493 1332 1536 τὰ
1356 1498 1436 1536 τῶν
1453 1495 1593 1536 Λατί-

86 1565 221 1600 Quum*
248 1557 518 1614 ἢσθενημένα.
588 1563 898 1619 διαπεραιωθεὶς
926 1567 1023 1618 γοῦν
1052 1563 1122 1606 τὸν
1149 1560 1442 1618 Ἑλλήσποντον
1474 1563 1515 1604 ἓν
1543 1566 1595 1620 τῇ

229 1665 255 1700 3
275 1663 340 1700 καὶ
363 1663 454 1711 τὸν]
477 1665 545 1702 τὸν
575 1666 615 1703 δὲ
642 1668 675 1703 D
835 1670 856 1705 5
881 1668 1054 1715 ἐφρούρει
1079 1670 1112 1705 D
1270 1670 1340 1706 τοῦ
1369 1667 1409 1706 δὲ
1432 1668 1592 1715 μεγάλου

231 1711 446 1766 δὀμεστίκου
472 1713 701 1759 νοσήσαντος
724 1714 788 1750 καὶ
808 1712 1062 1761 ἄποκαρέντος
1077 1714 1211 1761 ἐστάλη
1225 1716 1258 1751 D
1394 1718 1416 1751 8
1440 1712 1526 1750 ἄντ’
1546 1737 1593 1743 -

231 1757 348 1800 αρχῆς
371 1768 425 1792 om
455 1758 487 1792 D
623 1759 685 1795 καὶ
711 1759 791 1796 ἐπεὶ
815 1761 847 1795 D
983 1763 1006 1796 9
1028 1759 1098 1806 τὰ]
1125 1761 1187 1796 καὶ
1214 1760 1261 1796 τά
1288 1761 1322 1796 D
1461 1763 1505 1796 10
1523 1760 1593 1796 τὸν

229 1801 381 1846 Μιχαὴλ
407 1802 476 1838 τὸν
501 1804 683 1851 δεσπότην
703 1807 734 1841 D
875 1808 918 1843 11
941 1806 1012 1851 τὴν
1031 1808 1261 1852 Πελαγονίαν
1276 1806 1340 1841 καὶ
1354 1804 1543 1851 Ἀχρειδών
1560 1807 1592 1840 D

232 1848 277 1882 12
299 1848 476 1894 Στρωβός
493 1850 525 1885 D
643 1853 687 1887 13
708 1853 777 1887 τοῦ
796 1854 885 1898 Μιχ.
903 1873 949 1879 —-
968 1853 1162 1897 Θεόδωρος
1181 1865 1234 1887 om
1246 1854 1288 1890 D.
1319 1865 1379 1898 pro
1393 1854 1460 1887 τοῦ
1478 1858 1591 1886 autem

233 1893 338 1938 vulgo
357 1891 436 1929 τὸν.
557 1898 600 1932 15
622 1897 689 1941 μὲν
704 1910 757 1932 om
773 1899 804 1932 D
928 1901 971 1935 16
993 1896 1114 1942 ὥσπερ
1131 1918 1178 1924 -
1196 1897 1477 1942 κεκρατημένοις
1492 1910 1545 1932 om
1558 1899 1589 1931 D

233 1939 278 1973 18
300 1939 394 1983 Φημὶ
411 1951 464 1975 ⁰¹1¹
482 1941 514 1975 D
653 1944 695 1978 19
715 1941 813 1989 ἑώρα
827 1964 872 1971 —
887 1957 923 1991 p.
938 1946 995 1990 92,
1012 1947 1031 1981 1
1051 1942 1226 1990 ἄφίκετο]
1248 1943 1311 1979 καὶ
1332 1945 1480 1989 πρῶτον
1500 1941 1587 1988 ἄφί-

230 1994 315 2020 κετο
333 1984 373 2020 ἐν
390 1987 436 2032 τῇ
454 1988 671 2036 Τζουρουλῷ
687 1990 730 2024 D.

140 2075 204 2110 bns
231 2085 389 2121 magnum
417 2078 652 2124 domesticum,
677 2084 716 2115 ut
740 2081 827 2115 illius
852 2081 994 2126 imperia
1015 2092 1125 2126 aeque
1149 2092 1190 2116 ac
1212 2080 1339 2115 subditi
1359 2083 1588 2126 capesserent,

139 2127 323 2167 praecepta
345 2127 436 2158 sarta
459 2129 551 2159 tecta
576 2126 761 2170 haberent,
792 2128 894 2162 rebus
917 2128 1075 2172 gerendis
1099 2127 1387 2168 obsecundarent,
1410 2127 1590 2172 praefecit.

139 2177 222 2212 ergo
237 2167 421 2214 imperator
434 2182 607 2215 regressus
622 2173 656 2206 in
673 2173 816 2208 Oriente
830 2173 988 2217 degebat.
1033 2173 1239 2207 Demetrium
1265 2184 1285 2206 a
1305 2172 1589 2206 Thessalonicen-

139 2212 224 2247 sium
252 2213 423 2250 dominatu
449 2218 662 2253 exturbatum
684 2225 719 2252 et
742 2219 775 2252 in
792 2231 871 2254 arce
887 2219 1050 2253 Lentiana
1061 2220 1227 2253 occlusum
1243 2219 1277 2252 in
1293 2218 1477 2253 custodiam
1492 2218 1589 2252 misit.

137 2268 278 2303 magnus
292 2261 424 2296 interim
440 2262 642 2297 domesticus
659 2277 723 2298 non
739 2265 794 2298 diu
809 2265 880 2300 vita
895 2270 1067 2310 protracta
1077 2293 1087 2310 ,
1110 2265 1170 2299 sed
1198 2264 1256 2309 qui
1281 2276 1346 2298 non
1362 2264 1435 2298 sine
1449 2264 1589 2297 nominis

140 2307 177 2337 et
202 2304 331 2348 gloriae
356 2309 444 2342 sama
459 2309 492 2343 in
508 2310 793 2345 administratione
811 2322 848 2345 se
863 2316 1037 2356 gesserat,
1061 2311 1095 2345 in
1117 2310 1268 2345 morbum
1292 2309 1442 2344 incidens
1457 2309 1588 2355 capillis

139 2349 288 2384 detonsis
311 2352 414 2387 vitam
434 2354 542 2398 finiit3
571 2356 604 2390 in
632 2357 726 2391 cuius
748 2358 857 2391 locum
882 2358 1044 2391 suffectus
1066 2362 1118 2391 est
1143 2356 1346 2391 Theodorus
1368 2356 1502 2398 Philes,
1527 2355 1586 2400 qui

138 2395 215 2429 loco
231 2395 324 2430 'illius
346 2398 521 2444 imperium
546 2407 692 2446 regeret.
737 2404 880 2438 subacta
895 2403 1141 2438 Thessalonica
1155 2414 1196 2437 ac
1211 2403 1380 2444 Berroea,
1406 2413 1492 2447 quae
1510 2402 1587 2435 inde

139 2441 407 2496 extendebantur
421 2445 496 2481 loca
511 2447 552 2482 ad
569 2460 723 2483 occasum
739 2451 782 2484 ab
797 2461 905 2494 usque
919 2449 1116 2484 Platamone
1127 2475 1137 2489 ,
1162 2454 1197 2483 et
1219 2460 1438 2493 quaecunque
1459 2448 1503 2481 ad
1519 2449 1587 2482 Pe-

137 2487 305 2542 lagomam
326 2490 508 2526 Achridam
531 2497 567 2528 et
587 2495 758 2541 Prilapum
784 2496 992 2537 attinebant,
1028 2496 1090 2530 sub
1115 2495 1284 2529 Michaele
1309 2495 1451 2540 despota
1477 2499 1585 2537 erant,

138 2533 271 2568 Bodem
297 2535 470 2572 Staridola
493 2539 637 2575 Strobus
654 2547 689 2575 et
704 2542 795 2576 circa
810 2554 849 2576 ea
863 2541 938 2575 loca
952 2542 1014 2576 sub
1030 2541 1195 2576 Demetrii
1217 2541 1339 2577 fratre.
1386 2540 1585 2575 Michaelem

134 2583 277 2625 patruus
292 2581 439 2626 Angelus
452 2583 652 2620 Theodorus
666 2600 769 2633 penes
784 2600 822 2623 se
838 2587 996 2622 habebat.
1282 2627 1284 2630 ,

226 2626 285 2680 47..
331 2627 517 2673 Imperator
531 2642 602 2666 cum
618 2632 813 2678 Nymphaei
827 2634 1053 2675 hibernasset,
1076 2632 1214 2666 ineunte
1228 2644 1326 2674 vere,
1348 2643 1409 2665 suo
1425 2643 1515 2666 more
1531 2631 1585 2666 fa-

136 2671 247 2715 ciens,
271 2672 349 2707 inde
374 2685 552 2719 egressus,
575 2689 647 2712 cum
670 2680 814 2725 undique
836 2685 958 2724 pactae
980 2679 1129 2713 indutiae
1151 2678 1370 2712 cessationem
1388 2677 1468 2712 belli
1482 2678 1585 2711 fecis-

136 2722 231 2758 ⁸⁶¹¹t⁹
252 2719 407 2763 Pl'Oxima
429 2721 528 2766 Cpoli
551 2724 674 2769 oppida
691 2730 726 2759 et
739 2737 759 2759 a
775 2725 904 2759 Latinis
920 2736 1076 2770 possessa
1087 2750 1096 2768 ,
1120 2724 1304 2758 Tzurulum
1329 2723 1456 2758 scilicet
1472 2728 1507 2757 et
1524 2722 1583 2756 Bi-

135 2775 245 2809 zyam,
261 2764 349 2799 bello
365 2767 506 2811 aggredi
522 2768 680 2804 instituit:
703 2782 779 2805 nam
795 2770 958 2816 collapsas
968 2771 1165 2805 Latinorum
1179 2770 1271 2805 vires
1287 2769 1582 2805 animadverterat.

135 2820 240 2854 quaro
263 2815 396 2847 tranato
420 2813 646 2861 Hellesponto
671 2816 762 2862 apud
785 2817 971 2852 Tzur-ulum
992 2816 1098 2862 primo
1124 2816 1238 2852 sedem
1254 2815 1353 2852 locat.
1401 2819 1476 2851 erat
1492 2826 1531 2848 eo
1548 2813 1582 2848 iu
