1858 3236
323 180 425 228 108*
692 178 957 224 ›CONSTAN
959 179 1079 223 TIN1
1116 179 1385 231 MANASSIS

455 295 521 336 καὶ
539 294 769 336 Πλακιδίαν
789 292 971 351 ἀδελφὴν
991 287 1212 344 absarro&
1231 294 1455 355 βασιλέως,

315 360 429 405 2480
451 361 538 417 ἥτις
563 365 747 418 φυγοῦσα
765 355 952 418 παρευθὺ
973 362 1046 413 τὰς
1063 369 1202 419 χεῖρας
1220 366 1299 404 τῶν
1318 360 1542 419 βαρβάρων

450 432 608 485 σπουδῇ
630 429 730 486 πρὸς
747 429 817 481 τὸν
834 428 1027 488 εΟνιόριον
1047 431 1117 474 τὸν
1138 429 1315 486 ἀδελφὸν
1331 431 1516 486 ἐκτρέχει,

450 499 506 548 εἲς
518 496 732 551 Ῥάβενναν
754 497 1048 555 στερρόπυργον
1070 497 1184 540 πόλιν
1207 497 1550 554 προσπεφευγότα,

451 567 518 608 καὶ
538 567 804 624 Κωνσταντίῳ
829 565 1032 622 ζεύγνυται
1053 571 1111 624 τῷ
1134 565 1282 620 ταύτην
1303 564 1516 609 σεσωκότι·

450 634 493 684 ἐξ
513 628 568 676 ὧν
594 635 922 686 Οὐαλεντινιανὸς
944 634 964 676 ὃ
983 636 1069 685 νέος
1089 635 1306 688 ἀπετέχθη,

315 701 426 746 2485
453 700 474 744 ὅ
493 702 595 756 μετὰ
612 707 740 745 ταῦτα
759 703 951 757 βασιλεὺς
971 704 1225 756 ἀναδειχθεὶς
1240 706 1312 756 τῆς
1326 698 1494 755 Ῥώμης.

453 768 509 821 ὥς
528 771 571 812 δὲ
591 771 660 831 τὸν
670 775 772 825 χοῦν
788 770 999 828 Ἀρκάδιος
1020 771 1193 813 ἀπέθετο
1217 775 1290 813 τοῦ
1311 767 1496 824 σκήνους,

452 837 554 882 {aaz
577 839 672 881 δέκα
691 840 793 896 πρὸς
811 841 938 896 τρισὶν
958 840 1098 889 αἰσίως
1116 836 1385 897 βασιλεύσας,

452 911 524 962 τῆς
540 908 592 949 ἕω
616 906 834 958 Θεοδόσιος
854 906 1075 964 ἐγκάθηται
1092 914 1175 957 τοῖς
1194 905 1383 964 θρόνοις,

453 974 498 1018 ὃν
513 976 704 1030 βασιλεὺς
715 974 925 1032 Ἀρκάὸιος
946 978 987 1027 ἐξ
1008 976 1207 1026 Εὗδοξιάς
1225 975 1350 1029 ἔσχεν.

269 1047 299 1082 C
320 1042 431 1086 2490
518 1042 568 1086 Ὁ
589 1046 721 1086 τοίνυν
741 1043 958 1094 Θεοδόσιος
978 1046 1083 1087 ι’ὃίαν
1101 1044 1310 1100 θυγατέρα

452 1112 596 1166 πέμπει
622 1112 940 1170 Οὗαλεντινιανῷ
961 1113 1062 1170 πρὸς
1077 1111 1208 1168 γάμου
1231 1111 1451 1154 κοινωνίαν.

454 1180 559 1222 ἀλλὰ
576 1181 652 1238 γὰρ
671 1173 715 1223 τὸ
737 1180 953 1238 φιλήδονον
978 1179 1122 1225 τούτου
1145 1184 1218 1222 τοῦ
1241 1181 1396 1223 νεανίου

452 1251 520 1291 καὶ
542 1247 727 1303 λύττησις
747 1248 974 1299 ἀκάθεκτος
994 1247 1019 1304 ἣ
1042 1253 1114 1303 τῆς
1135 1249 1400 1305 φιλοσαρκιάς

454 1318 556 1371 ζωῆς
583 1317 705 1358 αὐτὸν
725 1318 909 1373 ἐστέρησε
931 1319 998 1358 καὶ
1020 1315 1193 1373 κράτους
1211 1316 1432 1370 βασιλείου,

316 1383 425 1427 2495
452 1387 519 1426 καὶ
540 1384 612 1439 τὴν
631 1389 704 1426 τοῦ
721 1386 862 1438 λέχους
884 1385 1072 1427 κοινωνὸν
1094 1383 1313 1439 κατήγαγεν
1334 1385 1389 1432 εἷς
1406 1380 1537 1438 ὓβριν.

452 1451 563 1502 ὅπως
588 1453 631 1495 δὲ
649 1456 766 1501 τοῦτο
786 1453 942 1508 γέγονεν
963 1451 1161 1510 εἰρήσεται
1183 1450 1403 1505 συντόμως.

519 1519 718 1574 ΖΗάξιμος
739 1516 788 1576 ἧν
810 1519 1002 1571 ὑπατικὸς
1024 1523 1065 1562 ἐν
1080 1519 1215 1577 Ῥώμῃ
1236 1515 1529 1576 πρωτιστεύων.

453 1587 584 1647 τούτῳ
604 1587 770 1646 συνῴκει
790 1587 952 1645 γύναιον
973 1590 1190 1647 ἐπέραστον
1213 1588 1285 1643 τὴν
1304 1587 1401 1641 ὄψιν
1410 1619 1423 1638 ,

453 1656 601 1708 κάλλος
623 1656 832 1712 ἀμήχανον
854 1658 1004 1711 αὗχοῢν
1014 1690 1027 1709 ,
1063 1662 1188 1712 κῆπος
1209 1656 1395 1712 ἄντικρυς
1411 1653 1604 1705 κάλλους·

314 1723 427 1768 2500
451 1724 610 1779 ἐκόσμει
635 1726 679 1767 δὲ
698 1725 743 1767 τὸ
764 1723 926 1781 γύναιον
948 1724 973 1780 ἡ
999 1724 1241 1782 σωφροσύνη
1261 1725 1394 1767 πλέον.

453 1792 550 1851 ὅπερ
574 1794 670 1835 ἰδών
691 1791 711 1835 ὅ
731 1794 923 1847 βασιλεὺς
943 1792 1145 1836 ἁλίσκεται
1169 1798 1227 1851 τῷ
1246 1791 1395 1843 κάλλει,

453 1864 521 1904 καὶ
544 1860 675 1904 πάντα
695 1860 828 1904 κάλων
847 1869 1024 1918 συγκινεῖ
1039 1861 1140 1919 πρὸς
1162 1861 1207 1904 τὸ
1228 1867 1360 1915 τυχεῖν
1379 1863 1452 1902 τοῦ
1472 1857 1621 1902 πόθου.

363 1969 454 2006 2483
478 1966 644 2013 ζεύγνυσι
662 1969 696 2003 R
808 1981 846 2004 V.
862 1967 953 2005 2487
972 1981 1025 2003 om
1044 1969 1078 2003 R
1191 1969 1281 2005 2489
1302 1966 1400 2011 ἔσχεν
1418 1965 1456 2010 ἐξ
1473 1964 1658 2009 Εύδοξίας
1675 1966 1778 2001 AMR

362 2015 454 2051 2490
473 2016 614 2050 οἰκείαν
636 2016 670 2049 R
714 2014 806 2052 2492
827 2015 941 2050 τοῦδε
960 2015 1065 2050 AMR
1109 2013 1201 2051 2493
1225 2013 1264 2059 ἡ]
1289 2012 1327 2049 ἐκ
1345 2015 1379 2049 R
1449 2014 1541 2048 2502
1559 2014 1723 2047 συνωθεῖ
1738 2012 1778 2046 Μ

317 2108 411 2142 ricus
443 2106 677 2153 imperatoriis
708 2106 833 2151 opibus
865 2106 999 2153 potitur
1031 2109 1067 2142 et
1100 2106 1178 2151 ipsa
1207 2105 1426 2151 imperatoris
1457 2116 1579 2139 sorore
1609 2104 1778 2148 Placidia‚

320 2166 410 2200 quae
429 2166 508 2187 mox
532 2155 575 2187 de
598 2154 823 2187 barbarorum
844 2153 1000 2186 manibus
1024 2152 1143 2199 elapsa
1172 2152 1334 2188 celeriter
1356 2152 1400 2185 ad
1419 2151 1613 2186 Honorium
1636 2151 1779 2185 fratrem

318 2212 357 2234 se
380 2198 545 2243 contulit,
579 2198 639 2245 qui
662 2199 883 2242 Ravennam,
917 2200 1037 2232 urbem
1056 2199 1238 2242 munitam,
1263 2198 1479 2242 profugerat.
1528 2202 1583 2230 est
1606 2202 1718 2230 autem
1742 2196 1779 2230 in

319 2244 571 2279 matrimonium
600 2243 765 2277 collocata
785 2244 1011 2287 Constantio,
1048 2256 1114 2289 per
1132 2256 1233 2288 quem
1253 2248 1394 2277 servata
1419 2243 1555 2283 fuerat3
1589 2243 1702 2285 deque
1724 2241 1779 2275 his

319 2290 583 2324 Valentinianus
607 2289 723 2323 iunior
744 2295 946 2333 procreatus
966 2294 1032 2332 est,
1058 2290 1118 2334 qui
1138 2290 1325 2324 secundum
1343 2289 1429 2322 haec
1450 2287 1580 2321 Romae
1597 2287 1779 2332 imperium

317 2341 522 2371 consecutus
542 2335 622 2369 fuit.
661 2340 888 2379 posteaquam
905 2335 1074 2369 Arcadius
1093 2341 1267 2369 terrenam
1288 2334 1443 2379 corporis
1465 2333 1587 2367 molem
1604 2334 1778 2377 deposue-

316 2387 374 2416 rat
389 2408 398 2424 ,
424 2380 647 2414 Theodosius
670 2380 707 2413 in
729 2379 906 2413 orientalis
932 2381 1070 2426 imperii
1095 2380 1216 2415 solium
1246 2379 1452 2423 collocatur,
1483 2390 1585 2424 quem
1607 2377 1779 2414 Arcadius

316 2440 362 2462 ex
383 2427 546 2462 Eudoxia
570 2425 716 2470 coniuge
738 2431 920 2469 genuerat.
1465 2424 1468 2427 ⁴

408 2473 443 2506 Is
465 2472 570 2506 filiam
593 2483 689 2505 suam
711 2471 955 2506 Valentiniano
982 2472 1027 2505 ad
1048 2470 1201 2514 coniugii
1224 2471 1426 2506 societatem
1447 2470 1563 2513 misit,
1602 2481 1704 2515 quem
1722 2469 1779 2506 iu-

317 2530 441 2553 venem
462 2517 677 2563 voluptatum
706 2528 801 2552 amor
834 2522 867 2550 et
898 2516 1054 2552 insanum
1085 2517 1237 2551 studium
1266 2516 1429 2561 explendi
1455 2516 1619 2551 libidines
1650 2515 1778 2559 carnis,

317 2565 411 2610 quod
435 2564 536 2598 nullis
555 2562 708 2598 inhiberi
726 2562 872 2596 vinculis
890 2567 1050 2606 poterat,
1077 2574 1147 2596 non
1167 2562 1313 2606 imperio
1336 2567 1469 2596 tautum
1491 2563 1554 2598 sed
1578 2561 1681 2595 etiam
1705 2560 1779 2595 vita

308 2609 506 2655 spoliavit,
535 2609 716 2654 ipsamque
742 2608 837 2642 vitae
865 2608 993 2641 sociam
1018 2607 1167 2641 iniuriae
1199 2607 1341 2642 alterius
1373 2608 1556 2653 exposuit3
1600 2618 1691 2652 quae
1721 2617 1779 2641 res

320 2661 389 2702 quo
413 2661 516 2700 pacto
536 2661 636 2699 gesta
654 2653 773 2698 fuerit,
797 2653 956 2688 breviter
978 2659 1184 2697 exponetur.

410 2701 500 2735 Erat
518 2701 554 2734 in
573 2702 659 2734 urbe
678 2702 789 2735 Roma
809 2700 862 2734 vir
880 2698 1069 2734 consularis
1093 2699 1276 2743 Maximus,
1300 2699 1405 2734 facile
1422 2699 1586 2744 princeps
1604 2697 1697 2732 inter
1720 2708 1779 2730 ce-

321 2751 430 2782 teros.
478 2747 627 2780 habebat
661 2746 692 2779 is
723 2757 865 2780 uxorem
899 2744 1050 2788 eleganti
1074 2745 1267 2789 praeditam
1297 2745 1410 2789 faeie,
1448 2755 1608 2790 quaeque
1636 2747 1781 2788 propter

323 2797 540 2827 venustatem
563 2793 695 2825 formae
718 2791 856 2835 quidam
879 2790 976 2824 velut
995 2790 1114 2825 hortus
1133 2790 1399 2844 pulchritudinis
1422 2803 1500 2824 esse
1519 2790 1721 2829 videretur3
1745 2792 1782 2821 et

324 2840 471 2874 ornabat
495 2838 638 2873 eandem
663 2837 768 2872 multo
795 2838 899 2872 etiam
928 2835 1038 2882 magis
1067 2842 1209 2873 castitas
1239 2842 1345 2882 atque
1367 2835 1550 2883 pudicitia.
1597 2845 1673 2870 cum
1693 2833 1781 2869 hanc
