1924 3242
300 194 395 242 284
678 199 1048 243 CONSTANTINI
1079 199 1196 243 MAN
1196 201 1340 245 Assls

431 312 498 351 καὶ
515 311 731 367 πορφυρίδι
749 311 823 364 μὲν
843 309 963 361 αὐτὸς
980 319 1183 366 κοσμεῖται
1200 311 1482 373 χρυσοπάστῳ,

431 375 454 419 ὅ
472 379 563 433 πρὶν
580 379 623 419 δὲ
643 376 802 435 κράτωρ
823 378 996 433 Μιχαὴλ
1013 381 1156 435 γίνεται
1175 380 1447 438 μελαμφόρος,

430 443 553 487 ἔτεσιν
569 443 613 496 (ἐξ
633 444 872 501 γευσάμενος
889 451 961 488 τοῦ
977 450 1180 501 βασιλείου
1201 447 1383 504 κράτους,

244 522 276 555 D
432 512 534 554 ἀλλὰ
551 513 627 569 γὰρ
645 512 911 567 ἐκλαθόμενος
932 513 1056 557 αὑτοῦ
1074 533 1114 558 τε
1132 517 1198 557 καὶ
1214 520 1286 558 τοῦ
1306 514 1439 573 γήρως

296 582 404 622 6680
430 578 451 621 ὃ
472 581 596 637 γέρων
617 579 637 622 ὃ
657 582 893 637 παλαιγενὴς
915 577 1030 632 οὗτος
1053 581 1074 624 ὃ
1094 581 1328 639 Νικηφόρος

428 652 477 704 τῇ
496 653 645 704 γαμετῇ
662 653 735 691 τοῦ
748 649 920 704 Μιχαὴλ
938 649 1138 706 ζεύγνυται
1157 649 1267 708 νόμω
1286 649 1430 705 γάμου,

428 717 493 757 καὶ
512 720 638 758 ταῦτα
654 718 778 774 γέρων
794 722 993 777 τρυφερᾷ,
1027 719 1224 772 πέμπελος
1238 716 1427 774 νεαζούσῃ
1439 731 1449 741 ·

430 783 551 825 αὐτὸν
570 785 612 826 δὲ
628 783 901 841 βαρυνόμενον
923 787 988 827 καὶ
1017 788 1385 839 δυσανασχετοῦντα

429 855 500 905 τῆς
517 851 710 908 Ἐφεσίων
729 851 881 903 πόλεως
900 853 1066 907 ποιμένα
1085 851 1331 896 καθιστάνει.

296 917 408 961 6685
432 917 621 972 καμάτων
637 920 677 961 δ’
706 919 945 974 ἀπεχόμενος
967 925 1047 963 τῶν
1067 921 1169 963 κατὰ
1189 921 1283 971 τοὺς
1303 920 1498 974 πολέμους

428 984 602 1041 ἐκάθητο
615 992 896 1044 χρυσοφορῶν,
930 987 1198 1043 κοσμούμενος
1218 989 1383 1045 ἀμφίοις

428 1053 589 1104 ἀκτῖνας
608 1053 879 1114 άπαυγάζουσι
897 1054 1166 1113 πυρράζοντος
1182 1057 1364 1112 χρυσίου,

429 1124 611 1177 λουτροῖς
632 1124 698 1163 καὶ
716 1121 851 1172 πότοις
868 1125 933 1164 καὶ
951 1130 1122 1180 τρυφαῖς
1144 1124 1332 1177 εὗδαῖμον
1347 1126 1473 1178 γῆρας
1492 1120 1663 1176 βόσκων,

425 1187 716 1245 χρυσόπτερος,
753 1189 801 1231 ἂν
821 1190 921 1232 εἴποι
941 1207 1020 1242 τις,
1056 1190 1197 1241 κύκνος
1214 1192 1473 1246 ἀγαλματίας,

162 1261 191 1295 P
212 1259 278 1295 136
298 1259 408 1299 6690
431 1254 547 1298 ὁπότε
566 1255 693 1299 δύνειν
714 1256 849 1311 ἔμελλε
869 1259 936 1300 καὶ
957 1256 1205 1314 κρύπτεσθαι
1224 1263 1282 1315 τῷ
1300 1257 1431 1315 τάφῳ,

425 1322 644 1379 ἀρχόμενος
664 1323 885 1377 ἡδύνεσθαι
909 1326 1222 1382 κεύφραι’νεσθ·αι
1240 1329 1298 1383 τῷ
1313 1326 1404 1382 βίῳ,

428 1392 614 1447 τριγέρων
634 1390 877 1445 ἆπαλόβιος,
913 1392 1128 1443 σπάταλος,
1162 1394 1394 1449 τρυφητιάς.

427 1460 493 1499 καὶ
519 1458 569 1500 τὰ
586 1459 658 1512 μὲν
681 1458 897 1516 πράγματα
916 1462 1055 1516 χερσὶν
1073 1461 1272 1502 ἐπίστευεν
1293 1457 1520 1516 ἀνθρώπων

424 1525 751 1583 βαρβαριζόντων
774 1526 846 1581 τὴν
867 1527 1004 1583 φωνὴν
1027 1528 1128 1581 μηδ’
1155 1527 1576 1584 ὂρθορρημονούντων,
1638 1524 1647 1534 ⁴

292 1591 401 1635 6695
429 1598 610 1650 κρατῆρα
631 1595 873 1650 πανημέριον
895 1595 1088 1637 ἱστάντων
1106 1597 1171 1637 καὶ
1192 1595 1396 1647 πινόντων,

425 1659 484 1710 οἷς
501 1657 549 1716 ἦν
567 1661 611 1702 τὸ
630 1663 740 1716 γένος
756 1664 977 1718 τρίδουλον,
1007 1664 1072 1704 καὶ
1091 1662 1244 1704 πάπποι
1265 1665 1329 1704 καὶ
1350 1662 1515 1719 πατέρες

424 1728 690 1785 τριβάρβαροι
699 1760 712 1780 ,
748 1731 814 1770 καὶ
834 1729 904 1782 τὴν
923 1730 1059 1784 ψυχὴν
1077 1729 1279 1786 βάρβαροι
1300 1732 1368 1772 καὶ
1389 1730 1459 1784 τὴν
1479 1726 1651 1785 γνώμην,

420 1798 486 1837 καὶ
504 1795 840 1851 σκυθογλώσσους
860 1797 1000 1846 λαλιὰς
1021 1797 1287 1854 δυσφράστως
1307 1801 1580 1853 λαλαγοῦντες,

382 1903 418 1926 v.
439 1892 528 1927 6678
551 1902 605 1924 om
630 1891 664 1924 R
819 1891 908 1926 6679
925 1889 1061 1934 γήρους
1080 1890 1149 1926 ΑΜ
1304 1891 1392 1926 6685
1415 1889 1663 1935 ἀποσχόμενος
1679 1890 1730 1933 Μ,

383 1934 630 1980 ἀφιστάμενος
650 1936 685 1970 R
830 1948 867 1970 v.
886 1937 976 1971 6690
994 1948 1045 1969 om
1064 1937 1104 1970 M
1247 1938 1336 1972 6695
1358 1936 1521 1982 κράτορα
1544 1941 1582 1971 et
1600 1933 1731 1970 ἐσθόν-

381 1993 455 2016 των
471 1982 510 2016 Μ
646 1982 734 2016 6698
750 1980 1007 2026 δυσφράστους
1022 1982 1088 2016 AR

294 2064 498 2104 exornatur,
520 2059 711 2094 Michaelus
733 2063 866 2105 autem,
890 2060 1026 2095 nonita
1047 2060 1181 2106 pridem
1203 2060 1409 2105 imperator,
1431 2059 1472 2093 in
1488 2058 1729 2093 monasterium

293 2107 452 2140 detrusus
483 2106 612 2139 vestitu
641 2105 740 2149 nigro
769 2106 941 2149 induitur,
983 2117 1057 2140 cum
1088 2107 1122 2140 ei
1153 2118 1215 2141 sex
1242 2107 1339 2140 annis
1367 2104 1512 2149 imperio
1538 2104 1636 2149 regio
1659 2103 1731 2138 frui

292 2151 508 2194 contigisset.
554 2152 617 2185 sed
638 2151 727 2184 enim
749 2152 950 2185 Botaniates
971 2151 1027 2185 ille
1048 2151 1152 2186 multo
1171 2151 1267 2186 senio
1290 2151 1419 2195 gravis,
1442 2162 1511 2184 non
1528 2150 1582 2184 sui
1599 2154 1731 2183 tantum

291 2207 411 2229 verum
438 2196 540 2229 etiam
570 2202 757 2240 provectae
781 2197 904 2230 aetatis
930 2197 1077 2240 oblitus,
1113 2197 1342 2232 antecessoris
1363 2195 1526 2230 Michaeli
1551 2195 1731 2238 coniugem

291 2241 442 2285 legitimo
467 2241 535 2274 sibi
558 2241 771 2276 matrimonio
793 2243 945 2286 copulat,
980 2254 1087 2276 senex
1106 2243 1280 2276 mulierem
1306 2246 1459 2275 teneram
1486 2245 1521 2274 et
1538 2240 1738 2287 delicatam,

291 2285 461 2330 capularis
491 2291 526 2320 et
556 2287 671 2319 funeri
702 2287 892 2321 destinatus
916 2293 1073 2330 vegetam
1096 2294 1198 2332 atque
1220 2288 1391 2321 iuvenem.
1439 2297 1581 2330 cumque
1603 2290 1730 2319 sortem

291 2342 387 2365 suam
409 2342 514 2374 aegre
537 2331 747 2376 molesteque
771 2333 880 2366 ferret
900 2344 940 2366 ac
961 2333 1157 2377 deploraret
1174 2332 1381 2375 Michaelus,
1411 2331 1613 2376 Ephesinae
1635 2330 1731 2364 urbis

291 2381 411 2421 pastor
436 2377 478 2409 ab
504 2376 712 2420 imperatore
733 2378 937 2411 constitutus
967 2384 1031 2412 est.
1078 2379 1262 2412 secundum
1284 2378 1369 2411 haec
1388 2378 1606 2422 Nicephorus
1625 2375 1727 2410 omis—

292 2421 341 2455 sis
362 2421 537 2455 laboribus
558 2420 691 2455 bellicis
714 2432 797 2455 auro
819 2423 935 2466 gravis
963 2424 1124 2466 sedebat,
1159 2428 1298 2457 ornatus
1319 2423 1533 2460 vestimentis
1557 2433 1646 2466 quae
1665 2431 1727 2454 au—

291 2478 370 2500 reos
394 2467 494 2511 quasi
517 2467 680 2511 quosdam
699 2467 947 2512 rutilantesque
964 2469 1079 2502 radios
1100 2470 1143 2502 de
1166 2480 1205 2502 se
1222 2470 1449 2513 spargebant,
1480 2468 1617 2502 felicem
1643 2468 1727 2500 bea·
1762 2496 1766 2500 ,

291 2517 429 2556 tamque
459 2516 631 2545 senectam
658 2511 805 2546 lavacris
834 2518 870 2545 et
893 2513 1062 2546 conviviis
1085 2519 1121 2547 et
1136 2514 1369 2558 voluptatibus
1392 2515 1528 2548 fovens.
1575 2524 1645 2546 non
1666 2513 1728 2545 abs

291 2570 331 2591 re
348 2557 425 2602 quis
446 2557 575 2591 dixerit
594 2569 670 2591 eum
691 2556 798 2591 fuisse
817 2557 1024 2591 consimilem
1042 2570 1153 2603 cygno
1172 2558 1234 2593 alis
1259 2559 1373 2593 aureis
1395 2563 1560 2594 exornato
1587 2562 1624 2591 et
1642 2558 1730 2591 affa-

289 2605 352 2637 bre
370 2602 497 2647 pictum
515 2602 706 2646 referenti,
732 2603 792 2647 qui
811 2603 879 2637 iam
898 2603 1081 2637 moriturus
1108 2609 1144 2638 et
1168 2606 1362 2638 obruendus
1384 2605 1540 2650 sepulcro
1563 2601 1728 2637 hilaritati

291 2659 369 2682 sese
386 2649 458 2692 dat,
481 2647 575 2681 vitae
598 2648 713 2682 studio
736 2653 886 2682 tenetur.
933 2649 1062 2693 quippe
1080 2650 1217 2684 senecio
1236 2649 1404 2684 delicatae
1425 2651 1518 2684 vitae
1539 2652 1648 2683 semet
1665 2649 1727 2681 ad-

290 2693 441 2736 dicebat,
464 2693 558 2726 luxui
576 2693 713 2727 deditus
736 2705 777 2727 ac
794 2694 895 2738 plane
912 2694 1138 2738 voluptarius.
1184 2695 1321 2729 interim
1340 2696 1552 2740 publicorum
1569 2693 1727 2738 negotio-

291 2750 366 2773 rum
388 2738 664 2783 procurationem
693 2739 926 2774 committebat
955 2740 1148 2774 hominibus
1177 2739 1312 2784 linguas
1343 2743 1508 2776 barbaras
1530 2738 1725 2784 usurpanti-

292 2787 376 2828 bus,
407 2788 503 2818 recte
523 2784 618 2829 loqui
645 2785 896 2829 nescientibus,
925 2788 1017 2819 totos
1035 2785 1110 2819 dies
1134 2785 1170 2819 in
1196 2785 1334 2830 crapula
1359 2791 1396 2820 et
1417 2787 1588 2821 ebrietate
1608 2789 1726 2819 oonte-

293 2830 472 2873 rentibus3
502 2841 646 2876 quorum
669 2835 706 2865 et
731 2830 881 2866 familiae
901 2835 938 2865 et
964 2835 1126 2877 parentes
1151 2834 1188 2866 et
1210 2831 1268 2867 avi
1291 2832 1435 2866 maxime
1454 2830 1600 2866 serviles
1617 2833 1726 2874 erant,
