1864 3242
322 209 422 256 222
850 211 908 284 IN
943 211 1237 258 GEORGIUM

322 332 413 370 μον,
430 313 624 367 ’Ἀλμυρος
642 314 662 358 ὅ
677 319 803 370 χῶρος
822 315 1086 372 κικλήσκεται,
1114 319 1183 370 τὰς
1204 320 1404 375 διατριβάς
1419 322 1582 366 renam
1605 323 1748 379 ἐκπέμ-

321 387 434 412 πεται
454 369 519 411 διὰ
541 368 790 429 Εὕφροσύνῃ
811 377 862 429 τῇ
888 374 1117 428 ὄμευνέτιδι.
1153 377 1259 430 quod
1277 385 1388 416 antea
1408 378 1456 426 de
1476 383 1622 420 Isaacio
1637 383 1746 421 illius

320 429 440 466 fratre
458 426 611 465 dixerat
627 430 736 467 iussu
754 431 909 469 Alexii:
942 433 1031 484 βίον
1049 429 1220 486 ἄγρότην
1241 430 1475 484 ἆντλοῦντα,
1505 436 1600 490 οἴνῳ
1619 452 1660 477 τε
1677 437 1744 479 καὶ
1809 432 1816 438 ”

320 485 413 537 σίτῳ
433 486 616 537 μετρητῷ,
648 483 703 533 ὥς
725 482 789 525 τὸν
806 483 972 538 τυχόντα
991 485 1153 539 ἰδιώτην
1174 489 1372 537 διαζῶντα.
1428 490 1538 529 addit
1554 493 1744 543 Gregoras

318 539 389 576 lib.
409 539 431 578 1
453 538 658 588 eumdem,
693 539 788 578 dum
806 543 848 579 in
867 541 1037 581 Thracia
1055 551 1272 594 vagaretur,
1302 558 1324 582 a
1340 546 1616 585 Montisferrati
1637 561 1746 586 mar-

317 593 456 631 chione
477 601 645 645 captum,
676 603 714 634 et
732 598 869 648 opibus
889 611 985 650 quas
1005 613 1139 637 secum
1157 600 1306 637 ferebat
1322 602 1543 652 spoliatum,
1572 602 1745 641 nudum-

317 662 394 702 que
414 649 642 700 dimissum‚
683 653 800 703 longo
835 660 1010 705 tempore
1037 657 1136 692 circa
1153 655 1343 694 Achaiam
1370 663 1408 694 et
1431 658 1756 708 Peloponnes-uin

318 706 541 744 oberrasse:
582 706 742 745 tandem
761 709 962 747 Balduino
998 723 1021 748 a
1049 712 1228 761 Bulgaris
1260 718 1370 763 capto
1396 713 1445 749 ab
1475 712 1613 750 eodem
1638 727 1745 752 mar-

319 760 459 799 chione
488 775 566 800 una
595 776 684 800 oum
710 766 872 816 coniuge
901 765 950 803 ad
971 768 1198 804 Alemaniae
1227 769 1443 818 principem
1463 762 1747 811 mittiturz'xoel

316 815 388 858 τὸν
413 818 617 870 δυσπραγῆ
644 819 686 859 ἐν
711 821 935 871 βασιλεῦσιν
959 818 1149 871 Ἀλέξων,
1192 822 1258 862 καὶ
1286 821 1359 875 τήν
1390 821 1529 864 τούτου
1556 822 1748 874 σύνευνον

318 869 593 925 Εὐφροσύνην
621 876 871 924 διαποντίους
900 879 956 932 τῷ
978 881 1062 917 τῶν
1089 874 1312 929 Ἀλαμανῶν
1340 879 1553 931 ἐξέπεμψεν
1577 878 1746 934 ἄρχοντι.

318 931 417 979 φεῦ,
446 932 526 979 φεῦ
544 932 617 970 τοῦ
638 935 782 971 καινοῦ
799 933 914 972 τοῦδε
932 933 998 972 καὶ
1019 930 1265 982 οἷνηκούστου
1283 932 1389 985 παρά
1406 934 1605 987 Ῥωμαίοις
1623 933 1750 976 ἀκού*

319 996 484 1036 σματος,
524 985 648 1026 εἰπεῖν
675 985 717 1026 δὲ
747 986 813 1026 καὶ
840 984 1014 1028 ἅθεάτου
1044 990 1097 1036 εἰς
1125 991 1239 1042 δεῦρο
1266 987 1474 1042 θεάματος.
1533 990 1623 1029 vide
1645 1004 1747 1043 quae

319 1047 534 1092 sequuntur
554 1040 602 1078 de
622 1043 764 1080 Alexio
788 1056 870 1094 cap.
893 1046 931 1085 8.
988 1044 1252 1083 Villarduinus
1279 1048 1332 1083 ait
1358 1059 1436 1083 una
1465 1059 1554 1083 cum
1583 1049 1746 1098 coniuge

319 1108 343 1132 a
359 1095 583 1134 marchione
601 1100 766 1136 missum
786 1100 906 1137 fuisse
929 1102 1123 1150 captivum
1144 1100 1194 1137 ad
1214 1102 1514 1150 Monferratum3
1543 1103 1586 1139 in
1607 1115 1685 1154 qua
1704 1116 1746 1140 re

317 1151 510 1189 narranda
529 1166 608 1190 non
629 1167 764 1191 omnes
787 1157 1032 1192 conveniunt.
1088 1159 1188 1194 Au..

424 1221 468 1260 Ap·
493 1211 544 1248 12
563 1222 602 1246 v.
625 1212 662 1250 1.
721 1207 856 1249 ἄδειαν
880 1207 1094 1262 δεδώκασι]
1130 1224 1210 1248 non
1227 1211 1360 1248 statim
1378 1211 1490 1248 initio
1511 1212 1746 1262 captivitatis

317 1263 447 1312 urbis,
490 1262 562 1300 sed
577 1272 666 1316 post
688 1273 844 1316 captum
859 1265 1117 1315 Balduinum,
1155 1268 1189 1305 si
1209 1268 1366 1303 Nicetae
1390 1265 1583 1305 credimus
1602 1280 1644 1318 p.
1664 1266 1746 1309 834

318 1319 384 1359 13.
441 1320 544 1357 Am,-
695 1336 698 1341 ·

428 1373 483 1411 ib.
507 1387 546 1411 v.
567 1376 607 1414 6.
661 1371 683 1416 ὁ
703 1369 835 1427 λὸγος]
858 1388 941 1426 cap.
959 1375 999 1416 5.
1055 1377 1156 1414 Am..

427 1429 484 1468 ib.
508 1443 545 1470 v.
570 1432 634 1470 16.
689 1428 747 1470 τοῖ
770 1430 880 1482 πέριξ
909 1428 1120 1484 Προύσης]
1158 1445 1321 1483 paruere
1351 1445 1495 1484 nempe
1526 1438 1612 1470 tum
1643 1439 1748 1471 tem-

315 1486 421 1537 poris
438 1484 648 1523 Theodoro
671 1488 854 1535 Prusaei,
883 1489 1135 1535 Nicaeenses,
1165 1487 1288 1539 Lydi,
1317 1487 1578 1539 Philomolpi,
1608 1489 1748 1540 Smyr-

315 1543 418 1590 naei,
439 1540 603 1592 Ephesii
621 1548 659 1579 et
678 1541 879 1580 interiecta
899 1543 1064 1594 oppida3
1086 1545 1153 1595 qui
1168 1546 1284 1581 etiam
1302 1545 1428 1594 longis
1445 1545 1608 1582 navibus
1624 1545 1748 1582 fabri-

315 1600 411 1635 catis
442 1599 648 1650 plerasque
683 1599 830 1637 insulas
862 1606 997 1650 postea
1025 1600 1192 1650 subegit.
1260 1601 1450 1650 Gregoras
1477 1612 1568 1652 pag.
1597 1601 1647 1640 13
1682 1600 1746 1640 14.

240 1649 251 1658 '
314 1655 416 1691 Am„

424 1708 479 1747 ib.
514 1721 553 1747 v.
588 1710 653 1750 19.
709 1704 780 1749 τόν
813 1707 1070 1762 Περσᾶρχην]
1108 1711 1229 1747 Iconii
1260 1722 1401 1760 nempe
1431 1708 1745 1757 Chaichosroem,

315 1778 405 1802 cum
426 1777 502 1815 quo
519 1777 657 1815 pacem
674 1765 767 1801 fecit
779 1793 789 1813 ,
830 1772 868 1802 et
894 1779 1024 1802 socero
1045 1767 1151 1803 illius
1171 1767 1345 1802 Manueli
1364 1767 1635 1803 Maurozomae
1653 1778 1748 1816 par-

315 1827 397 1857 tem
414 1822 569 1870 imperii
588 1821 797 1867 concessit,
844 1819 997 1858 Chonas
1024 1823 1169 1859 scilicet
1189 1824 1344 1858 Nicetae
1370 1819 1546 1858 historici
1568 1823 1746 1871 patriam,

319 1883 358 1913 et
380 1888 480 1927 quae
498 1877 539 1912 in
558 1874 729 1926 Phrygia
749 1883 806 1913 est
823 1873 1070 1924 Laodiceam,
1101 1884 1138 1914 et
1162 1879 1236 1913 alia
1255 1878 1341 1914 loca
1362 1889 1461 1928 quae
1480 1877 1619 1914 fluvius
1637 1879 1747 1913 Mae-

320 1931 442 1968 ander
459 1932 647 1968 amfractu
670 1944 739 1969 suo
760 1933 1016 1982 amplectitur,
1038 1932 1159 1970 donec
1181 1934 1222 1969 in
1240 1946 1346 1969 mare
1360 1934 1624 1982 immergatur.
1645 1934 1746 1969 Am„

428 2000 467 2037 p-
492 1988 541 2027 13
564 2000 601 2023 V·
624 1986 662 2027 5·
719 1984 977 2040 πατριάρχης]
1005 1987 1245 2041 patriarchae
1268 2001 1421 2025 summa
1450 1995 1530 2025 erat
1554 1989 1596 2024 in
1621 1988 1748 2024 eccle-

318 2043 377 2080 sia
398 2043 583 2080 Orientali
607 2041 796 2093 dignitas,
834 2045 936 2080 utin
956 2044 1193 2082 Occidentali
1212 2044 1402 2094 pontificis
1421 2045 1599 2081 Romani.
1655 2041 1747 2080 vide

318 2099 383 2135 Gl.
401 2099 679 2147 Meursianum,
709 2111 913 2149 nunquam
933 2101 1015 2136 sine
1033 2099 1149 2137 laude
1167 2099 1468 2148 nominandum,
1497 2101 1538 2136 in
1557 2095 1749 2150 πατριάρ-

317 2169 400 2206 χης.
456 2152 649 2191 Iohannes
672 2167 763 2191 vero
788 2153 853 2191 hic
872 2156 1096 2193 Camaterus
1120 2154 1338 2207 patriarcha
1360 2156 1429 2205 Cp.
1459 2167 1509 2191 ex
1528 2152 1690 2191 diacono
1709 2161 1764 2195 et,

318 2208 551 2246 chartulario
572 2210 696 2247 factus
720 2217 777 2247 est
796 2211 938 2248 Alexio
960 2213 1138 2262 imperio,
1167 2212 1410 2262 praefuitque
1431 2209 1481 2246 ad
1504 2216 1658 2260 captam
1677 2222 1748 2246 us-

317 2277 394 2316 que
416 2278 439 2300 a
455 2267 604 2301 Latinis
625 2266 774 2313 urbem,
805 2268 916 2303 annis
938 2267 962 2307 5
982 2269 1180 2305 mensibus
1203 2269 1227 2307 8
1252 2265 1387 2302 diebus
1406 2268 1432 2305 7
1436 2291 1447 2302 ·
1503 2271 1590 2315 post
1609 2265 1747 2301 urbem

318 2326 472 2370 captam
487 2319 808 2370 DIdymotichum
835 2321 1059 2372 (opidulum
1077 2322 1290 2368 Thraciae,
1319 2322 1362 2357 in
1385 2322 1667 2373 promontorio,
1697 2319 1747 2357 ad

315 2376 491 2412 Hebrum
510 2376 682 2422 fiuvium,
715 2378 782 2427 qui
800 2377 901 2413 illud
921 2379 1061 2426 ambit,
1091 2380 1220 2424 situm,
1250 2378 1438 2413 Dimolzcc
1460 2375 1596 2427 vulgo)
1617 2389 1747 2414 seces-

318 2433 390 2478 sit3
420 2431 488 2467 ubi
509 2444 598 2467 cum
618 2433 897 2481 supervixisset
916 2446 1037 2471 annos
1059 2437 1083 2473 2
1102 2445 1256 2470 menses
1275 2435 1302 2472 2
1323 2431 1404 2468 dies
1426 2430 1491 2480 14,
1512 2431 1617 2468 diem
1633 2445 1746 2468 suum

317 2488 425 2524 obiit.
482 2485 659 2523 videatur
688 2487 893 2536 Catalogus
920 2490 1001 2525 sive
1022 2492 1166 2526 Notitia
1192 2485 1499 2538 patriarcharum
1521 2488 1747 2537 Cpolitano-

316 2556 403 2579 rum
422 2541 524 2593 apud
542 2542 821 2579 Leunclavium
838 2544 936 2580 Iuris
956 2544 1307 2582 Graeco-Romani
1325 2543 1395 2580 lib.
1414 2543 1454 2591 4,
1484 2550 1522 2580 et
1536 2545 1687 2580 Nicetas
1704 2544 1748 2579 in

316 2597 509 2636 Balduino
528 2596 710 2635 Flandro.
765 2599 925 2636 DOUSA.
1320 2594 1325 2601 ⁴

427 2652 480 2690 ib.
511 2667 549 2691 v.
578 2653 616 2694 5.
675 2651 912 2706 Καματηρὸς
937 2650 1140 2705 Ἰωάννης]
1170 2652 1275 2691 hunc
1293 2661 1383 2691 ante
1407 2655 1579 2692 excisam
1597 2652 1752 2704 Cpolim

318 2722 389 2748 sua
409 2716 545 2759 sponte
567 2709 661 2745 urbe
682 2722 881 2759 egressum
899 2708 1255 2761 Didymotoechum
1278 2712 1436 2760 petiisse
1457 2717 1610 2762 praeter
1627 2711 1753 2746 Acro-

318 2766 482 2816 politam
516 2766 584 2802 alii
618 2777 769 2816 quoque
809 2773 978 2803 narrant.
1037 2765 1132 2817 quid
1166 2778 1256 2815 ergo
1288 2773 1458 2817 nugatur
1492 2764 1753 2816 Ephraemius

319 2823 568 2872 Byzantinus,
599 2822 666 2872 qui
684 2834 775 2858 eum
796 2834 818 2858 a
837 2823 984 2862 Latinis
1002 2821 1120 2860 tradit
1143 2823 1310 2860 eiectum
1319 2820 1338 2859 ’ἒ
