1924 3242
316 170 380 219 54
894 214 896 218 ,
946 171 1131 216 IOELIS
1151 179 1158 184 ’“

315 283 496 343 κηφόρου
532 283 804 342 πατριάρχου,
844 283 1074 339 βεβαιώσας
1103 281 1295 342 πρότερον
1327 283 1536 342 ἐγγράφως
1564 286 1653 342 περὶ
1685 289 1757 340 τῆς

315 351 462 396 ἑαυτοῦ
492 353 753 408 ὃρθοόοξίας,
798 350 847 407 ἢν
880 351 1047 410 ὕστερον
1074 350 1279 408 ἀθετήσας
1308 354 1374 394 καὶ
1404 353 1507 396 κατὰ
1530 357 1609 395 τῶν
1634 351 1756 408 ἁγίων

315 419 476 479 εἰκόνων
510 418 708 474 λυττήσας
738 418 760 462 ὃ
794 421 1052 476 παμβίβηλος
1093 419 1162 464 τόν
1193 438 1234 463 τε
1269 417 1488 475 ἁγιώτατον
1520 418 1755 478 Νικηφόρον

315 486 499 543 ἐξώρισεν
521 490 587 530 καὶ
608 488 781 538 πολλοὺς
800 488 945 539 ἄλλους
962 493 1041 531 τῶν
1057 493 1129 544 τῆς
1145 488 1344 542 εὐσεβείας
1363 486 1581 545 προμάχων
1597 489 1755 546 μυρίοις

315 557 456 604 δεινοῖς
475 556 718 611 περιέβαλεν.
787 555 831 598 ὃν
857 555 902 611 ἦ
916 558 1010 600 θεία
1041 558 1129 611 δίκη
1157 559 1357 610 μετῆλθεν
1387 556 1491 599 κατὰ
1521 555 1593 611 τὴν
1615 554 1787 613 ἓορτὴνό

313 626 392 664 τῶν
421 625 634 677 γενεθλίων
660 628 733 666 τοῦ
759 629 940 682 σωτῆρος
959 623 1074 679 ἡμῶν
1096 624 1208 666 ἔνδον
1229 628 1303 666 τοῦ
1322 628 1423 666 ναοῦ
1441 623 1615 678 μεληδὸν
1631 640 1757 666 κατα-

264 685 295 719 Ῐ)
319 690 489 732 κοπέντα
522 693 588 735 καὶ
622 690 727 734 οὕτω
756 691 828 746 τὴν
860 691 1020 735 ἀνόσιον
1052 692 1178 735 αὐτοῦ
1207 693 1275 734 καὶ
1303 692 1452 733 ἀθλίαν
1472 691 1610 746 ψυχὴν
1629 691 1757 748 cinop-

313 756 502 813 ρήξαντα.

448 825 573 869 Μετὰ
597 826 640 868 δὲ
661 830 788 868 ταῦτα
813 827 1042 880 ἐβασίλευσε
1056 826 1231 881 Μιχαὴλ
1251 824 1528 883 ὃἈμορραΐος
1548 825 1614 881 ἵτη
1631 823 1669 881 η’
1691 827 1758 868 καὶ

312 896 443 947 μῆνας
463 892 523 945 θ’,
558 892 698 948 ἴστεψε
733 895 775 936 δὲ
809 897 875 937 καὶ
907 894 976 937 τὸν
1003 895 1091 937 υἱὸν
1121 893 1246 937 αὑτοῦ
1272 892 1493 951 Θεόφιλον·
1528 893 1573 944 ὃς
1592 893 1814 950 ὕστερονὶο

313 961 365 1010 ἐκ,
381 962 596 1018 δυσουρίας
618 964 685 1005 καὶ
708 966 779 1016 τῆς
799 967 878 1005 τῶν
895 967 1052 1021 νεφρῶν
1073 961 1290 1018 ἀλγηδόνος
1307 966 1439 1011 κακῶς
1460 960 1669 1017 ἀπηλλάγη
1688 965 1761 1004 τοῦ

313 1029 396 1082 ζῆν.
465 1027 552 1083 ἴσχε
577 1030 619 1071 δὲ
640 1030 713 1084 τὴν
731 1030 858 1086 ἀρχὴν
883 1030 973 1073 ἀντ’
998 1031 1124 1073 αὐτοῦ’
1148 1028 1347 1087 Θεόφιλος
1368 1028 1390 1072 ὅ
1409 1029 1496 1079 υἱὸς
1514 1029 1640 1072 αὐτοῦ
1658 1028 1759 1083 μετὰ

310 1099 383 1150 τῆς
401 1097 555 1152 μητρὸς
575 1097 700 1140 αὐτοῦ
718 1096 995 1155 Εὐφροσύνης.

447 1164 572 1207 Μετὰ
604 1160 674 1206 οὖν
693 1166 867 1219 Μιχαὴλ
900 1166 1129 1219 ἐβασίλευσε
1155 1162 1355 1221 Θεόφιλος
1386 1162 1408 1206 ὃ
1437 1163 1525 1213 υἱὸς
1556 1162 1703 1215 αὐτοῦ,
1737 1161 1760 1204 ὅ

313 1229 399 1280 νέος
420 1230 656 1287 Βαλτάσαρ,
692 1237 771 1273 τῶν
791 1231 911 1287 ἁγίων
927 1231 1121 1287 ὑβριστὴς
1140 1233 1206 1273 καὶ
1223 1231 1470 1287 καθαιρετὴς
1490 1232 1558 1272 καὶ
1573 1231 1760 1284 βέβηλος,
1774 1237 1816 1273 15

313 1296 381 1351 ἔτη
408 1296 461 1351 ιβ’
491 1299 558 1340 καὶ
585 1302 716 1351 μῆνας
748 1296 798 1353 γ’,
844 1300 910 1340 καὶ
944 1298 1120 1340 ἀπέθανε
1144 1300 1437 1354 δυσεντερικῶς.
1505 1296 1531 1352 ἦ
1555 1299 1598 1340 δὲ
1619 1296 1761 1340 τούτου

313 1362 445 1421 μήτηρ
469 1363 714 1421 Εὗφροσύνη
737 1363 927 1416 ἑκουσίως
947 1369 1201 1408 κατελθοῦσα
1225 1369 1298 1409 τοῦ
1320 1366 1516 1407 παλατιόυ
1534 1365 1576 1407 ἐν
1595 1370 1646 1422 τῇ
1659 1369 1764 1422 μονῇ

314 1432 440 1486 αὐτῆς
447 1463 460 1483 ,
491 1426 519 1488 ᾗ
540 1430 748 1486 ἐπώνυμον
768 1433 820 1475 τὰ
838 1435 878 1474 Γ
876 1431 1044 1489 άστρια,
1074 1430 1281 1487 ἡσύχαζεν.
1335 1433 1456 1483 αὐτὸς
1478 1434 1521 1475 δὲ
1541 1434 1764 1490 στέφειτὸν

170 1502 198 1535 Ρ
226 1502 292 1537 179
313 1499 402 1541 υἱὸν
427 1498 553 1541 αὑτοῦ
574 1500 752 1555 Magarsa
768 1501 809 1542 ἓν
833 1505 882 1556 τῇ
902 1499 1055 1557 μεγάλῃ
1078 1501 1278 1559 ἐκκλησίᾳ,
1307 1495 1354 1542 οὗ
1374 1503 1625 1558 δυσεντερικῇ
1643 1499 1762 1557 νόσῳ,

315 1565 372 1618 ὡς
391 1567 556 1624 εἴρηται,
582 1572 715 1618 κακῶς
737 1570 803 1610 καὶ
829 1569 983 1619 ἀθλίως
1002 1569 1074 1623 τὴν
1097 1568 1234 1622 ψυχὴν
1252 1567 1551 1625 ἀπορρήξαντος
1572 1568 1818 1622 ἄπεκομί-Ξο

318 1639 417 1689 σθη
430 1635 475 1677 τὸ
506 1629 700 1690 δύστηνον
722 1636 847 1679 αὐτοῦ
867 1641 986 1690 σῶμα
1004 1639 1059 1688 εἷς
1076 1636 1146 1678 τὸν
1163 1635 1258 1678 ναὸν
1277 1641 1356 1679 τῶν
1375 1635 1496 1690 ἁγίων
1518 1634 1763 1679 ἀποστόλων.

454 1703 577 1745 Μετὰ
597 1704 639 1744 δὲ
665 1702 863 1760 Θεόφιλον
886 1705 1115 1758 ἐβασίλευσε
1135 1703 1309 1757 Μιχαὴλ
1329 1702 1350 1744 ὁ
1367 1703 1454 1752 υἱὸς
1474 1703 1599 1745 αὐτοῦ
1608 1734 1622 1754 ,
1656 1701 1677 1745 ὅ
1697 1707 1764 1746 λε-

317 1767 484 1826 γόμενος
502 1769 751 1824 Μεθυστής,
786 1771 859 1815 σὺν
879 1775 929 1830 τῇ
948 1773 1070 1829 μητρὶ
1090 1771 1214 1815 αὐτοῦ
1238 1768 1432 1830 &rosdorf
1452 1769 1518 1826 ε’τη
1544 1768 1610 1822 ιδ’,
1642 1769 1764 1825 μόνος

324 1953 397 1977 cum
414 1942 506 1988 prius
522 1943 649 1990 scripto
665 1947 792 1978 rectam
808 1945 850 1979 de
865 1945 934 1979 fide
948 1945 1145 1980 sententiam
1161 1944 1410 1987 confirmasset3
1433 1953 1530 1989 quam
1553 1943 1762 1989 postmodum

321 1988 476 2031 violavit,
496 1996 531 2022 et
545 1990 708 2023 adversus
723 1991 881 2034 imagines
898 1991 950 2024 vir
965 1990 1270 2025 contumacissimus
1285 1990 1403 2024 rabide
1416 1989 1610 2023 desaeviens
1624 1989 1762 2023 sanctis-

322 2033 439 2067 simum
455 2035 683 2079 Nicephorum
699 2036 804 2069 solum
817 2041 952 2070 vertere
967 2036 1082 2078 iussit,
1107 2040 1141 2070 et
1163 2036 1320 2080 plurimos
1336 2035 1535 2068 alios-verae
1551 2034 1686 2078 pietatis
1700 2034 1762 2067 ad-

322 2083 470 2113 sertores
496 2079 674 2114 innumeris
700 2081 793 2115 malis
817 2081 951 2115 afflixit.
998 2081 1058 2116 sed
1084 2081 1197 2116 divino
1219 2080 1352 2114 tandem
1374 2078 1496 2113 iudicio
1508 2090 1654 2124 poenas,
1677 2089 1762 2124 quas

322 2125 455 2165 meruit,
479 2125 587 2159 dedit:
610 2126 683 2171 ipso
700 2127 785 2159 enim
801 2127 987 2161 nativitatis
1003 2127 1108 2160 nostri
1122 2125 1304 2160 servatoris
1318 2125 1372 2159 die
1385 2124 1420 2158 in
1435 2125 1559 2170 templo
1575 2124 1763 2170 discerptus

319 2168 353 2202 in
371 2170 516 2203 membra
532 2170 663 2215 impiam
681 2183 721 2204 ac
737 2172 890 2206 miseram
908 2173 1046 2206 animam
1063 2171 1246 2206 exhalavit.

408 2215 493 2247 Post
522 2215 608 2248 hunc
637 2216 781 2250 Michael
809 2219 1011 2251 Amorraeus
1037 2217 1192 2261 regnavit
1213 2225 1318 2249 annos
1343 2217 1420 2249 octo
1437 2217 1473 2248 et
1487 2224 1616 2248 menses
1630 2225 1762 2248 novem.

319 2258 424 2292 filium
448 2260 671 2304 Theophilum
693 2262 879 2296 coronavit.
927 2263 1059 2296 tandem
1076 2263 1191 2296 urinae
1204 2260 1455 2295 difficultatibus
1470 2270 1651 2304 renumque
1667 2259 1759 2293 dolo-

320 2303 413 2336 ribus
431 2304 532 2337 malus
548 2305 632 2338 male
649 2306 761 2350 periit.
807 2307 856 2341 illi
870 2308 904 2341 in
918 2308 1058 2352 imperio
1074 2317 1267 2341 successere
1282 2304 1488 2351 Theophilus
1502 2305 1590 2339 filius
1605 2316 1679 2339 cum
1693 2316 1764 2342 ma-

321 2355 376 2382 tre
391 2348 629 2392 Euphrosyne..

411 2394 496 2427 Post
510 2393 705 2427 Michaelem
721 2394 892 2438 imperium
910 2397 1156 2431 administravit
1167 2394 1377 2440 Theophilus
1391 2394 1480 2428 filius
1489 2420 1499 2434 ‚
1523 2405 1630 2428 novus
1644 2394 1763 2429 Balta-

323 2448 401 2479 sar,
423 2438 457 2471 in
473 2450 527 2472 res
543 2450 656 2472 sacras
672 2439 848 2474 iniuriosus
864 2452 903 2474 ac
919 2442 1145 2483 facinorosus,
1168 2441 1313 2475 moribus
1336 2439 1635 2494 profligat-issimis,
1659 2451 1763 2474 annos

325 2483 513 2527 duodecim,
530 2495 659 2517 menses
674 2488 754 2518 tres.
794 2485 989 2528 dysenteria
1004 2486 1159 2521 excessit.
1196 2491 1302 2519 mater
1317 2497 1388 2519 eius
1403 2485 1626 2530 Euphrosyna
1644 2489 1764 2530 sponte

324 2528 449 2573 palatio
466 2529 590 2562 cedens
604 2529 637 2562 in
653 2532 888 2564 monasterium
904 2532 1091 2576 proprium,
1124 2531 1212 2576 quod
1229 2530 1366 2564 Gastria
1382 2530 1666 2574 cognominatum,
1688 2541 1764 2564 sese

325 2574 476 2618 recepit;
500 2574 546 2606 ibi
571 2574 673 2618 quieti
693 2586 829 2619 operam
844 2576 954 2610 dabat.
1000 2577 1181 2621 imperator
1196 2576 1392 2610 Michaelem
1408 2576 1508 2609 filium
1525 2575 1557 2608 in
1573 2586 1691 2619 magna
1707 2586 1763 2608 eo-

286 2626 289 2634 *
324 2619 429 2652 clesia
457 2619 689 2664 imperatorem
721 2626 870 2656 coronat.
915 2633 1048 2664 verum,
1082 2626 1121 2655 ut.
1150 2622 1271 2655 dictum
1303 2626 1354 2655 est
1365 2649 1375 2664 ,
1410 2621 1623 2665 dysenterico
1647 2620 1762 2654 morbo

325 2664 410 2697 male
434 2675 474 2698 ac
499 2664 731 2699 miserabiliter
749 2666 886 2701 extincti
905 2666 1019 2702 infelix
1038 2667 1183 2702 cadaver
1197 2666 1231 2701 in
1247 2666 1405 2711 templum
1420 2670 1610 2702 sanctorum
1625 2673 1762 2711 aposto-

323 2708 427 2743 lorum
445 2709 589 2743 delatum
606 2715 669 2744 est.

414 2755 500 2789 Post
524 2755 746 2801 Theophilum
768 2755 946 2801 imperavit
961 2756 1106 2791 Michael
1121 2756 1207 2790 filius
1222 2757 1434 2800 Methystes,
1457 2757 1522 2790 hoc
1537 2757 1589 2789 est
1603 2753 1763 2788 temulen-

325 2803 379 2834 tus
391 2825 401 2843 ,
426 2800 534 2834 dictus
544 2826 555 2842 ‚
579 2812 651 2835 cum
668 2806 775 2836 matre
790 2800 971 2838 Theodora
985 2813 1090 2837 annos
1107 2802 1370 2848 quattuordecim
1382 2829 1393 2846 ‚
1415 2802 1505 2838 solus
1520 2811 1624 2836 annos
1637 2799 1762 2841 decem,
