1924 3242
329 175 420 223 184
718 175 950 220 GEORGII
981 175 1361 220 ACROPOLITAE

308 289 446 332 -αὖτοῦ
463 284 697 344 Νικηφόρος
722 288 788 330 ’καὶ
816 285 841 342 ἡ
872 286 1036 343 σύζυγος
1059 287 1199 332 τούτου
1229 289 1299 331 καί
1316 306 1417 340 τινες
1437 293 1514 333 ’τῶν
1535 288 1658 332 αὐτοῦ
1678 289 1752 341 τὰς
1779 324 1782 326 v

322 357 530 414 διατριβὰς
549 357 590 396 ἐν
611 359 660 411 τῇ
683 354 866 412 θαλάττῃ
891 357 1060 408 ἓποίουν,
1084 355 1156 407 τάς
1178 375 1217 400 τε
1241 356 1385 412 νήσους
1404 357 1476 408 τὰς
1498 358 1608 414 πέριξ
1625 375 1750 400 κατα.-

321 423 463 480 γώγιον
483 421 609 476 εἶχον,
648 421 848 464 Λευκάδα
872 424 1023 478 δηλαδὴ
1047 427 1112 466 καὶ
1134 424 1206 475 τὰς
1227 429 1306 467 τῶν
1327 423 1586 481 Κεφαλήνων.
1653 425 1745 468 ἀλλ’

323 493 404 533 ἐπεὶ
425 490 445 532 ὅ
468 489 609 532 τούτου
630 488 753 541 νόθος
778 491 864 541 υἱὸς
888 490 1071 547 Ἰωάννης
1100 493 1199 549 πρὸς
1219 492 1339 534 αὐτὸν
1362 491 1475 549 ἀπῄει
1497 492 1609 535 καθὰ
1630 491 1748 548 δεδή-

320 563 457 608 λωται,
493 556 728 614 ἀνερρώσθη
758 563 829 614 τῆς
849 558 1075 616 ῥαθυμιάς,
1105 562 1170 601 καὶ
1202 560 1270 602 τὸν
1298 559 1412 602 ὄκνον
1443 558 1780 614 ἀποσεισάμενοςό

270 635 302 670 D
326 627 386 668 ἐπὶ
407 626 479 680 τὴν
489 625 634 682 Ἄρταν
655 625 821 679 ἐβάδιζε.
888 627 1040 671 κάκεῖσε
1064 627 1112 682 δὴ
1135 628 1360 684 ἀφιγμένος,
1394 629 1474 670 ἐπεὶ
1493 627 1585 678 τοὺς
1600 626 1751 678 πάντας
1809 670 1811 673 ,

320 692 531 748 οἰκήτορας
556 695 858 750 προσκειμένους
886 690 995 751 εὗρεν
1023 695 1154 752 αὐτῷ,
1197 694 1272 749 εἶχε
1297 697 1339 739 δὲ
1361 697 1426 737 καὶ
1445 695 1490 737 τὸ
1513 699 1584 749 τῆς
1603 696 1745 737 Borat-

319 764 413 816 τζης
435 761 535 803 ἄστυ
557 761 667 818 παρὰ
689 767 761 803 τοῦ
779 763 926 818 με’ρους
947 761 1088 805 τούτου
1111 761 1391 820 κρατούμενον,
1408 762 1639 818 συναγαγὼν
1658 761 1751 813 τοὺς

321 829 441 871 ἐκεῖσε
462 827 761 884 εὖρισκομένους
782 830 876 880 τοὺς
895 829 1109 887 ἡμετέρους
1126 836 1204 873 τῶν
1225 829 1342 887 ὁρίων
1361 835 1431 885 τῆς
1442 830 1584 887 Ἄρτης
1608 829 1751 885 ἐξήλα-

320 913 401 939 σεν.
469 897 573 939 ἀλλὰ
604 899 670 939 καὶ
703 897 798 948 τοὺς
829 898 1220 955 πολιορκοῦνταςτὰ
1249 897 1449 941 Ἰωάννινα
1481 898 1640 955 μακρὰν
1672 901 1752 940 τῶν
1764 904 1805 939 10

315 964 545 1007 Ἷωαννι’νιον
563 967 781 1019 πεποίηκεν.
850 965 953 1008 οὕτω
979 967 1052 1020 μὲν
1085 961 1155 1008 οὖν
1184 966 1310 1023 ἀρχὴν
1334 971 1466 1008 κακῶν
1485 965 1538 1008 τὰ
1559 970 1638 1007 τῶν
1653 963 1752 1008 Ῥω-

319 1034 451 1086 μαίων
472 1032 600 1087 εἴληχε
621 1031 855 1089 πράγματα,
901 1035 967 1075 καὶ
991 1034 1040 1076 τὰ
1065 1038 1196 1084 καλῶς
1218 1041 1305 1083 ταῖς
1324 1037 1551 1086 βασιλικαῖς
1571 1037 1752 1087 συμβου-

320 1101 424 1150 λίαις
445 1101 676 1156 γεγενημένα
704 1108 791 1151 ταῖς
812 1105 891 1144 τῶν
911 1100 1236 1158 στρατηγούντων
1260 1101 1462 1155 ἀνηκοΐαις
1484 1103 1550 1143 καὶ
1573 1096 1753 1150 ἀταξίαις

320 1167 447 1217 εἷςτὸ
477 1169 602 1221 μηδὲν
632 1169 773 1222 σχεδὸν
802 1168 829 1222 ἢ
861 1171 927 1210 καὶ
960 1168 1063 1211 πάνυ
1085 1168 1250 1225 σμικρὸν
1271 1166 1569 1222 κατηντήκασιν.
1637 1165 1658 1209 ὃ
1680 1168 1752 1221 μὲν

308 1229 390 1276 οὖν
424 1234 673 1292 αὖτάὸελφος
699 1240 772 1278 τοῦ
800 1236 997 1288 βασιλέως
1023 1235 1043 1277 ὅ
1077 1234 1407 1291 σεβαστοκράτωρ
1434 1233 1619 1288 Ἰωάννης
1638 1236 1707 1276 καὶ
1730 1233 1805 1276 ὃ15

317 1302 510 1357 πενθερὸς
529 1303 653 1346 αὐτοῦ
676 1300 696 1343 ὃ
719 1305 926 1358 Τορνίκιος
947 1305 1247 1352 Κωνσταντῖνος
1268 1307 1338 1356 τῆς
1359 1300 1492 1357 μάχης
1513 1300 1678 1352 ἐξιόντες
1693 1304 1754 1352 εἷς

317 1369 387 1411 τὸν
418 1368 693 1425 αὐτοκράτορα
723 1370 977 1421 ε’πανέζευξαν
1008 1372 1094 1426 περὶ
1125 1370 1197 1424 τὴν
1217 1369 1460 1423 Λάμψακον
1479 1369 1575 1412 ὄντα
1595 1371 1660 1412 καὶ
1680 1370 1754 1420 τὰς

318 1437 527 1492 διατριβὰς
549 1438 667 1479 ἒκεΐσε
691 1435 936 1491 ποιούμενον.
977 1437 1046 1480 τὸν
1064 1438 1137 1491 μὲν
1159 1433 1229 1479 οὖν
1251 1435 1599 1493 σεβαστοκράτορα
1616 1436 1753 1479 Ἰωάν-

315 1521 388 1558 νην
420 1503 440 1545 ὃ
467 1505 656 1557 βασιλεὺς
675 1510 733 1561 τῷ
753 1510 832 1548 τῶν
855 1507 1055 1548 δεσποτῶν
1077 1507 1278 1560 τετίμηκεν
1299 1504 1491 1558 ἄξιώλιιατι
1503 1537 1515 1555 ,
1551 1506 1753 1561 ἀντίχαριν

315 1569 402 1613 οἷον
423 1576 494 1626 τῆς
511 1574 620 1626 νίκης
638 1571 764 1629 τούτῳ
783 1571 930 1623 διδούς,
953 1575 1019 1616 καὶ
1040 1575 1107 1614 ἵνα
1125 1581 1207 1622 τοῖς
1225 1573 1464 1626 μαχομένοις
1483 1571 1608 1628 τούτῳ
1626 1579 1808 1628 προσ-ΞΟ

199 1643 228 1678 Ρ
252 1644 298 1680 96
320 1637 442 1689 ώποις
464 1640 824 1693 ἀντισταθμίζοιτο,
860 1639 1056 1695 δεσπότης
1071 1641 1171 1696 πρὸς
1191 1639 1383 1689 δεσπότας
1404 1638 1649 1693 μαχόμενοφ
1684 1640 1753 1683 τὸν

318 1707 361 1749 δὲ
382 1707 574 1763 πενθερὸν
602 1707 726 1749 αὐτοῦ’
755 1708 823 1750 τὸν
849 1710 1055 1764 Τορνίκιον
1074 1710 1371 1751 Κωνσταντῖνον
1392 1707 1516 1761 με’γαν
1534 1705 1754 1762 πριμμικήμ-

304 1790 405 1833 ριον
434 1773 528 1816 ὄντα
556 1778 616 1834 τῷ
643 1779 722 1821 τῶν
749 1774 1126 1831 σεβαστοκρατόρων
1154 1777 1355 1829 τετίμηκεν
1376 1772 1584 1827 ἀξιώματι.
1650 1773 1754 1816 ἀλλὰ

317 1843 383 1884 καὶ
412 1841 481 1888 τὸν
512 1840 763 1900 αὐτάδελφον
793 1842 916 1891 αὐτοῦ
933 1845 1233 1891 Κωνσταντῖνον
1255 1843 1298 1889 ε”κ
1319 1840 1539 1898 Καισάρων
1559 1845 1754 1898 σεβαστο-

409 1971 451 2009 13
475 1969 689 2017 ἅταραξίαις
710 1972 824 2017 vulgo,

314 2079 528 2125 Nicephorus
553 2087 587 2116 et
612 2093 695 2116 uxor
721 2087 756 2116 et
779 2095 822 2116 ex
845 2083 1060 2116 familiaribus
1076 2082 1205 2127 quidam
1223 2081 1484 2117 conscendentes
1498 2080 1532 2114 in
1548 2079 1628 2114 mari
1642 2090 1753 2114 moras

315 2126 449 2159 trahere
461 2153 470 2166 ,
502 2132 537 2160 et
551 2128 639 2161 circa
654 2128 775 2161 insulas
787 2153 797 2170 ‚
833 2129 988 2162 Leucada
1003 2139 1121 2173 nempe
1137 2133 1172 2162 et
1188 2128 1410 2173 Cephalenem
1421 2152 1431 2169 ‚
1466 2126 1646 2162 divertere.
1692 2124 1754 2160 aed

314 2170 449 2214 quando
464 2170 551 2206 illius
567 2173 655 2207 filius
670 2173 802 2218 spurius
817 2173 958 2207 Ioannes
973 2173 1017 2207 ad
1033 2184 1118 2214 eum,
1142 2178 1180 2207 ut
1197 2173 1372 2213 innuimus,
1395 2171 1555 2212 accessit,
1578 2174 1679 2205 exuta
1693 2181 1756 2204 so-

316 2215 429 2248 cordia
443 2217 648 2261 segnitieque
662 2218 814 2262 deposita
829 2219 953 2252 animos
968 2229 1137 2252 assumens
1153 2222 1267 2252 Artam
1282 2216 1495 2252 contendere.
1541 2226 1581 2249 eo
1594 2214 1755 2260 appulsus

314 2259 408 2293 cives
423 2260 597 2295 universos
612 2262 646 2295 in
662 2274 699 2295 se
714 2275 897 2308 propensos
913 2263 1119 2308 comperiens
1143 2263 1224 2306 (sub
1243 2263 1371 2298 dicione
1386 2272 1518 2305 quoque
1532 2271 1592 2294 sua
1608 2260 1649 2294 ad
1664 2259 1754 2293 illum

313 2303 402 2338 diem
424 2305 608 2340 Bonditzae
632 2307 788 2350 oppidum
810 2309 1062 2352 remanserat),
1103 2318 1188 2352 quos
1212 2308 1258 2341 ibi
1283 2306 1444 2347 offendit,
1476 2306 1570 2340 simul
1591 2304 1753 2346 collectis,

313 2354 447 2383 nostros
464 2350 505 2383 de
519 2351 640 2384 finibus
655 2353 760 2385 Attae
775 2353 922 2397 expellit,
948 2357 983 2386 et
997 2354 1158 2387 Ioannina
1174 2353 1362 2387 obsidentes
1376 2350 1507 2394 longius
1523 2352 1566 2384 ab
1582 2349 1756 2386 obsidione

314 2399 477 2429 removet.
525 2395 575 2429 sic
591 2395 698 2429 denuo
717 2396 863 2430 Romana
878 2409 933 2430 res
948 2397 1055 2441 affligi
1074 2398 1194 2442 coepit,
1214 2402 1250 2430 et
1263 2408 1349 2441 quae
1362 2396 1580 2441 imperatoriis
1595 2395 1756 2429 adhorta-

314 2439 460 2473 tionibus
476 2451 636 2485 prospere
651 2446 748 2484 gesta
763 2442 914 2482 fuerant,
940 2442 1058 2476 ducum
1083 2442 1308 2477 inobedientia
1334 2453 1374 2475 ac
1396 2441 1551 2475 socordia
1572 2441 1606 2476 in
1620 2439 1755 2475 nihilum

314 2484 387 2518 sere
402 2490 460 2518 aut
475 2485 557 2519 satis
573 2486 839 2530 parumredacta
853 2491 941 2521 sunt.
986 2487 1112 2520 interim
1138 2486 1349 2532 imperatoris
1372 2487 1480 2519 frater
1495 2486 1639 2519 Ioannes
1654 2485 1755 2518 seba-

314 2535 484 2563 stoorator
500 2535 534 2564 et
549 2541 646 2564 socer
663 2531 749 2564 illius
763 2531 940 2565 Tornicius
957 2531 1193 2566 Constantinus
1216 2543 1325 2577 pugna
1349 2531 1483 2565 dimissa
1508 2531 1552 2565 ad
1572 2531 1756 2575 imperato-

313 2585 385 2607 rem
400 2575 576 2619 Lampsaci
593 2587 632 2609 eo
647 2582 798 2620 tempore
813 2587 922 2610 moras
938 2577 1124 2611 trahentem
1140 2582 1300 2610 remeant.
1345 2577 1528 2621 imperator
1544 2576 1756 2610 sebastocra-

316 2623 423 2653 torem
438 2620 594 2653 Ioannem
611 2621 825 2665 despotarum
841 2621 1003 2664 dignitate
1018 2621 1193 2655 adornavit
1210 2622 1252 2655 ob
1269 2621 1441 2656 victoriam
1456 2626 1586 2667 partam
1601 2630 1754 2654 remune-

314 2674 396 2698 rans
409 2689 420 2704 ‚
445 2670 480 2698 et
495 2670 533 2698 ut
548 2677 586 2698 ea
605 2666 769 2709 dignitate
786 2666 958 2711 personis,
991 2666 1111 2710 quibus
1127 2678 1198 2700 cum
1213 2667 1300 2699 bella
1315 2673 1487 2710 gesserat,
1520 2666 1662 2710 despota
1680 2675 1754 2699 cum

315 2708 467 2754 despotis
483 2710 667 2753 confligens
683 2716 893 2755 exaequaret.
917 2722 1068 2745 socerum
1084 2723 1164 2744 vero
1180 2711 1265 2745 illius
1282 2711 1534 2747 Constantinum
1549 2709 1753 2750 Tot-niciam,

314 2764 467 2797 magnum
481 2755 712 2800 primicerium,
730 2757 1005 2791 sebastocratoris
1020 2767 1156 2792 munere
1169 2756 1347 2800 insignivit.
1394 2757 1455 2790 sed
1469 2761 1504 2790 et
1518 2757 1651 2791 fratrem
1667 2753 1754 2787 illius

316 2800 520 2834 Germanum
537 2800 790 2837 Constantinum
814 2813 855 2839 ex
872 2802 1020 2839 Caesare
1042 2802 1339 2838 sebastocratorem
1354 2801 1558 2847 indigitavit.
1603 2804 1639 2835 et
1652 2798 1685 2833 in
1703 2797 1754 2832 his
