1924 3242
739 160 991 205 ANNALES.
1525 159 1587 206 73

155 270 548 336 φρλῃφρονησᾶμενος
560 271 754 332 χρήμασι.
822 273 1092 318 καταλελοίπει
1114 274 1157 318 δὲ
1176 273 1266 330 μετ’
1292 272 1414 318 αῧτοῦ
1433 275 1500 318 καὶ
1521 273 1589 318 τὸν

154 339 306 401 ἡτέρα
326 340 469 386 τούτου
491 340 713 400 Θεόδωρον.

217 447 219 450 ⁴
286 408 368 457 41.
427 409 478 454 ‘O
495 411 568 465 μὲν
582 405 653 454 οὗν
669 409 1052 467 βασιλεῦςἾωάννης
1071 408 1297 468 κατειλήφει
1319 410 1392 466 τὴν
1416 409 1482 454 ἕω.
1515 409 1588 465 τὴν

152 483 249 537 γοῦν
265 478 493 536 χειμερινὴν
508 477 596 522 τότε
612 481 872 537 παραμείψας
895 478 1004 536 ὤραν
1023 482 1063 522 ἐν
1082 485 1137 537 τῷ
1157 480 1387 536 Νυμφαίῳ,
1423 477 1477 530 ὥς
1494 478 1589 528 ἔθος

121 541 204 604 ξῆν
219 547 342 605 αὐτῷ,
363 545 524 605 ἀπάρας
542 549 691 591 ἐκεῖθεν
710 549 771 591 ἐπὶ
790 547 861 602 τὴν
869 546 1112 602 Λάμψακον
1128 547 1201 604 ᾔει,
1228 548 1381 590 κάκεῖσε
1399 547 1446 591 τὸ
1467 548 1590 605 θέρος

153 614 398 671 διαβιβάσας
415 617 482 659 καὶ
502 615 576 670 τὴν
591 621 662 671 τῆς
677 615 838 674 ὀπώρας
854 614 983 672 ὥραν,
1012 617 1092 657 ἐπεὶ
1113 613 1134 656 ὃ
1151 615 1302 669 χειμὼν
1318 615 1480 672 ἤρξατο,
1514 620 1585 659 τοῦ
1606 623 1635 658 Β

147 683 285 742 χώρου
301 684 481 740 μεταβὰς
498 686 560 727 ἐπὶ
578 685 630 728 τὰ
647 690 727 729 τῶν
743 687 895 741 Πηγῶν
915 682 1051 742 ἐχώρει
1069 684 1184 740 μέρη.
1236 686 1420 738 μεγίστου
1443 686 1486 726 δὲ
1502 702 1587 739 χει-

149 758 285 807 μῶνος
305 755 533 810 πεπείραται
551 754 651 796 καθ’
674 752 780 805 ὁδόν,
817 753 1039 810 ἀρξαμένου
1068 752 1140 806 μὲν
1164 753 1244 793 ἐπεὶ
1273 749 1294 792 ὃ
1317 752 1505 806 βασιλεὺς
1534 755 1590 804 εἷς

149 820 224 876 τὴν
240 821 439 878 Σιγρηνὴν
457 819 688 876 ἐσκήνωσεν,
731 820 882 879 ἡμέρας
903 821 946 863 δὲ
965 819 1037 863 δύο
1060 825 1108 876 τῇ
1132 817 1339 877 δριμύτητι
1359 818 1500 862 τούτου
1522 822 1590 862 καὶ

98 893 202 947 1οτῇ
220 887 476 947 σφοδροτάτῃ
500 895 608 949 φορᾷ
633 896 704 945 τῆς
716 888 851 945 χιόνος
874 887 1235 946 τεταλαιπώρηκεν,
1264 888 1404 945 μέχρις
1422 887 1470 930 ἂν
1491 906 1587 931 κατ-

150 955 308 1012 ηντῆκει
338 960 394 1008 εἰς
424 957 470 1000 τὸ
486 962 567 1000 τῶν
582 961 735 1015 Πηγῶν
754 958 866 1001 ἄστυ.
918 958 1056 1000 πολλοὶ
1074 961 1169 1013 γοῦν
1187 956 1290 999 καθ’
1312 954 1406 998 ὁδὸν
1423 955 1587 1011 ἐτεθνή-

149 1041 286 1077 κεισαν
312 1027 379 1069 καὶ
396 1027 563 1068 πολλαί·
596 1028 713 1085 μέχρι
739 1031 835 1083 γοῦν
860 1027 1109 1083 τριακοσίων,
1145 1023 1199 1076 ὡς
1223 1025 1261 1068 οἱ
1292 1024 1590 1082 ἀριθμήσαντες

149 1091 362 1150 {9211on-
378 1091 456 1136 ὕπὸ
475 1098 547 1149 τῆς
564 1094 700 1149 χιόνος
724 1093 1038 1150 κατεχώσθησαν
1049 1127 1062 1146 ,
1093 1094 1149 1149 μὴ
1173 1092 1383 1148 δυνάμενοι
1406 1094 1590 1148 ἀντωπῆ-

149 1177 219 1205 σαι
237 1166 287 1218 τῇ
306 1166 378 1205 τοῦ
403 1161 626 1217 πνεύματος
643 1169 765 1224 φορᾷ.
800 1165 929 1214 οὐδεὶς
948 1168 1044 1219 γοῦν
1061 1168 1141 1206 τῶν
1160 1161 1323 1205 ἰδόντων
1346 1161 1448 1218 ἔλεγε
1470 1161 1590 1218 71an-

96 1241 139 1278 15
151 1243 258 1273 σκειν
269 1233 509 1286 γεγενῆσθαί
518 1249 611 1274 ποτε
624 1238 804 1275 τοιοῦτον
812 1237 1004 1287 χειμῶνα.
1039 1226 1108 1287 ἦγε
1124 1232 1166 1273 δὲ
1178 1236 1235 1288 τῷ
1248 1229 1334 1273 τότε
1351 1231 1590 1274 ὀκτωκαιδε-

149 1296 274 1352 κάτην
282 1298 364 1354 μὴν
380 1296 401 1340 ὅ
413 1299 672 1357 Δεκέμβριος,
691 1301 778 1351 ἔτος
791 1302 833 1342 δὲ
845 1296 894 1355 ἦν
907 1302 968 1342 ἐπὶ
978 1304 1036 1357 τῷ
1054 1299 1375 1356 ἓξακισχιλιοστιιῦ
1386 1301 1452 1342 καὶ
1471 1298 1591 1342 ἓπτα-
1615 1307 1646 1341 C

148 1371 344 1424 κοσιοστῷ
356 1366 401 1409 τὸ
414 1368 732 1425 τεσσαρακοστὸν
744 1367 853 1423 οἶμαι
867 1372 1037 1425 πρῶτον.
1064 1365 1084 1409 ὃ
1098 1368 1170 1421 μὲν
1185 1362 1255 1409 οὖν
1273 1367 1463 1420 βασιλεὺς
1479 1369 1520 1409 ἓν
1536 1373 1593 1425 τῷ

147 1439 230 1480 ,τῶν
246 1436 400 1491 Πηγῶν
430 1435 539 1478 ἄστει
571 1435 832 1494 ὄιημερεύσας
851 1438 991 1493 μέχρις
1013 1435 1063 1477 ἂν
1094 1436 1139 1478 τὸ
1171 1435 1271 1478 πολὺ
1302 1440 1374 1478 τοῦ
1399 1440 1595 1490 χειμῶνος

148 1500 333 1559 λωφήσῃ,
345 1503 459 1554 ἐξιὼν
470 1502 620 1547 ἐκεῖθεν
632 1508 687 1555 εἷς
699 1505 744 1548 τὸ
755 1504 975 1562 Νύμφαιον
989 1503 1118 1561 ἀπῄει,
1133 1506 1198 1546 καὶ
1211 1499 1260 1559 ἦν
1270 1506 1389 1547 ἐκεῖσε
1401 1505 1516 1561 μέχρι
1527 1506 1594 1546 καὶ

92 1575 222 1626 Ξοτῆς
242 1576 309 1613 τοῦ
333 1570 450 1629 ἴαρος
471 1572 742 1627 ἓπιλάμψεως.
777 1575 858 1616 ἐπεὶ
877 1579 984 1629 γοῦν,
1006 1571 1061 1622 ὥς
1083 1572 1312 1630 εἰρήκειμεν,
1331 1571 1450 1627 ἡτῶν
1468 1575 1593 1615 Μου-

145 1638 382 1694 ’σουλμάνων
405 1641 518 1699 παρὰ
532 1646 612 1685 τῶν
634 1643 851 1699 Ταχαρίων
871 1642 1133 1685 καταλέλυται
1152 1639 1343 1700 στρατιά,
1378 1639 1596 1691 σουλτάνος

240 1759 259 1793 1
275 1755 439 1813 ,χρήμασι
461 1769 514 1794 om
535 1758 569 1794 D
660 1760 683 1794 2
704 1756 850 1802 πατέρα
871 1757 1023 1804 τούτου]
1047 1756 1199 1805 βασιλέα
1222 1759 1253 1793 D
1343 1759 1365 1794 5
1385 1757 1468 1803 περὶ
1489 1759 1593 1803 vulgo

237 1806 436 1838 κακεῖσε-
447 1804 582 1849 Ἱμέρη]
599 1803 661 1839 καὶ
677 1803 720 1840 τὸ
737 1803 845 1840 ἐπιὸν
862 1803 942 1846 ἔτος
956 1804 1039 1848 περὶ
1055 1802 1183 1849 Πηγὰς
1197 1805 1307 1849 χωρεῖ
1319 1804 1352 1839 D
1413 1806 1434 1840 8
1452 1802 1546 1839 ἐπὰν
1561 1805 1594 1839 D

237 1850 260 1884 9
284 1848 482 1895 Σιγρηνὴν]
504 1851 572 1894 γῆν
594 1851 625 1885 D
719 1853 759 1886 11
785 1849 824 1885 δὲ
846 1851 879 1884 D
969 1848 1242 1895 ἄπεθνήκεισαν
1271 1851 1302 1884 D
1395 1852 1440 1886 12
1462 1849 1594 1885 πολλαὶ

239 1898 276 1929 et
295 1896 387 1940 γοῦν
411 1907 465 1929 om
487 1896 518 1930 D
611 1894 648 1930 οἱ
671 1892 942 1941 ἀριθμήσαντες
964 1908 1017 1931 om
1035 1897 1068 1931 D
1161 1897 1203 1931 15
1217 1895 1390 1930 τοιοῦτον
1404 1894 1594 1941 γινώσκειν

235 1941 282 1979 D.
306 1941 436 1975 omissis
455 1942 674 1987 γεγενῆσθαί
696 1953 785 1976 ποτε
920 1937 985 1988 ἥγε
1001 1962 1047 1968 -
1065 1941 1214 1986 πρῶτον
1239 1954 1291 1975 om
1314 1942 1345 1975 D
1462 1943 1503 1977 17
1526 1939 1592 1985 μὲν

237 1982 322 2033 οὖν]
345 1987 436 2031 γοῦν
458 1987 490 2022 D
561 1989 603 2023 19
627 1985 733 2030 ἐξιών
757 1985 797 2022 δὲ
819 1986 869 2023 ἐκ.
893 1988 925 2022 D
993 1987 1056 2023 καὶ
1074 1984 1125 2033 ἦν
1140 2007 1186 2014 -
1201 1989 1246 2023 20
1264 1984 1304 2031 ἡ]
1330 1983 1381 2027 ὥς
1405 1980 1474 2022 οὖν
1497 1984 1519 2031 ἡ
1544 1988 1589 2021 D.

143 2088 276 2134 gnitate
290 2088 467 2132 affecerat,
490 2093 526 2123 et
540 2093 693 2123 caeteros
708 2089 789 2123 alios
803 2089 851 2124 illi
866 2089 1035 2124 subiectos
1049 2089 1192 2135 pecunia
1210 2088 1406 2123 donaverat.
1459 2099 1533 2123 cum
1549 2099 1589 2122 eo

145 2135 243 2170 etiam
257 2139 386 2181 patrem
398 2135 614 2169 Theodorum
629 2135 775 2180 reliquit.

233 2179 289 2216 41.
336 2181 444 2225 Igitur
456 2181 638 2227 imperator
654 2182 817 2224 loannes,
848 2192 921 2215 cum
944 2192 982 2215 se
1002 2180 1035 2215 in
1056 2180 1229 2215 Orientem
1251 2180 1456 2226 recepisset,
1478 2179 1591 2225 Nym-

143 2225 245 2272 pbaei
259 2226 391 2261 hiemat.
435 2227 517 2261 inde
531 2227 703 2261 discedens
719 2228 938 2273 Lampsacum
954 2227 1050 2261 venit
1062 2254 1072 2271 ‚
1095 2228 1153 2261 ubi
1168 2231 1297 2261 aestate
1313 2232 1416 2271 atque
1431 2230 1590 2259 autumno

144 2272 332 2316 transactis,
352 2272 446 2307 initio
461 2273 586 2316 hiemis,
610 2273 741 2307 dimisso
761 2273 847 2316 loco,
871 2274 983 2317 Pegas
997 2273 1188 2316 contendit,
1212 2273 1347 2318 quando
1367 2278 1402 2306 et
1415 2271 1503 2305 inter
1518 2282 1591 2305 am-

143 2317 321 2352 bulnndum
333 2319 514 2353 saevientis
530 2319 644 2353 hiemis
659 2319 724 2352 vim
742 2324 847 2353 atram
862 2319 995 2364 excepit
1005 2345 1015 2361 ‚
1045 2331 1117 2353 cum
1137 2323 1250 2353 castra
1265 2319 1409 2362 Sigrene
1433 2318 1591 2359 locasset,

145 2362 298 2397 exorsam
308 2388 320 2405 ‚
354 2370 388 2399 et
409 2376 471 2410 per
487 2365 572 2399 duos
587 2365 657 2399 dies
672 2365 760 2399 illius
774 2366 901 2410 frigore
918 2376 958 2398 ac
972 2365 1176 2409 glomeratae
1192 2364 1279 2398 nivis
1295 2363 1482 2398 turbinibus
1496 2363 1589 2397 affli-

147 2413 241 2451 ctus,
277 2408 383 2444 donec
402 2411 444 2445 ad
458 2411 625 2456 Pegarum
645 2423 752 2445 arcem
769 2411 933 2456 pervenit.
979 2412 1092 2456 plures
1107 2422 1146 2445 eo
1162 2410 1196 2444 in
1210 2410 1330 2444 itinere
1345 2409 1451 2444 virilis
1468 2414 1502 2443 et
1516 2420 1590 2443 mu-

144 2454 260 2489 liebris
274 2465 374 2489 sexus
389 2457 566 2491 exanimati
580 2461 675 2492 sunt:
710 2457 753 2491 ad
769 2461 921 2491 trecenta
937 2468 1078 2502 namque
1089 2480 1099 2494 ,
1123 2460 1162 2490 ut
1176 2456 1232 2501 qui
1248 2456 1411 2490 rationem
1426 2460 1590 2501 supputa-

145 2505 226 2534 runt
239 2501 438 2544 retulerunt,
455 2503 619 2537 hominum
634 2509 840 2538 mortuorum
857 2502 981 2548 capita,
1004 2502 1107 2537 nivali
1123 2514 1162 2536 eo
1178 2502 1305 2536 tumulo
1322 2506 1488 2543 contecta,
1513 2512 1593 2535 con-

145 2546 212 2581 sita
227 2550 324 2590 sunt,
358 2547 488 2592 quando
510 2553 684 2583 ventorum
706 2549 800 2584 rabie
815 2561 857 2583 ne
873 2549 995 2583 intueri
1014 2549 1144 2594 quidem
1163 2548 1250 2582 alter
1264 2548 1404 2582 alterum
1422 2551 1590 2593 poterant,

147 2603 328 2636 omnesque
353 2592 410 2637 qui
432 2594 520 2628 malo
540 2594 725 2630 interfuere
749 2595 928 2629 contestati
948 2599 1026 2629 sunt
1051 2595 1189 2629 similem
1214 2605 1251 2627 se
1277 2593 1393 2628 hiemis
1417 2594 1590 2626 horrorem

146 2649 312 2682 nunquam
327 2637 410 2672 alia·
423 2640 639 2684 persensisse.
685 2641 813 2676 decima
827 2646 947 2675 octava
961 2647 1029 2676 tum
1045 2639 1169 2674 mensis
1179 2639 1373 2674 Decembris
1389 2639 1461 2673 dies
1477 2650 1592 2672 nume-

146 2685 304 2725 rabatur;
337 2695 441 2717 annus
456 2686 541 2720 6741
551 2710 562 2727 ‚
591 2691 630 2720 ut
651 2699 725 2721 mea
748 2688 818 2721 fert
835 2687 1011 2721 sententia.
1057 2687 1240 2730 imperator
1266 2685 1300 2719 in
1313 2685 1481 2729 Pegai-um
1508 2684 1593 2718 urbe

146 2729 254 2763 donec
269 2730 384 2763 hiemis
398 2730 541 2765 saevitia
555 2729 738 2766 molliretur
753 2737 983 2774 commoratus,
1006 2732 1082 2766 inde
1098 2731 1212 2765 exiens
1227 2731 1459 2776 Nymphaeum
1477 2729 1592 2775 appel-

145 2775 196 2818 lit,
220 2774 334 2821 ibique
349 2775 393 2809 ad
408 2787 547 2811 vernum
558 2781 688 2824 ternpus
703 2779 894 2824 permansit.
932 2778 1213 2813 Musulmanorum
1229 2776 1344 2822 itaque
1359 2776 1509 2811 exercitu
1526 2774 1592 2807 dis-

147 2821 270 2867 sipato,
293 2827 331 2856 ut
345 2821 507 2865 diximus„
522 2833 543 2857 a
556 2823 746 2869 Taenariis,
770 2824 888 2869 quibus
904 2825 1055 2860 sultanus
1071 2823 1254 2858 Iathatines
1270 2826 1450 2869 praeerat,
1473 2819 1591 2856 sultani
