1864 3242
356 175 452 223 220
878 178 937 220 IN
970 178 1263 224 GEORGIUM

464 299 504 336 p.
529 286 577 325 10
598 297 635 322 v.
658 285 723 325 14.
779 285 960 335 despotae
982 288 1153 336 nomine,
1183 286 1289 340 quod
1309 288 1350 326 in
1368 285 1443 327 hoc
1461 290 1598 329 libello
1618 291 1772 343 saepius

355 343 530 387 occurrit,
559 341 600 376 in
620 341 708 377 aula
728 341 930 392 Cpolitana
946 344 1181 390 vpcabantur
1197 344 1269 381 filii
1289 345 1425 383 fratres
1446 348 1580 396 generi
1600 348 1771 398 impera-2

351 399 464 443 toris,
494 395 792 445 sebastocrator,
821 398 963 442 Caesar
980 405 1018 436 et
1035 398 1288 449 patriarchae.
1345 399 1415 438 sed
1438 398 1534 442 κατὰ
1559 400 1697 454 ἐξοχὴν
1714 404 1771 440 ita

351 451 475 488 dictus
495 452 570 488 fuit
588 453 743 503 imperii
763 466 980 502 successor,
1019 454 1188 492 filiorum
1209 462 1302 492 natu
1321 457 1532 500 maximus.
1586 470 1769 498 nonuun—

353 511 470 558 quam
489 514 526 543 et
550 507 635 545 aliis
653 509 891 559 principibus
909 511 1101 547 amicitiae
1119 517 1185 547 aut
1202 511 1399 549 affinitatis
1419 525 1511 562 ergo
1530 511 1768 556 defeoebant.

347 575 446 614 quae
461 563 589 600 onmia
605 566 888 602 accuratissime
898 567 1088 603 Meursius
1103 567 1321 604 observavit
1334 568 1375 604 in
1387 567 1594 606 Glossario.
1609 569 1768 607 Dousa.

457 618 510 655 ib.
540 631 579 656 v.
615 622 677 661 18.
751 616 901 673 κράλης
929 635 1007 658 rex.
1085 620 1192 658 idem
1229 621 1336 673 quod
1371 623 1606 664 Polonorum
1636 624 1771 674 lingua

354 674 456 712 Crol.
482 672 551 714 τόν
571 671 722 727 κράλην
744 677 911 727 Σερβίας
926 676 1167 728 Nicephorus
1188 678 1376 728 Gregoras
1394 691 1475 715 non
1500 679 1624 717 semel
1636 674 1770 720 nami-

347 737 427 767 nat.
482 737 523 767 et
546 729 569 770 o‘
585 728 732 782 κράλης
753 729 947 784 Ου’γγρίας
971 735 1013 770 in
1034 735 1180 770 sancito
1208 732 1379 784 quodam
1403 732 1643 784 patriarchae
1673 747 1770 772 auo-

345 787 456 837 nymi
478 785 582 837 apud
600 788 882 826 Leunclavium
899 790 943 825 in
960 790 1043 825 iure
1064 790 1440 826 Graeco-Romano.
1495 786 1685 842 κρᾶλαινα
1707 804 1770 827 νε-

342 843 443 892 gina
464 843 659 892 Gregorae
682 844 750 880 lib·
772 847 797 885 7
827 851 865 881 et
883 845 1062 894 κραλίτζα
1090 846 1131 881 in
1151 843 1341 881 Chronico
1366 845 1567 895 Cpolitauo
1587 858 1648 884 ms
1665 845 1770 896 apud

345 899 573 935 Meursium.
630 900 783 936 Nicetas
799 901 841 936 in
861 900 1004 937 Alexio
1023 901 1219 937 Comneno
1241 901 1309 937 lib.
1333 903 1358 941 3
1375 901 1528 938 tertiam
1545 902 1629 945 eius
1647 900 1770 939 filiam

345 955 504 990 nomine
525 953 752 1002 Eudociam,
774 957 859 1006 ipso
881 954 1009 992 adhuc
1025 955 1290 992 Andronicum
1309 956 1481 1005 fugiente
1496 963 1534 994 et
1549 957 1769 995 Palaestina

347 1008 453 1059 apud
471 1011 686 1047 Ismaelitas
707 1012 922 1058 oberrante,
957 1012 1004 1048 ab
1022 1013 1168 1048 Isaacio
1182 1019 1319 1063 patruo
1341 1011 1437 1063 (non
1455 1019 1576 1062 patre,
1610 1013 1668 1050 uti
1686 1013 1768 1049 Lo-

345 1063 521 1116 gotheta)
546 1065 745 1116 Stephano
762 1067 840 1103 filio
862 1069 1050 1104 Neemani
1069 1067 1334 1104 Triballorum
1349 1069 1515 1117 principi
1535 1066 1768 1118 desponsam

346 1121 492 1158 scribit.
558 1121 724 1159 Triballi
738 1124 858 1174 igitur
878 1130 916 1159 et
941 1123 1069 1159 Servii
1088 1122 1223 1159 iidem.
1285 1121 1398 1159 Ser-bi
1415 1123 1544 1160 Plinio
1563 1129 1653 1160 sunt
1668 1135 1768 1172 gen-

345 1182 403 1213 tes
434 1178 533 1213 circa
561 1179 765 1214 Maeotim,
789 1177 911 1214 iidem
943 1191 1031 1214 cum
1062 1177 1221 1222 Sarabis·
1244 1178 1386 1214 Ortelio
1404 1176 1597 1215 videntur.
1658 1177 1771 1216 Serbi

344 1231 520 1269 Cedreno
541 1239 630 1270 suut
647 1235 746 1270 circa
764 1234 1015 1280 Dalmatiam,
1032 1246 1127 1284 quos
1148 1232 1240 1273 dicit
1261 1245 1416 1284 quoque
1440 1232 1606 1282 Scythae
1623 1226 1767 1273 vocari.

347 1289 527 1324 serviam
545 1288 746 1325 Dardanos
773 1287 967 1326 habitasse
987 1289 1119 1326 scribit
1136 1289 1409 1326 Volaterranus
1438 1294 1476 1324 et
1496 1289 1775 1338 cuspinianus..

342 1343 558 1380 Dardania
575 1345 802 1382 Ptolomaeo
828 1345 962 1382 Orosio
991 1351 1029 1381 et
1055 1345 1141 1381 aliis
1159 1345 1338 1394 Europae
1355 1346 1483 1394 regio,
1513 1355 1613 1395 quae
1631 1345 1768 1394 Mysia

339 1399 621 1437 mediterranea
640 1406 800 1436 vocatur
821 1401 863 1436 in
883 1399 1028 1437 codice.
1085 1400 1241 1450 Illyriae
1258 1406 1425 1450 pars,est
1439 1400 1604 1437 Aeliano
1626 1402 1668 1437 in
1687 1402 1767 1439 Va-

339 1456 406 1491 riis
428 1461 466 1491 et
483 1455 641 1492 Nicolao
660 1454 765 1505 apud
781 1456 1007 1493 Stobaeum.
1064 1456 1213 1506 Σερβία
1239 1453 1356 1491 habet
1380 1453 1614 1506 Sophiauus.
1680 1457 1767 1492 Tm>-

339 1510 439 1546 hallc'
454 1512 625 1548 Moesiae
647 1511 843 1548 inferioris
860 1512 995 1562 populi
1013 1518 1102 1548 sunt
1122 1512 1250 1548 Plinio
1269 1511 1493 1548 Ptolemaeo
1516 1517 1554 1548 et
1571 1511 1765 1559 Straboni,

340 1567 409 1617 qui
427 1579 493 1604 eos
514 1565 608 1604 dicit
625 1566 676 1603 ad
695 1568 866 1604 insulam
884 1567 1054 1604 Danubii
1072 1569 1228 1603 Peucen
1244 1568 1477 1617 pertingere.
1513 1565 1586 1603 hos
1608 1573 1645 1604 et
1667 1567 1765 1616 Scy-

338 1622 429 1658 thas
449 1622 611 1673 quidam
630 1629 782 1659 vocant.
845 1623 974 1660 Servii
994 1621 1173 1659 dicuntur
1191 1635 1214 1659 a
1230 1624 1384 1670 Niceta3
1424 1621 1494 1660 sed
1517 1621 1715 1672 Balgares
1742 1636 1764 1659 a

336 1679 509 1714 Laonico
540 1677 807 1728 Chalcondyla
839 1678 1037 1729 Sophiano
1066 1680 1184 1715 Lazio
1220 1685 1257 1714 et
1285 1679 1386 1714 aliis.
1444 1677 1492 1714 de
1527 1678 1673 1714 Seruiis
1699 1677 1765 1714 adi

335 1732 553 1771 pandectas
574 1735 759 1770 Turcicas
777 1735 1004 1770 Leunclavii
1026 1746 1108 1784 cap.
1132 1736 1198 1774 37.
1253 1734 1413 1770 DousA.

446 1788 499 1825 ib.
533 1802 571 1827 v.
605 1791 668 1829 18,
726 1788 791 1829 ἐπί
815 1805 893 1828 τινι
923 1788 965 1829 δὲ
991 1787 1136 1839 πάθει]
1169 1802 1251 1826 rem
1277 1790 1523 1839 prosequitur
1549 1790 1763 1826 accuratius

334 1845 471 1881 Niceta
489 1845 558 1881 lib.
578 1847 601 1884 3
626 1843 675 1882 de
692 1845 834 1882 Alexio
856 1846 1068 1893 Comneno,
1100 1845 1255 1880 tertiam
1275 1845 1395 1880 filiam
1409 1843 1642 1892 Eudociam,
1674 1857 1773 1887 cum*

334 1898 464 1936 adhuc
479 1899 749 1937 Andronicum
765 1901 918 1951 fugeret
936 1908 973 1938 et
994 1899 1099 1951 apud
1114 1901 1321 1937 Ismailitas
1339 1907 1377 1936 et
1393 1901 1434 1936 in
1451 1901 1670 1938 Palaestina
1690 1900 1762 1936 ab-

334 1963 479 1996 erraret
495 1956 661 1995 Alexlus
673 1985 683 2004 ,
713 1959 905 1994 Isaacium
922 1957 1082 1993 fratrem
1098 1954 1298 2006 Stephano
1317 1957 1525 1992 Neomauis
1541 1955 1640 2002 filio,
1667 1956 1761 1992 Tri-

333 2013 528 2048 ballorum
544 2013 711 2063 principi
730 2011 982 2063 despondisse
994 2041 1004 2060 ‚
1044 2013 1111 2063 qui
1137 2018 1224 2062 post
1245 2013 1433 2061 exiguum
1449 2018 1602 2061 tempus
1620 2012 1662 2047 in
1682 2012 1760 2048 Pa-

334 2070 446 2118 pyrio
467 2075 599 2105 monte
622 2067 836 2109 monachus
862 2068 925 2116 fit3
963 2068 1087 2104 filium
1114 2068 1221 2104 illius
1249 2066 1388 2104 eodem
1411 2068 1568 2103 nomine
1590 2064 1761 2116 Stepha-

333 2136 451 2169 num,
494 2125 647 2174 paterni
673 2125 912 2174 principatus
939 2122 1096 2160 domina
1121 2122 1296 2160 Eudocia
1325 2121 1541 2168 declarata,
1580 2133 1667 2158 eam
1685 2122 1760 2158 sibi

333 2179 510 2215 iunxisse
535 2192 587 2216 ex
608 2192 731 2231 eaque
756 2180 857 2217 filios
883 2180 1121 2229 suscepisse3
1163 2177 1413 2229 postmodum
1437 2175 1589 2213 divulso
1618 2189 1774 2228 quere·⁴

330 2235 472 2271 moniis
495 2247 646 2281 amore,
688 2248 777 2276 cum
796 2236 893 2272 alter
911 2235 1022 2272 alteri
1042 2236 1278 2271 incestuosos
1299 2245 1448 2270 amores
1468 2232 1651 2269 obiiceret
1674 2245 1774 2277 cre--

330 2296 532 2340 sceretque
553 2291 594 2325 in
615 2288 697 2326 dies
719 2290 944 2338 dissidium,
982 2289 1246 2340 Stephanum,
1283 2290 1364 2326 sive
1383 2287 1542 2324 conficto
1561 2288 1643 2324 sive
1666 2301 1758 2325 vere

330 2345 481 2384 obiecto
504 2343 686 2383 adulterii
705 2347 866 2382 crimine
879 2374 890 2392 ‚
934 2345 1150 2382 Eudociam
1175 2345 1257 2382 sola
1276 2343 1385 2381 tenui
1404 2343 1570 2380 interula
1585 2372 1595 2391 ,
1635 2339 1757 2395 eaque

331 2399 505 2451 undique
524 2401 716 2450 praecisa,
757 2407 800 2441 ut
830 2402 899 2437 vix
916 2400 1120 2450 pudendas
1139 2406 1266 2450 partes
1285 2404 1454 2449 tegeret,
1485 2400 1756 2448 ignominiose,

329 2469 407 2507 quo
435 2456 594 2493 libitum
621 2462 722 2492 esset
755 2456 860 2494 abire
891 2458 1148 2502 concessisset,
1185 2456 1346 2491 fratrem
1367 2453 1557 2504 Stephani
1574 2455 1758 2492 Volscum

328 2514 413 2548 eius
431 2510 715 2548 inhumanitate
740 2511 941 2560 obiurgata
965 2524 1093 2548 orasse
1112 2518 1156 2547 ut
1175 2509 1350 2560 deposita
1367 2509 1566 2546 iracundia
1578 2539 1588 2557 ,
1629 2517 1667 2546 et
1685 2522 1756 2559 ge-

327 2568 431 2605 neris
446 2566 642 2603 Eudociae
666 2565 798 2605 habita
824 2568 970 2606 ratione
985 2596 995 2613 ,
1036 2567 1263 2602 clementius
1289 2573 1419 2615 ageret
1447 2572 1486 2602 et
1509 2566 1637 2602 famae
1663 2578 1756 2602 suae

329 2623 560 2669 consuleret,
591 2620 661 2659 sed
679 2635 764 2659 cum
784 2623 987 2672 ingenium
1004 2622 1109 2658 illius
1126 2621 1372 2671 implacabile
1388 2634 1545 2658 movere
1566 2634 1646 2657 non
1663 2634 1756 2670 pos-

329 2685 400 2727 set,
430 2680 557 2728 ipsam
577 2677 815 2725 Eudociam,
842 2684 886 2714 ut
905 2677 1074 2727 dignitas
1096 2678 1177 2713 eius
1198 2677 1439 2726 postulabat,
1469 2675 1754 2727 Dyrrhachiiun

328 2732 618 2784 perducendam
638 2747 803 2781 curasse,
818 2740 968 2783 patrem
984 2733 1173 2770 Alexium
1191 2734 1393 2769 certiorem
1411 2731 1617 2779 redditum,
1633 2731 1768 2767 filiam*

329 2791 465 2828 lectica
493 2790 658 2842 aliisque
690 2790 926 2831 ornamentis
957 2788 1210 2826 muliebribus
1236 2789 1385 2836 missis,
1423 2789 1464 2824 in
1485 2786 1623 2824 aedem
1641 2799 1767 2827 suam(
