1832 3250
259 1002 297 1042 ,Β

257 1808 288 1842 C

327 202 390 247 28
578 178 580 181 ’
705 205 1085 262 οοΝεΤΑΝΉΝι
1109 209 1371 255 MANASSIS

458 314 519 357 ἐπὶ
536 315 678 373 μικρὸν
698 315 896 361 ἀπώλεσεν
918 318 965 374 ἢν
985 317 1060 375 εἶχε
1080 323 1323 366 δυναστείαν.

350 381 433 425 580
458 381 512 433 ὥς
532 385 572 425 δ’
596 383 749 440 ἥρπασε
773 387 838 427 καὶ
858 387 1081 444 Σέσωστριν
1102 388 1281 440 θάνατος
1303 391 1347 432 ἐκ
1369 393 1444 432 τοῦ
1457 393 1564 445 βίου,

450 458 539 510 μτοῖς
553 451 773 509 Ἀσσυρίοις
793 452 941 508 ἤνθησε
962 454 1080 497 πάλιν
1104 455 1130 511 ἦ
1154 459 1339 511 βασιλεία

455 516 510 567 ὥς
533 519 692 575 δένδρον
712 518 789 562 ὕπὸ
805 526 878 562 τοῦ
896 527 1039 578 πικροῦ
1059 526 1364 580 κρυσταλλωθὲν
1378 529 1573 578 χειμῶνος

455 587 520 626 καὶ
542 588 749 643 μαρανθὲν
769 590 834 629 καὶ
855 591 1065 645 νεκρωθὲν,
1100 593 1163 634 καὶ
1186 590 1303 633 πάλιν
1322 593 1521 645 ἀναζῆσαν

456 653 787 710 παραδραμόντος
809 660 880 697 τοῦ
906 659 1035 699 δεινοῦ
1054 662 1123 712 τῆς
1138 661 1340 714 χειμερίας
1359 656 1478 714 ὥρας.

345 717 426 760 585
451 726 534 769 τοῖς
547 720 767 778 Ἀσσυρίοις
784 729 993 780 τοιγαροῦν
1013 724 1130 768 πάλιν
1148 725 1173 779 ἦ
1196 727 1440 781 σκηπτουχία

451 787 551 843 πρὸς
570 789 641 843 τὴν
663 791 858 847 προτέραν
877 791 1031 848 ἕφθασε
1052 797 1123 847 τῆς
1141 792 1263 848 τύχης
1284 794 1504 850 εὖκληριάν,

454 855 527 904 ἕως
549 854 570 897 ὃ
594 856 913 913 Σαρδανάπαλος
936 854 1028 915 ἦρξε
1051 865 1129 902 τῶν
1142 861 1371 918 Ἀσσυρίων,
1452 865 1453 869 ’

451 921 614 979 γάστρις
635 924 733 981 ἀνὴρ
755 927 821 967 καὶ
843 926 1066 983 τρυφηλός,
1099 929 1242 983 λαγνός
1264 931 1329 971 καὶ
1347 929 1560 985 γυναικιάς,

456 988 501 1051 ’ᾃς
521 991 741 1045 ἕκθηλύνας
759 991 900 1035 ἑαυτὸν
916 996 983 1036 καὶ
999 998 1149 1050 γυναιξὶ
1171 998 1400 1051 συγκλείσας

344 1053 427 1098 590
451 1054 650 1114 ῦπέγραφε
671 1059 714 1101 τὸ
734 1059 959 1116 πρόσωπον,
994 1062 1136 1116 ἔβαπτε
1161 1063 1232 1114 τὰς
1254 1063 1410 1121 ὀφρύας
1416 1094 1431 1114 ,

452 1123 571 1180 ἔξύρα
591 1128 656 1170 καὶ
678 1127 722 1168 τι)
744 1128 887 1182 γένειον
905 1130 1044 1185 μέχρις
1066 1131 1332 1187 ε’πιδερμίδος,

449 1193 595 1234 ἐδείκνυ
617 1196 682 1235 καὶ
704 1195 776 1244 τὰς
795 1196 959 1251 παρειὰς
982 1199 1357 1252 ἕψιμμυθιωμένας,

449 1261 515 1300 καὶ
536 1265 614 1302 πᾶν
633 1261 678 1302 τὸ
697 1260 907 1317 πρόσωπον
928 1261 1063 1313 ἅπλῶς
1082 1263 1180 1318 εἶχεν
1202 1266 1496 1321 ἐξηλλαγμένον,

445 1328 510 1367 καὶ
531 1326 684 1380 μάχλος
703 1322 752 1382 ἦν
773 1331 839 1370 καὶ
857 1329 1056 1382 μαλακός,
1087 1336 1234 1384 χαῦνος
1255 1335 1321 1373 καὶ
1338 1332 1578 1388 θηλυδρίας.

337 1392 418 1435 595
443 1392 567 1448 μόνης
584 1399 738 1451 τρυφῆς
758 1395 954 1452 ἐφρόντιζε
962 1429 975 1448 ,
1008 1396 1132 1452 μόνης
1153 1397 1281 1454 ἁβρᾶς
1298 1400 1508 1455 τραπέζης·

445 1460 635 1515 συνήσθιε
659 1463 856 1505 συνέπινεν
879 1462 1078 1518 εὐνούχοις
1097 1467 1162 1506 καὶ
1181 1465 1357 1520 μαχλάσι
1369 1498 1383 1518 ,

443 1530 510 1569 καὶ
533 1533 611 1578 πᾶς
630 1528 650 1570 ὅ
670 1532 759 1583 βίος
776 1525 824 1584 ἦν
843 1530 951 1588 αὐτῷ
968 1531 1121 1588 πλήρης
1142 1520 1368 1583 ἀκολασίας.

442 1595 563 1645 αὐτὸς
578 1597 650 1649 μὲν
670 1592 740 1638 οὖν
757 1599 1026 1652 συγκέκλειστο
1048 1599 1120 1640 οὖν
1135 1603 1307 1654 γυναιξὶν
1327 1601 1522 1654 ἀσέμνοις,

442 1662 614 1712 ἀθέατος
639 1662 810 1720 ἀόρατος
831 1665 1020 1720 ἄρχουσιν
1042 1665 1238 1718 ἰδιώταις,

333 1730 414 1770 600
439 1734 607 1786 θερμοῖς
627 1734 808 1788 λουτροῖς
829 1733 1058 1775 {muna-9031]
1079 1735 1143 1774 καὶ
1164 1738 1358 1787 μαλακοῖς
1379 1733 1566 1790 ἀμφίοις·

441 1795 669 1854 διῴκουν’δὲ
688 1798 737 1840 τὰ
755 1797 971 1854 πράγματα
994 1799 1121 1856 τούτῳ
1142 1805 1212 1854 τῆς
1229 1802 1434 1854 βασιλείας

439 1865 477 1906 οἲ
499 1867 709 1922 στρατηγοὶ
728 1870 806 1908 τῶν
825 1865 999 1919 πόλεων,
1032 1866 1226 1924 ἔθνάρχαι
1248 1869 1315 1911 καὶ
1330 1866 1555 1925 χωράρχαι.

391 2013 459 2047 585
486 2014 648 2060 βασιλεία
677 2015 707 2050 Α
886 2017 953 2052 590
982 2015 1189 2060 ΰπέγραπτε
1221 2019 1255 2052 R
1433 2019 1498 2054 591
1522 2014 1638 2062 ἔξύρει
1659 2017 1730 2051 MR

392 2059 460 2094 596
480 2061 639 2104 μαχλιὸσι
659 2061 756 2097 ARR
888 2063 955 2098 599
972 2060 1155 2107 α’νόρατος
1175 2063 1272 2099 ARR

302 2191 396 2235 tiam,
417 2204 516 2236 quam
535 2195 712 2239 habuerat,
731 2196 889 2240 exiguum
911 2198 954 2231 ad
971 2201 1103 2243 tempus
1122 2197 1247 2232 amisit.
1294 2201 1516 2242 posteaquam
1534 2209 1617 2231 vero
1636 2208 1727 2230 mors

297 2237 402 2271 etiam
425 2239 577 2273 Sesostri
605 2241 709 2274 vitam
738 2242 884 2286 eripuit,
917 2254 1034 2276 rursus
1058 2245 1147 2287 apud
1170 2243 1329 2286 Assyrios
1352 2254 1493 2286 regnum
1517 2241 1649 2276 arboris
1671 2242 1725 2276 in-

297 2288 389 2325 star,-
422 2285 465 2317 ab
488 2284 597 2318 hieme
617 2286 688 2319 acri
705 2286 838 2328 laesae,
872 2288 1005 2329 floruit;
1040 2299 1128 2331 quae
1151 2290 1254 2322 arbor
1272 2293 1307 2321 et
1325 2288 1509 2331 emarcuit,
1540 2293 1577 2320 et
1594 2292 1726 2321 mortua

295 2327 401 2360 vitam
422 2329 564 2372 recepit,
587 2336 766 2374 postquam
787 2331 922 2365 hiberni
940 2333 1103 2377 temporis
1122 2333 1269 2366 saevitia
1286 2332 1478 2376 praeteriit.
1512 2333 1629 2376 itaque
1646 2342 1724 2366 rur-

297 2383 354 2406 sus
369 2373 585 2415 Assyriorum
603 2375 780 2419 imperium
799 2377 842 2410 ad
860 2378 1007 2421 priorem
1026 2379 1184 2411 fortunae
1202 2378 1464 2421 prosperitatem
1482 2377 1597 2420 rediit,
1615 2378 1724 2410 donec

296 2417 548 2462 Sardanapalus
569 2421 659 2463 apud
678 2420 839 2463 Assyrios
859 2423 1036 2466 regnavit,
1058 2423 1154 2456 homo
1176 2423 1313 2466 gulosus
1326 2449 1335 2464 ‚
1363 2422 1594 2466 voluptarius,
1616 2421 1723 2464 salax,

295 2463 523 2498 effeminatus.
571 2465 630 2508 qui
648 2476 722 2498 cum
739 2478 777 2500 se
797 2466 872 2510 ipse
892 2468 1060 2501 evitasset
1077 2479 1117 2501 ac
1139 2468 1230 2501 inter
1250 2468 1393 2501 feminas
1413 2467 1622 2510 conlusisset,
1643 2466 1721 2510 pin-

294 2509 400 2551 gebat
421 2508 559 2552 vultum,
577 2510 760 2554 supercilia
778 2511 964 2556 colorabat,
981 2514 1125 2547 radebat
1140 2514 1282 2546 barbam
1302 2523 1408 2556 usque
1432 2514 1475 2547 ad
1496 2518 1606 2546 cutem
1631 2511 1721 2547 exti-

294 2564 393 2596 mam,
413 2555 616 2588 ostendebat
635 2561 669 2588 et
687 2567 791 2598 genas
810 2568 949 2590 cerussa
966 2558 1110 2599 fucatas,
1129 2562 1235 2591 totam
1253 2557 1400 2600 denique
1418 2557 1540 2590 faciem
1562 2561 1722 2591 mutatam

296 2609 318 2632 a
335 2598 445 2631 forma
462 2598 553 2633 virili
574 2600 735 2633 habebat.
780 2612 896 2635 secors
917 2608 1009 2645 erat,
1036 2602 1164 2645 mollis,
1187 2602 1389 2636 libidinosus
1402 2628 1411 2645 ,
1433 2602 1620 2636 femineus:
1649 2600 1722 2643 sola

297 2642 366 2686 ipsi
383 2643 557 2687 voluptas,
584 2644 656 2678 sola
675 2657 791 2680 mensa
811 2646 956 2681 delicata
977 2658 1077 2680 curae
1100 2653 1187 2681 erat.
1233 2648 1456 2690 vescebatur,
1485 2648 1629 2691 potabat
1646 2658 1720 2680 cum

298 2688 462 2722 eunuchis
481 2695 516 2722 ct
533 2690 669 2724 scortis.
714 2695 789 2724 tota
814 2691 886 2724 eius
915 2692 989 2725 vita
1016 2698 1091 2725 erat
1119 2691 1400 2736 intemperantiae
1428 2692 1541 2736 plena.
1589 2691 1720 2735 etipse

298 2732 435 2776 quidem
455 2734 630 2767 conclusus
654 2740 728 2769 erat
751 2737 840 2780 apud
860 2736 1045 2780 impudicas
1068 2737 1230 2779 feminas,
1261 2748 1372 2780 neque
1399 2737 1455 2770 vel
1484 2750 1504 2771 a
1533 2737 1718 2781 praefectis

298 2777 354 2811 vel
374 2778 517 2822 privatis
539 2779 728 2813 hominibus
750 2782 974 2825 cernebatur,
998 2781 1115 2817 calidis
1137 2792 1176 2815 se
1197 2781 1343 2815 lavacris
1364 2786 1399 2815 et
1420 2782 1633 2816 vestimentis
1655 2783 1716 2815 ob—

296 2823 425 2861 lectans
448 2823 622 2861 mollibus:
652 2825 751 2870 regni
778 2837 862 2862 vero
883 2826 1021 2871 negotia
1041 2828 1144 2862 duces
1167 2826 1320 2871 urbium,
1349 2827 1541 2871 nationum,
1569 2827 1718 2861 locorum
