<?xml version="1.0" encoding="UTF-8"?>
<!DOCTYPE html PUBLIC "-//W3C//DTD XHTML 1.0 Transitional//EN"
    "http://www.w3.org/TR/xhtml1/DTD/xhtml1-transitional.dtd">
<html xmlns="http://www.w3.org/1999/xhtml" xml:lang="en" lang="en">
 <head>
  <title>
</title>
<meta http-equiv="Content-Type" content="text/html;charset=utf-8" />
  <meta name='ocr-system' content='tesseract 3.04.00' />
  <meta name='ocr-capabilities' content='ocr_page ocr_carea ocr_par ocr_line ocrx_word'/>
</head>
<body>
  <div class='ocr_page' id='page_1' title='image "./corpusscriptorum06niebuoft/corpusscriptorum06niebuoft_0638.png"; bbox 0 0 1864 3242; ppageno 0'>
   <div class='ocr_carea' id='block_1_1' title="bbox 309 157 1214 206">
    <p class='ocr_par' dir='ltr' id='par_1_1' title="bbox 309 157 1214 206">
     <span class='ocr_line' id='line_1_1' title="bbox 309 157 1214 206; baseline 0.002 -2"><span class='ocrx_word' id='word_1_1' title='bbox 309 157 405 204; x_wconf 79' lang='lat'><strong>236</strong></span> <span class='ocrx_word' id='word_1_2' title='bbox 825 159 884 204; x_wconf 92' lang='lat' dir='ltr'><strong>IN</strong></span> <span class='ocrx_word' id='word_1_3' title='bbox 918 160 1214 206; x_wconf 78' lang='lat' dir='ltr'>GEORG-IUM</span> 
     </span>
    </p>
   </div>
   <div class='ocr_carea' id='block_1_2' title="bbox 292 266 1755 2846">
    <p class='ocr_par' dir='ltr' id='par_1_2' title="bbox 300 266 1755 1266">
     <span class='ocr_line' id='line_1_2' title="bbox 307 266 1736 341; baseline 0.005 -30"><span class='ocrx_word' id='word_1_4' title='bbox 307 273 560 341; x_wconf 83' lang='grc' dir='ltr'><em>μετακινῆσαι</em></span> <span class='ocrx_word' id='word_1_5' title='bbox 580 268 622 310; x_wconf 72' lang='grc' dir='ltr'><strong>ἐκ</strong></span> <span class='ocrx_word' id='word_1_6' title='bbox 640 272 713 312; x_wconf 81' lang='grc' dir='ltr'><strong>τοῦ</strong></span> <span class='ocrx_word' id='word_1_7' title='bbox 729 266 934 324; x_wconf 75' lang='grc' dir='ltr'><strong><em>οἷπλῆκτου</em></strong></span> <span class='ocrx_word' id='word_1_8' title='bbox 958 288 1081 314; x_wconf 85' lang='grc' dir='ltr'><strong><em>αυτου</em></strong></span> <span class='ocrx_word' id='word_1_9' title='bbox 1100 271 1258 325; x_wconf 80' lang='grc' dir='ltr'><strong><em>ἐποίησε</em></strong></span> <span class='ocrx_word' id='word_1_10' title='bbox 1276 289 1391 316; x_wconf 85' lang='grc' dir='ltr'><strong><em>τουτο</em></strong></span> <span class='ocrx_word' id='word_1_11' title='bbox 1409 273 1533 326; x_wconf 70' lang='grc' dir='ltr'><strong><em>οὕτω,</em></strong></span> <span class='ocrx_word' id='word_1_12' title='bbox 1566 276 1633 318; x_wconf 73' lang='grc' dir='ltr'><strong><em>καὶ</em></strong></span> <span class='ocrx_word' id='word_1_13' title='bbox 1653 273 1736 330; x_wconf 77' lang='grc' dir='ltr'><strong>ἧψε</strong></span> 
     </span>
     <span class='ocr_line' id='line_1_3' title="bbox 305 321 1737 396; baseline 0.006 -30"><span class='ocrx_word' id='word_1_14' title='bbox 305 324 464 396; x_wconf 73' lang='grc' dir='ltr'><strong><em>λαμπροὶ</em></strong></span> <span class='ocrx_word' id='word_1_15' title='bbox 497 321 636 367; x_wconf 78' lang='grc' dir='ltr'><strong><em>πολλά.</em></strong></span> <span class='ocrx_word' id='word_1_16' title='bbox 697 329 858 366; x_wconf 85' lang='lat' dir='ltr'><strong>Glossae</strong></span> <span class='ocrx_word' id='word_1_17' title='bbox 896 330 1256 368; x_wconf 83' lang='lat' dir='ltr'><strong>Graecobarbarae·</strong></span> <span class='ocrx_word' id='word_1_18' title='bbox 1295 326 1416 378; x_wconf 83' lang='grc' dir='ltr'><strong><em>τόπος</em></strong></span> <span class='ocrx_word' id='word_1_19' title='bbox 1442 348 1541 373; x_wconf 90' lang='grc' dir='ltr'><strong><em>οπου</em></strong></span> <span class='ocrx_word' id='word_1_20' title='bbox 1568 330 1737 374; x_wconf 71' lang='grc' dir='ltr'><strong>ἅπτουσι</strong></span> 
     </span>
     <span class='ocr_line' id='line_1_4' title="bbox 304 380 1736 442; baseline 0.004 -20"><span class='ocrx_word' id='word_1_21' title='bbox 304 380 484 435; x_wconf 85' lang='grc' dir='ltr'><strong><em>λαμπρον</em></strong></span> <span class='ocrx_word' id='word_1_22' title='bbox 504 380 593 432; x_wconf 79' lang='grc' dir='ltr'><strong><em>ἤτοι</em></strong></span> <span class='ocrx_word' id='word_1_23' title='bbox 609 385 703 436; x_wconf 86' lang='grc' dir='ltr'><strong>πῦρ.</strong></span> <span class='ocrx_word' id='word_1_24' title='bbox 745 398 815 436; x_wconf 88' lang='lat' dir='ltr'><strong>pro</strong></span> <span class='ocrx_word' id='word_1_25' title='bbox 833 384 972 422; x_wconf 88' lang='lat' dir='ltr'><strong>eodem</strong></span> <span class='ocrx_word' id='word_1_26' title='bbox 989 383 1236 437; x_wconf 87' lang='grc' dir='ltr'><strong><em>τολλαμπρόν</em></strong></span> <span class='ocrx_word' id='word_1_27' title='bbox 1265 386 1390 439; x_wconf 84' lang='lat' dir='ltr'><strong>(quod</strong></span> <span class='ocrx_word' id='word_1_28' title='bbox 1407 395 1464 426; x_wconf 82' lang='lat' dir='ltr'><strong>est</strong></span> <span class='ocrx_word' id='word_1_29' title='bbox 1479 386 1523 429; x_wconf 73' lang='grc' dir='ltr'><strong>τό</strong></span> <span class='ocrx_word' id='word_1_30' title='bbox 1537 388 1736 442; x_wconf 82' lang='grc' dir='ltr'><strong><em>λαμπρόν)</em></strong></span> 
     </span>
     <span class='ocr_line' id='line_1_5' title="bbox 305 439 1736 493; baseline 0.006 -18"><span class='ocrx_word' id='word_1_31' title='bbox 305 446 434 476; x_wconf 85' lang='lat' dir='ltr'><strong>exstat</strong></span> <span class='ocrx_word' id='word_1_32' title='bbox 454 440 495 474; x_wconf 88' lang='lat' dir='ltr'><strong>in</strong></span> <span class='ocrx_word' id='word_1_33' title='bbox 516 439 678 477; x_wconf 83' lang='lat' dir='ltr'><strong>Turco-</strong></span> <span class='ocrx_word' id='word_1_34' title='bbox 689 441 848 478; x_wconf 77' lang='lat' dir='ltr'><strong>Graecia</strong></span> <span class='ocrx_word' id='word_1_35' title='bbox 869 442 1007 479; x_wconf 86' lang='lat' dir='ltr'><strong>Crusii.</strong></span> <span class='ocrx_word' id='word_1_36' title='bbox 1065 441 1136 480; x_wconf 82' lang='lat' dir='ltr'><strong>sed</strong></span> <span class='ocrx_word' id='word_1_37' title='bbox 1158 441 1206 479; x_wconf 91' lang='lat' dir='ltr'><strong>de</strong></span> <span class='ocrx_word' id='word_1_38' title='bbox 1227 456 1322 480; x_wconf 85' lang='lat' dir='ltr'><strong>voce</strong></span> <span class='ocrx_word' id='word_1_39' title='bbox 1339 443 1428 493; x_wconf 87' lang='lat' dir='ltr'><strong>plus</strong></span> <span class='ocrx_word' id='word_1_40' title='bbox 1445 445 1551 482; x_wconf 81' lang='lat' dir='ltr'><strong>satis.</strong></span> <span class='ocrx_word' id='word_1_41' title='bbox 1607 447 1736 484; x_wconf 82' lang='lat' dir='ltr'><strong>simile</strong></span> 
     </span>
     <span class='ocr_line' id='line_1_6' title="bbox 305 497 1735 550; baseline 0.006 -20"><span class='ocrx_word' id='word_1_42' title='bbox 305 502 436 531; x_wconf 87' lang='lat' dir='ltr'><strong>autem</strong></span> <span class='ocrx_word' id='word_1_43' title='bbox 469 501 704 545; x_wconf 78' lang='lat' dir='ltr'>stratagema</span> <span class='ocrx_word' id='word_1_44' title='bbox 727 498 871 548; x_wconf 86' lang='lat' dir='ltr'><strong>legitur</strong></span> <span class='ocrx_word' id='word_1_45' title='bbox 895 497 1000 548; x_wconf 85' lang='lat' dir='ltr'><strong>apud</strong></span> <span class='ocrx_word' id='word_1_46' title='bbox 1022 497 1178 535; x_wconf 74' lang='lat' dir='ltr'><strong>Livium</strong></span> <span class='ocrx_word' id='word_1_47' title='bbox 1201 499 1253 539; x_wconf 89' lang='grc'><strong>21</strong></span> <span class='ocrx_word' id='word_1_48' title='bbox 1283 501 1356 546; x_wconf 83' lang='lat'><strong>32,</strong></span> <span class='ocrx_word' id='word_1_49' title='bbox 1387 501 1616 550; x_wconf 81' lang='lat' dir='ltr'><strong>Annibalis,</strong></span> <span class='ocrx_word' id='word_1_50' title='bbox 1645 515 1735 539; x_wconf 84' lang='lat' dir='ltr'><strong>cum</strong></span> 
     </span>
     <span class='ocr_line' id='line_1_7' title="bbox 305 552 1735 605; baseline 0.007 -20"><span class='ocrx_word' id='word_1_51' title='bbox 305 557 486 600; x_wconf 82' lang='lat' dir='ltr'><strong>superato</strong></span> <span class='ocrx_word' id='word_1_52' title='bbox 509 552 710 602; x_wconf 82' lang='lat' dir='ltr'><strong>Pyrenaeo</strong></span> <span class='ocrx_word' id='word_1_53' title='bbox 731 554 833 591; x_wconf 84' lang='lat' dir='ltr'><strong>saltu</strong></span> <span class='ocrx_word' id='word_1_54' title='bbox 852 552 903 590; x_wconf 88' lang='lat' dir='ltr'><strong>ad</strong></span> <span class='ocrx_word' id='word_1_55' title='bbox 922 554 1042 605; x_wconf 84' lang='lat' dir='ltr'><strong>Alpes</strong></span> <span class='ocrx_word' id='word_1_56' title='bbox 1062 555 1301 605; x_wconf 81' lang='lat' dir='ltr'><strong>pervenisset</strong></span> <span class='ocrx_word' id='word_1_57' title='bbox 1323 561 1361 591; x_wconf 85' lang='lat' dir='ltr'><strong>et</strong></span> <span class='ocrx_word' id='word_1_58' title='bbox 1378 563 1583 594; x_wconf 83' lang='lat' dir='ltr'><strong>montanos</strong></span> <span class='ocrx_word' id='word_1_59' title='bbox 1601 558 1735 594; x_wconf 78' lang='lat' dir='ltr'><strong>Gallos</strong></span> 
     </span>
     <span class='ocr_line' id='line_1_8' title="bbox 305 605 1755 662; baseline 0.006 -20"><span class='ocrx_word' id='word_1_60' title='bbox 305 605 531 644; x_wconf 76' lang='lat' dir='ltr'>debellaret.</span> <span class='ocrx_word' id='word_1_61' title='bbox 588 608 772 658; x_wconf 86' lang='lat' dir='ltr'><strong>leguntur</strong></span> <span class='ocrx_word' id='word_1_62' title='bbox 805 609 911 660; x_wconf 82' lang='lat' dir='ltr'><strong>apud</strong></span> <span class='ocrx_word' id='word_1_63' title='bbox 949 609 1118 647; x_wconf 86' lang='lat' dir='ltr'><strong>eundem</strong></span> <span class='ocrx_word' id='word_1_64' title='bbox 1156 608 1428 648; x_wconf 89' lang='lat' dir='ltr'><strong>huiuscemodi</strong></span> <span class='ocrx_word' id='word_1_65' title='bbox 1462 619 1755 662; x_wconf 27' lang='lat' dir='ltr'><strong>strategemata&lt;</strong></span> 
     </span>
     <span class='ocr_line' id='line_1_9' title="bbox 304 662 1734 712; baseline 0.006 -15"><span class='ocrx_word' id='word_1_66' title='bbox 304 662 381 698; x_wconf 85' lang='lat' dir='ltr'><strong>alia</strong></span> <span class='ocrx_word' id='word_1_67' title='bbox 393 691 403 710; x_wconf 91' lang='lat'>‚</span> <span class='ocrx_word' id='word_1_68' title='bbox 432 663 589 712; x_wconf 84' lang='lat' dir='ltr'>ignibus</span> <span class='ocrx_word' id='word_1_69' title='bbox 605 665 647 701; x_wconf 86' lang='lat' dir='ltr'><strong>in</strong></span> <span class='ocrx_word' id='word_1_70' title='bbox 665 666 800 703; x_wconf 88' lang='lat' dir='ltr'><strong>castris</strong></span> <span class='ocrx_word' id='word_1_71' title='bbox 821 666 939 702; x_wconf 86' lang='lat' dir='ltr'><strong>etiam</strong></span> <span class='ocrx_word' id='word_1_72' title='bbox 957 667 1090 704; x_wconf 80' lang='lat' dir='ltr'><strong>vacuis</strong></span> <span class='ocrx_word' id='word_1_73' title='bbox 1116 668 1286 704; x_wconf 81' lang='lat' dir='ltr'><strong>accensis</strong></span> <span class='ocrx_word' id='word_1_74' title='bbox 1309 665 1359 703; x_wconf 84' lang='lat' dir='ltr'><strong>ad</strong></span> <span class='ocrx_word' id='word_1_75' title='bbox 1378 666 1572 706; x_wconf 83' lang='lat' dir='ltr'><strong>fallendos</strong></span> <span class='ocrx_word' id='word_1_76' title='bbox 1587 666 1734 706; x_wconf 84' lang='lat' dir='ltr'><strong>hostes.</strong></span> 
     </span>
     <span class='ocr_line' id='line_1_10' title="bbox 303 718 1735 773; baseline 0.005 -19"><span class='ocrx_word' id='word_1_77' title='bbox 303 731 397 754; x_wconf 83' lang='lat' dir='ltr'><strong>nam</strong></span> <span class='ocrx_word' id='word_1_78' title='bbox 424 718 474 755; x_wconf 88' lang='lat' dir='ltr'><strong>ad</strong></span> <span class='ocrx_word' id='word_1_79' title='bbox 496 720 631 769; x_wconf 85' lang='lat' dir='ltr'><strong>iguem</strong></span> <span class='ocrx_word' id='word_1_80' title='bbox 656 728 868 758; x_wconf 87' lang='lat' dir='ltr'><strong>nocturnae</strong></span> <span class='ocrx_word' id='word_1_81' title='bbox 889 723 931 758; x_wconf 88' lang='lat' dir='ltr'><strong>in</strong></span> <span class='ocrx_word' id='word_1_82' title='bbox 953 723 1085 759; x_wconf 84' lang='lat' dir='ltr'><strong>castris</strong></span> <span class='ocrx_word' id='word_1_83' title='bbox 1107 723 1265 772; x_wconf 82' lang='lat' dir='ltr'><strong>vigiliae</strong></span> <span class='ocrx_word' id='word_1_84' title='bbox 1287 723 1521 773; x_wconf 82' lang='lat' dir='ltr'><strong>agebantur3</strong></span> <span class='ocrx_word' id='word_1_85' title='bbox 1551 725 1659 766; x_wconf 81' lang='lat' dir='ltr'><strong>cuius</strong></span> <span class='ocrx_word' id='word_1_86' title='bbox 1678 725 1735 762; x_wconf 87' lang='lat' dir='ltr'><strong>rei</strong></span> 
     </span>
     <span class='ocr_line' id='line_1_11' title="bbox 305 775 1735 827; baseline 0.005 -16"><span class='ocrx_word' id='word_1_87' title='bbox 305 775 437 811; x_wconf 85' lang='lat' dir='ltr'><strong>crebra</strong></span> <span class='ocrx_word' id='word_1_88' title='bbox 453 777 600 813; x_wconf 88' lang='lat' dir='ltr'><strong>mentio</strong></span> <span class='ocrx_word' id='word_1_89' title='bbox 620 779 768 827; x_wconf 86' lang='lat' dir='ltr'><strong>passim</strong></span> <span class='ocrx_word' id='word_1_90' title='bbox 786 779 828 814; x_wconf 77' lang='lat' dir='ltr'><strong>in&#39;</strong></span> <span class='ocrx_word' id='word_1_91' title='bbox 844 778 1012 815; x_wconf 85' lang='lat' dir='ltr'><strong>lectione</strong></span> <span class='ocrx_word' id='word_1_92' title='bbox 1029 784 1205 815; x_wconf 82' lang='lat' dir='ltr'><strong>veterum</strong></span> <span class='ocrx_word' id='word_1_93' title='bbox 1223 780 1408 816; x_wconf 86' lang='lat' dir='ltr'><strong>occurrit:</strong></span> <span class='ocrx_word' id='word_1_94' title='bbox 1438 781 1572 817; x_wconf 83' lang='lat' dir='ltr'>Horat.</span> <span class='ocrx_word' id='word_1_95' title='bbox 1593 779 1666 818; x_wconf 82' lang='lat' dir='ltr'><strong>Od.</strong></span> <span class='ocrx_word' id='word_1_96' title='bbox 1683 781 1735 821; x_wconf 87' lang='lat'><strong>10</strong></span> 
     </span>
     <span class='ocr_line' id='line_1_12' title="bbox 303 830 1738 885; baseline 0.005 -19"><span class='ocrx_word' id='word_1_97' title='bbox 303 830 373 867; x_wconf 89' lang='lat' dir='ltr'><strong>lib.</strong></span> <span class='ocrx_word' id='word_1_98' title='bbox 395 832 418 870; x_wconf 88' lang='lat'><strong>1</strong></span> <span class='ocrx_word' id='word_1_99' title='bbox 435 843 444 878; x_wconf 83' lang='lat'><em>3</em></span> <span class='ocrx_word' id='word_1_100' title='bbox 474 832 612 882; x_wconf 86' lang='lat' dir='ltr'><strong>virgil.</strong></span> <span class='ocrx_word' id='word_1_101' title='bbox 630 836 657 873; x_wconf 83' lang='lat'>2</span> <span class='ocrx_word' id='word_1_102' title='bbox 678 832 865 882; x_wconf 85' lang='lat' dir='ltr'><strong>Aeueid.;</strong></span> <span class='ocrx_word' id='word_1_103' title='bbox 895 834 994 871; x_wconf 81' lang='lat' dir='ltr'><strong>Stat.</strong></span> <span class='ocrx_word' id='word_1_104' title='bbox 1013 835 1152 885; x_wconf 88' lang='lat' dir='ltr'><strong>Papin.</strong></span> <span class='ocrx_word' id='word_1_105' title='bbox 1171 832 1366 872; x_wconf 87' lang='lat' dir='ltr'>Thebaid.</span> <span class='ocrx_word' id='word_1_106' title='bbox 1386 835 1456 872; x_wconf 93' lang='lat' dir='ltr'><strong>lib.</strong></span> <span class='ocrx_word' id='word_1_107' title='bbox 1475 834 1524 884; x_wconf 85' lang='lat'><strong>4,</strong></span> <span class='ocrx_word' id='word_1_108' title='bbox 1552 835 1622 873; x_wconf 91' lang='lat' dir='ltr'><strong>lib.</strong></span> <span class='ocrx_word' id='word_1_109' title='bbox 1643 837 1669 876; x_wconf 89' lang='lat'>8</span> <span class='ocrx_word' id='word_1_110' title='bbox 1698 842 1738 873; x_wconf 86' lang='lat' dir='ltr'><strong>et</strong></span> 
     </span>
     <span class='ocr_line' id='line_1_13' title="bbox 302 886 1736 942; baseline 0.004 -20"><span class='ocrx_word' id='word_1_111' title='bbox 302 886 372 922; x_wconf 82' lang='lat' dir='ltr'><strong>lib.</strong></span> <span class='ocrx_word' id='word_1_112' title='bbox 398 889 470 935; x_wconf 80' lang='lat'><strong>123</strong></span> <span class='ocrx_word' id='word_1_113' title='bbox 501 889 676 938; x_wconf 83' lang='lat' dir='ltr'><strong>Propert.</strong></span> <span class='ocrx_word' id='word_1_114' title='bbox 700 890 812 940; x_wconf 86' lang='lat' dir='ltr'><strong>Eleg.</strong></span> <span class='ocrx_word' id='word_1_115' title='bbox 835 889 861 929; x_wconf 85' lang='lat'>4</span> <span class='ocrx_word' id='word_1_116' title='bbox 880 890 950 927; x_wconf 92' lang='lat' dir='ltr'><strong>lib.</strong></span> <span class='ocrx_word' id='word_1_117' title='bbox 970 889 1015 938; x_wconf 78' lang='lat'><strong>4,</strong></span> <span class='ocrx_word' id='word_1_118' title='bbox 1045 891 1206 928; x_wconf 78' lang='lat' dir='ltr'><strong>Tacitus</strong></span> <span class='ocrx_word' id='word_1_119' title='bbox 1234 891 1379 942; x_wconf 83' lang='lat' dir='ltr'><strong>aliique</strong></span> <span class='ocrx_word' id='word_1_120' title='bbox 1404 890 1589 929; x_wconf 82' lang='lat' dir='ltr'><strong>historici.</strong></span> <span class='ocrx_word' id='word_1_121' title='bbox 1645 890 1736 929; x_wconf 84' lang='lat' dir='ltr'><strong>vide</strong></span> 
     </span>
     <span class='ocr_line' id='line_1_14' title="bbox 303 944 1735 998; baseline 0.005 -20"><span class='ocrx_word' id='word_1_122' title='bbox 303 944 519 980; x_wconf 79' lang='lat' dir='ltr'><strong>Homerum</strong></span> <span class='ocrx_word' id='word_1_123' title='bbox 532 944 603 981; x_wconf 87' lang='lat' dir='ltr'><strong>sub</strong></span> <span class='ocrx_word' id='word_1_124' title='bbox 623 945 742 982; x_wconf 86' lang='lat' dir='ltr'><strong>finem</strong></span> <span class='ocrx_word' id='word_1_125' title='bbox 758 949 783 987; x_wconf 88' lang='lat'>8</span> <span class='ocrx_word' id='word_1_126' title='bbox 805 944 919 982; x_wconf 86' lang='lat' dir='ltr'>Iliad.</span> <span class='ocrx_word' id='word_1_127' title='bbox 975 953 1210 983; x_wconf 81' lang='lat' dir='ltr'><strong>nocturnum</strong></span> <span class='ocrx_word' id='word_1_128' title='bbox 1231 948 1387 996; x_wconf 84' lang='lat' dir='ltr'><strong>signum</strong></span> <span class='ocrx_word' id='word_1_129' title='bbox 1407 954 1599 985; x_wconf 82' lang='lat' dir='ltr'><strong>castrense</strong></span> <span class='ocrx_word' id='word_1_130' title='bbox 1617 949 1735 998; x_wconf 82' lang='lat' dir='ltr'><strong>ignis,</strong></span> 
     </span>
     <span class='ocr_line' id='line_1_15' title="bbox 303 997 1736 1054; baseline 0.004 -18"><span class='ocrx_word' id='word_1_131' title='bbox 303 997 490 1036; x_wconf 73' lang='lat' dir='ltr'><strong>diurnum</strong></span> <span class='ocrx_word' id='word_1_132' title='bbox 515 1000 661 1038; x_wconf 84' lang='lat' dir='ltr'><strong>fumus.</strong></span> <span class='ocrx_word' id='word_1_133' title='bbox 718 1003 868 1039; x_wconf 87' lang='lat' dir='ltr'><strong>notavit</strong></span> <span class='ocrx_word' id='word_1_134' title='bbox 891 1000 1128 1039; x_wconf 84' lang='lat' dir='ltr'><strong>Scholiastes</strong></span> <span class='ocrx_word' id='word_1_135' title='bbox 1149 1004 1311 1039; x_wconf 85' lang='lat' dir='ltr'>Homeri</span> <span class='ocrx_word' id='word_1_136' title='bbox 1330 1002 1381 1040; x_wconf 84' lang='lat' dir='ltr'><strong>ad</strong></span> <span class='ocrx_word' id='word_1_137' title='bbox 1401 1003 1513 1040; x_wconf 79' lang='lat' dir='ltr'><strong>Iliad.</strong></span> <span class='ocrx_word' id='word_1_138' title='bbox 1538 1004 1603 1044; x_wconf 78' lang='lat'><strong>18.</strong></span> <span class='ocrx_word' id='word_1_139' title='bbox 1658 1016 1736 1054; x_wconf 87' lang='lat' dir='ltr'><strong>py-</strong></span> 
     </span>
     <span class='ocr_line' id='line_1_16' title="bbox 302 1057 1735 1109; baseline 0.004 -19"><span class='ocrx_word' id='word_1_140' title='bbox 302 1067 443 1106; x_wconf 88' lang='lat' dir='ltr'><strong>rasque</strong></span> <span class='ocrx_word' id='word_1_141' title='bbox 476 1057 653 1094; x_wconf 87' lang='lat' dir='ltr'><strong>incensas</strong></span> <span class='ocrx_word' id='word_1_142' title='bbox 673 1058 762 1107; x_wconf 87' lang='lat' dir='ltr'><strong>lego</strong></span> <span class='ocrx_word' id='word_1_143' title='bbox 782 1057 834 1094; x_wconf 89' lang='lat' dir='ltr'><strong>ad</strong></span> <span class='ocrx_word' id='word_1_144' title='bbox 853 1059 1026 1109; x_wconf 86' lang='lat' dir='ltr'><strong>speciem</strong></span> <span class='ocrx_word' id='word_1_145' title='bbox 1047 1060 1205 1096; x_wconf 80' lang='lat' dir='ltr'><strong>maioriS</strong></span> <span class='ocrx_word' id='word_1_146' title='bbox 1223 1060 1417 1097; x_wconf 83' lang='lat' dir='ltr'><strong>exercitus</strong></span> <span class='ocrx_word' id='word_1_147' title='bbox 1437 1058 1542 1109; x_wconf 82' lang='lat' dir='ltr'><strong>apud</strong></span> <span class='ocrx_word' id='word_1_148' title='bbox 1557 1061 1735 1096; x_wconf 79' lang='lat' dir='ltr'><strong>Nicetam</strong></span> 
     </span>
     <span class='ocr_line' id='line_1_17' title="bbox 303 1110 1734 1165; baseline 0.004 -19"><span class='ocrx_word' id='word_1_149' title='bbox 303 1110 344 1146; x_wconf 88' lang='lat' dir='ltr'><strong>in</strong></span> <span class='ocrx_word' id='word_1_150' title='bbox 371 1111 514 1148; x_wconf 83' lang='lat' dir='ltr'>Alexio</span> <span class='ocrx_word' id='word_1_151' title='bbox 543 1113 741 1150; x_wconf 87' lang='lat' dir='ltr'><strong>Comneno</strong></span> <span class='ocrx_word' id='word_1_152' title='bbox 767 1113 1117 1164; x_wconf 84' lang='lat' dir='ltr'><strong>Porphyrogenito.</strong></span> <span class='ocrx_word' id='word_1_153' title='bbox 1175 1113 1246 1151; x_wconf 85' lang='lat' dir='ltr'><strong>sed</strong></span> <span class='ocrx_word' id='word_1_154' title='bbox 1275 1122 1313 1151; x_wconf 91' lang='lat' dir='ltr'><strong>et</strong></span> <span class='ocrx_word' id='word_1_155' title='bbox 1342 1116 1384 1151; x_wconf 87' lang='lat' dir='ltr'><strong>in</strong></span> <span class='ocrx_word' id='word_1_156' title='bbox 1410 1115 1552 1151; x_wconf 81' lang='lat' dir='ltr'><strong>militia</strong></span> <span class='ocrx_word' id='word_1_157' title='bbox 1580 1116 1734 1165; x_wconf 78' lang='lat' dir='ltr'>ignium</span> 
     </span>
     <span class='ocr_line' id='line_1_18' title="bbox 302 1166 1734 1221; baseline 0.004 -19"><span class='ocrx_word' id='word_1_158' title='bbox 302 1166 403 1203; x_wconf 82' lang='lat' dir='ltr'><strong>alius</strong></span> <span class='ocrx_word' id='word_1_159' title='bbox 431 1180 547 1215; x_wconf 86' lang='lat' dir='ltr'><strong>usus,</strong></span> <span class='ocrx_word' id='word_1_160' title='bbox 576 1181 719 1219; x_wconf 85' lang='lat' dir='ltr'><strong>nempe</strong></span> <span class='ocrx_word' id='word_1_161' title='bbox 742 1182 812 1219; x_wconf 82' lang='lat' dir='ltr'><strong>pro</strong></span> <span class='ocrx_word' id='word_1_162' title='bbox 842 1171 1001 1218; x_wconf 82' lang='lat' dir='ltr'><strong>litteris3</strong></span> <span class='ocrx_word' id='word_1_163' title='bbox 1032 1169 1138 1220; x_wconf 86' lang='lat' dir='ltr'><strong>quod</strong></span> <span class='ocrx_word' id='word_1_164' title='bbox 1158 1171 1470 1220; x_wconf 84' lang='lat' dir='ltr'><strong>elegantissimus</strong></span> <span class='ocrx_word' id='word_1_165' title='bbox 1488 1171 1644 1221; x_wconf 81' lang='lat' dir='ltr'><strong>Lipsius</strong></span> <span class='ocrx_word' id='word_1_166' title='bbox 1662 1172 1734 1208; x_wconf 91' lang='lat' dir='ltr'><strong>ob-</strong></span> 
     </span>
     <span class='ocr_line' id='line_1_19' title="bbox 300 1222 1437 1275; baseline 0.004 -15"><span class='ocrx_word' id='word_1_167' title='bbox 300 1224 469 1260; x_wconf 82' lang='lat' dir='ltr'><strong>servavit</strong></span> <span class='ocrx_word' id='word_1_168' title='bbox 490 1222 539 1260; x_wconf 84' lang='lat' dir='ltr'><strong>de</strong></span> <span class='ocrx_word' id='word_1_169' title='bbox 560 1225 676 1262; x_wconf 84' lang='lat' dir='ltr'><strong>Milit.</strong></span> <span class='ocrx_word' id='word_1_170' title='bbox 695 1226 860 1261; x_wconf 82' lang='lat' dir='ltr'>Roman.</span> <span class='ocrx_word' id='word_1_171' title='bbox 879 1225 948 1261; x_wconf 90' lang='lat' dir='ltr'><strong>lib.</strong></span> <span class='ocrx_word' id='word_1_172' title='bbox 966 1225 990 1266; x_wconf 88' lang='lat'><em>5</em></span> <span class='ocrx_word' id='word_1_173' title='bbox 1015 1225 1160 1275; x_wconf 81' lang='lat' dir='ltr'>dialog.</span> <span class='ocrx_word' id='word_1_174' title='bbox 1179 1229 1219 1266; x_wconf 89' lang='lat'><strong>9.</strong></span> <span class='ocrx_word' id='word_1_175' title='bbox 1276 1227 1437 1264; x_wconf 75' lang='lat' dir='ltr'><strong>DousA.</strong></span> 
     </span>
    </p>

    <p class='ocr_par' dir='ltr' id='par_1_3' title="bbox 297 1277 1735 1374">
     <span class='ocr_line' id='line_1_20' title="bbox 408 1277 1735 1334; baseline 0.003 -16"><span class='ocrx_word' id='word_1_176' title='bbox 408 1292 449 1328; x_wconf 88' lang='lat' dir='ltr'>p</span> <span class='ocrx_word' id='word_1_177' title='bbox 462 1278 564 1318; x_wconf 80' lang='lat' dir='ltr'><strong>25v.</strong></span> <span class='ocrx_word' id='word_1_178' title='bbox 580 1280 645 1320; x_wconf 82' lang='lat'><strong>13.</strong></span> <span class='ocrx_word' id='word_1_179' title='bbox 703 1277 757 1330; x_wconf 78' lang='grc' dir='ltr'><strong>μή</strong></span> <span class='ocrx_word' id='word_1_180' title='bbox 779 1279 876 1330; x_wconf 82' lang='grc' dir='ltr'><strong><em>έχων</em></strong></span> <span class='ocrx_word' id='word_1_181' title='bbox 897 1295 939 1319; x_wconf 92' lang='grc' dir='ltr'><strong>το</strong></span> <span class='ocrx_word' id='word_1_182' title='bbox 960 1278 1168 1331; x_wconf 74' lang='grc' dir='ltr'><strong><em>ἐμποδών]</em></strong></span> <span class='ocrx_word' id='word_1_183' title='bbox 1201 1281 1392 1332; x_wconf 86' lang='lat' dir='ltr'><strong>Gregoras</strong></span> <span class='ocrx_word' id='word_1_184' title='bbox 1413 1282 1483 1319; x_wconf 87' lang='lat' dir='ltr'><strong>lib.</strong></span> <span class='ocrx_word' id='word_1_185' title='bbox 1504 1283 1527 1321; x_wconf 92' lang='lat'>1</span> <span class='ocrx_word' id='word_1_186' title='bbox 1551 1281 1664 1334; x_wconf 80' lang='lat' dir='ltr'><strong>p.15</strong></span> <span class='ocrx_word' id='word_1_187' title='bbox 1693 1279 1735 1322; x_wconf 83' lang='lat'><strong>4-</strong></span> 
     </span>
     <span class='ocr_line' id='line_1_21' title="bbox 297 1332 1229 1374; baseline 0.003 -3"><span class='ocrx_word' id='word_1_188' title='bbox 297 1332 389 1372; x_wconf 83' lang='lat' dir='ltr'><strong>vide</strong></span> <span class='ocrx_word' id='word_1_189' title='bbox 412 1335 530 1371; x_wconf 87' lang='lat' dir='ltr'><strong>etiam</strong></span> <span class='ocrx_word' id='word_1_190' title='bbox 549 1333 810 1373; x_wconf 78' lang='lat' dir='ltr'><strong>Choniatam·</strong></span> <span class='ocrx_word' id='word_1_191' title='bbox 800 1349 842 1372; x_wconf 84' lang='lat' dir='ltr'><strong>m</strong></span> <span class='ocrx_word' id='word_1_192' title='bbox 862 1335 1229 1374; x_wconf 72' lang='lat' dir='ltr'><strong>Balduin0.A1,L.</strong></span> 
     </span>
    </p>

    <p class='ocr_par' dir='ltr' id='par_1_4' title="bbox 295 1388 1734 1487">
     <span class='ocr_line' id='line_1_22' title="bbox 409 1388 1734 1445; baseline 0.003 -19"><span class='ocrx_word' id='word_1_193' title='bbox 409 1389 463 1428; x_wconf 82' lang='lat' dir='ltr'><strong>ib.</strong></span> <span class='ocrx_word' id='word_1_194' title='bbox 492 1404 531 1428; x_wconf 86' lang='lat' dir='ltr'><strong>v.</strong></span> <span class='ocrx_word' id='word_1_195' title='bbox 563 1392 634 1432; x_wconf 92' lang='grc'><strong>18.</strong></span> <span class='ocrx_word' id='word_1_196' title='bbox 683 1390 727 1432; x_wconf 79' lang='grc' dir='ltr'><strong>ἐκ</strong></span> <span class='ocrx_word' id='word_1_197' title='bbox 759 1388 928 1445; x_wconf 79' lang='grc' dir='ltr'><em>βάθρων</em></span> <span class='ocrx_word' id='word_1_198' title='bbox 967 1389 1114 1445; x_wconf 75' lang='grc' dir='ltr'><strong><em>αυτήν]</em></strong></span> <span class='ocrx_word' id='word_1_199' title='bbox 1157 1395 1272 1430; x_wconf 88' lang='lat' dir='ltr'><strong>Anna</strong></span> <span class='ocrx_word' id='word_1_200' title='bbox 1310 1393 1509 1430; x_wconf 86' lang='lat' dir='ltr'><strong>Comnena</strong></span> <span class='ocrx_word' id='word_1_201' title='bbox 1547 1391 1734 1431; x_wconf 83' lang='lat' dir='ltr'><strong>Alexiad.</strong></span> 
     </span>
     <span class='ocr_line' id='line_1_23' title="bbox 295 1445 615 1487; baseline 0.013 -5"><span class='ocrx_word' id='word_1_202' title='bbox 295 1445 366 1483; x_wconf 89' lang='lat' dir='ltr'><strong>lib.</strong></span> <span class='ocrx_word' id='word_1_203' title='bbox 391 1446 457 1487; x_wconf 82' lang='lat'><strong>14.</strong></span> <span class='ocrx_word' id='word_1_204' title='bbox 513 1448 615 1486; x_wconf 72' lang='lat' dir='ltr'><strong>Au..</strong></span> 
     </span>
    </p>

    <p class='ocr_par' dir='ltr' id='par_1_5' title="bbox 294 1501 1735 1721">
     <span class='ocr_line' id='line_1_24' title="bbox 406 1501 1735 1558; baseline -0.002 -14"><span class='ocrx_word' id='word_1_205' title='bbox 406 1515 446 1553; x_wconf 83' lang='lat' dir='ltr'><strong>P·</strong></span> <span class='ocrx_word' id='word_1_206' title='bbox 469 1505 522 1544; x_wconf 82' lang='lat'><strong>26</strong></span> <span class='ocrx_word' id='word_1_207' title='bbox 543 1517 581 1542; x_wconf 80' lang='lat' dir='ltr'><strong>v·</strong></span> <span class='ocrx_word' id='word_1_208' title='bbox 602 1507 642 1546; x_wconf 84' lang='lat'><strong>8.</strong></span> <span class='ocrx_word' id='word_1_209' title='bbox 699 1501 1069 1558; x_wconf 87' lang='grc' dir='ltr'><strong><em>Βουλγαροκτόνον]</em></strong></span> <span class='ocrx_word' id='word_1_210' title='bbox 1098 1503 1146 1542; x_wconf 89' lang='lat' dir='ltr'><strong>de</strong></span> <span class='ocrx_word' id='word_1_211' title='bbox 1173 1505 1278 1543; x_wconf 86' lang='lat' dir='ltr'><strong>bello</strong></span> <span class='ocrx_word' id='word_1_212' title='bbox 1310 1505 1517 1555; x_wconf 82' lang='lat' dir='ltr'><strong>Bulgarico</strong></span> <span class='ocrx_word' id='word_1_213' title='bbox 1539 1511 1577 1541; x_wconf 86' lang='lat' dir='ltr'><strong>et</strong></span> <span class='ocrx_word' id='word_1_214' title='bbox 1596 1505 1735 1553; x_wconf 84' lang='lat' dir='ltr'><strong>Basilii</strong></span> 
     </span>
     <span class='ocr_line' id='line_1_25' title="bbox 296 1558 1734 1610; baseline -0.009 -1"><span class='ocrx_word' id='word_1_215' title='bbox 296 1558 393 1609; x_wconf 76' lang='grc' dir='ltr'><strong>ἰιῃΡ·</strong></span> <span class='ocrx_word' id='word_1_216' title='bbox 422 1559 622 1610; x_wconf 63' lang='lat' dir='ltr'><strong>triumpho</strong></span> <span class='ocrx_word' id='word_1_217' title='bbox 653 1562 754 1599; x_wconf 65' lang='lat' dir='ltr'><strong>Glrca</strong></span> <span class='ocrx_word' id='word_1_218' title='bbox 779 1575 928 1598; x_wconf 71' lang='lat' dir='ltr'><strong>almum</strong></span> <span class='ocrx_word' id='word_1_219' title='bbox 952 1561 1062 1602; x_wconf 82' lang='lat'>1016</span> <span class='ocrx_word' id='word_1_220' title='bbox 1096 1560 1356 1599; x_wconf 87' lang='lat' dir='ltr'><strong>consulendus</strong></span> <span class='ocrx_word' id='word_1_221' title='bbox 1389 1563 1562 1598; x_wconf 80' lang='lat' dir='ltr'>Zonaras</span> <span class='ocrx_word' id='word_1_222' title='bbox 1588 1561 1734 1597; x_wconf 82' lang='lat' dir='ltr'><strong>Annal.</strong></span> 
     </span>
     <span class='ocr_line' id='line_1_26' title="bbox 295 1614 1734 1670; baseline 0.001 -19"><span class='ocrx_word' id='word_1_223' title='bbox 295 1621 391 1651; x_wconf 86' lang='lat' dir='ltr'><strong>tom.</strong></span> <span class='ocrx_word' id='word_1_224' title='bbox 413 1618 438 1655; x_wconf 83' lang='lat'><strong>3</strong></span> <span class='ocrx_word' id='word_1_225' title='bbox 468 1616 511 1652; x_wconf 91' lang='lat' dir='ltr'><strong>in</strong></span> <span class='ocrx_word' id='word_1_226' title='bbox 534 1617 682 1655; x_wconf 84' lang='lat' dir='ltr'><strong>Basilio</strong></span> <span class='ocrx_word' id='word_1_227' title='bbox 700 1616 1051 1670; x_wconf 85' lang='lat' dir='ltr'><strong>Porphyrogenito.</strong></span> <span class='ocrx_word' id='word_1_228' title='bbox 1107 1619 1289 1655; x_wconf 85' lang='lat' dir='ltr'><strong>meminit</strong></span> <span class='ocrx_word' id='word_1_229' title='bbox 1313 1624 1352 1655; x_wconf 86' lang='lat' dir='ltr'><strong>et</strong></span> <span class='ocrx_word' id='word_1_230' title='bbox 1370 1614 1611 1668; x_wconf 87' lang='lat' dir='ltr'><strong>Nicephorus</strong></span> <span class='ocrx_word' id='word_1_231' title='bbox 1634 1617 1734 1653; x_wconf 86' lang='lat' dir='ltr'><strong>Gre-</strong></span> 
     </span>
     <span class='ocr_line' id='line_1_27' title="bbox 294 1673 641 1721; baseline 0.012 -14"><span class='ocrx_word' id='word_1_232' title='bbox 294 1683 423 1721; x_wconf 86' lang='lat' dir='ltr'><strong>goras.</strong></span> <span class='ocrx_word' id='word_1_233' title='bbox 480 1673 641 1710; x_wconf 50' lang='lat' dir='ltr'><strong>Bous-4.</strong></span> 
     </span>
    </p>

    <p class='ocr_par' dir='ltr' id='par_1_6' title="bbox 295 1724 1734 1890">
     <span class='ocr_line' id='line_1_28' title="bbox 406 1724 1734 1780; baseline 0.004 -18"><span class='ocrx_word' id='word_1_234' title='bbox 406 1725 459 1763; x_wconf 84' lang='lat' dir='ltr'><strong>ib.</strong></span> <span class='ocrx_word' id='word_1_235' title='bbox 493 1741 531 1765; x_wconf 87' lang='lat' dir='ltr'><strong>v.</strong></span> <span class='ocrx_word' id='word_1_236' title='bbox 561 1731 600 1769; x_wconf 87' lang='lat'><strong>9.</strong></span> <span class='ocrx_word' id='word_1_237' title='bbox 656 1724 903 1779; x_wconf 78' lang='grc' dir='ltr'><strong><em>καταντήσας</em></strong></span> <span class='ocrx_word' id='word_1_238' title='bbox 926 1728 995 1769; x_wconf 79' lang='grc' dir='ltr'><strong>καὶ</strong></span> <span class='ocrx_word' id='word_1_239' title='bbox 1023 1724 1170 1780; x_wconf 67' lang='grc' dir='ltr'><strong><em>αὐτῆς]</em></strong></span> <span class='ocrx_word' id='word_1_240' title='bbox 1198 1729 1424 1766; x_wconf 81' lang='lat' dir='ltr'><strong>minutatim</strong></span> <span class='ocrx_word' id='word_1_241' title='bbox 1455 1728 1587 1766; x_wconf 79' lang='lat' dir='ltr'><strong>omnia</strong></span> <span class='ocrx_word' id='word_1_242' title='bbox 1616 1726 1734 1763; x_wconf 84' lang='lat' dir='ltr'><strong>refert</strong></span> 
     </span>
     <span class='ocr_line' id='line_1_29' title="bbox 295 1780 1733 1823; baseline 0.001 -5"><span class='ocrx_word' id='word_1_243' title='bbox 295 1780 487 1819; x_wconf 85' lang='lat' dir='ltr'><strong>Choniata</strong></span> <span class='ocrx_word' id='word_1_244' title='bbox 507 1784 550 1820; x_wconf 88' lang='lat' dir='ltr'><strong>in</strong></span> <span class='ocrx_word' id='word_1_245' title='bbox 569 1783 732 1822; x_wconf 84' lang='lat' dir='ltr'><strong>historia</strong></span> <span class='ocrx_word' id='word_1_246' title='bbox 752 1791 790 1821; x_wconf 88' lang='lat' dir='ltr'><strong>et</strong></span> <span class='ocrx_word' id='word_1_247' title='bbox 809 1787 976 1823; x_wconf 83' lang='lat' dir='ltr'><strong>Ioannes</strong></span> <span class='ocrx_word' id='word_1_248' title='bbox 995 1786 1218 1823; x_wconf 83' lang='lat' dir='ltr'><strong>Stauracius</strong></span> <span class='ocrx_word' id='word_1_249' title='bbox 1237 1784 1285 1822; x_wconf 88' lang='lat' dir='ltr'><strong>de</strong></span> <span class='ocrx_word' id='word_1_250' title='bbox 1302 1784 1503 1823; x_wconf 84' lang='lat' dir='ltr'><strong>miraculis</strong></span> <span class='ocrx_word' id='word_1_251' title='bbox 1525 1783 1567 1820; x_wconf 89' lang='lat' dir='ltr'><strong>S.</strong></span> <span class='ocrx_word' id='word_1_252' title='bbox 1585 1784 1733 1820; x_wconf 88' lang='lat' dir='ltr'><strong>Deme—</strong></span> 
     </span>
     <span class='ocr_line' id='line_1_30' title="bbox 295 1840 739 1890; baseline 0.007 -15"><span class='ocrx_word' id='word_1_253' title='bbox 295 1840 361 1876; x_wconf 88' lang='lat' dir='ltr'><strong>trii</strong></span> <span class='ocrx_word' id='word_1_254' title='bbox 383 1842 581 1890; x_wconf 89' lang='lat' dir='ltr'><strong>martyris.</strong></span> <span class='ocrx_word' id='word_1_255' title='bbox 637 1843 739 1878; x_wconf 75' lang='lat' dir='ltr'><strong>Am..</strong></span> 
     </span>
    </p>

    <p class='ocr_par' dir='ltr' id='par_1_7' title="bbox 292 1894 1733 2845">
     <span class='ocr_line' id='line_1_31' title="bbox 405 1894 1732 1952; baseline 0 -22"><span class='ocrx_word' id='word_1_256' title='bbox 405 1894 608 1936; x_wconf 77' lang='lat' dir='ltr'><strong>ib.v.11.</strong></span> <span class='ocrx_word' id='word_1_257' title='bbox 667 1896 774 1945; x_wconf 72' lang='grc' dir='ltr'><strong><em>ἔδοξε</em></strong></span> <span class='ocrx_word' id='word_1_258' title='bbox 791 1894 864 1950; x_wconf 79' lang='grc' dir='ltr'><strong><em>γοῖρ</em></strong></span> <span class='ocrx_word' id='word_1_259' title='bbox 884 1894 1008 1952; x_wconf 70' lang='grc' dir='ltr'><strong><em>αὐτῷ]</em></strong></span> <span class='ocrx_word' id='word_1_260' title='bbox 1038 1895 1144 1934; x_wconf 87' lang='lat' dir='ltr'><strong>hunc</strong></span> <span class='ocrx_word' id='word_1_261' title='bbox 1161 1897 1283 1934; x_wconf 87' lang='lat' dir='ltr'><strong>fuisse</strong></span> <span class='ocrx_word' id='word_1_262' title='bbox 1302 1896 1344 1934; x_wconf 84' lang='lat' dir='ltr'><strong>S.</strong></span> <span class='ocrx_word' id='word_1_263' title='bbox 1364 1895 1609 1932; x_wconf 85' lang='lat' dir='ltr'><strong>Demetrium</strong></span> <span class='ocrx_word' id='word_1_264' title='bbox 1625 1906 1732 1931; x_wconf 84' lang='lat' dir='ltr'><strong>mar-</strong></span> 
     </span>
     <span class='ocr_line' id='line_1_32' title="bbox 296 1949 1732 2021; baseline 0 -35"><span class='ocrx_word' id='word_1_265' title='bbox 296 1957 424 2001; x_wconf 83' lang='lat' dir='ltr'><strong>tyrem</strong></span> <span class='ocrx_word' id='word_1_266' title='bbox 447 1950 863 1990; x_wconf 86' lang='lat' dir='ltr'><strong>Thessalonicensium</strong></span> <span class='ocrx_word' id='word_1_267' title='bbox 886 1961 1096 2005; x_wconf 82' lang='lat' dir='ltr'><strong>patronum</strong></span> <span class='ocrx_word' id='word_1_268' title='bbox 1114 1953 1232 2021; x_wconf 83' lang='lat' dir='ltr'><strong>refert</strong></span> <span class='ocrx_word' id='word_1_269' title='bbox 1254 1955 1420 1990; x_wconf 86' lang='lat' dir='ltr'><strong>Ioannes</strong></span> <span class='ocrx_word' id='word_1_270' title='bbox 1440 1952 1662 1989; x_wconf 82' lang='lat' dir='ltr'><strong>stauracius</strong></span> <span class='ocrx_word' id='word_1_271' title='bbox 1683 1949 1732 1986; x_wconf 91' lang='lat' dir='ltr'><strong>de</strong></span> 
     </span>
     <span class='ocr_line' id='line_1_33' title="bbox 295 2004 1733 2062; baseline 0.002 -20"><span class='ocrx_word' id='word_1_272' title='bbox 295 2008 495 2045; x_wconf 68' lang='lat' dir='ltr'><strong>mir-acuns</strong></span> <span class='ocrx_word' id='word_1_273' title='bbox 524 2009 566 2045; x_wconf 90' lang='lat' dir='ltr'><strong>S.</strong></span> <span class='ocrx_word' id='word_1_274' title='bbox 590 2010 802 2046; x_wconf 87' lang='lat' dir='ltr'><strong>Demetrii.</strong></span> <span class='ocrx_word' id='word_1_275' title='bbox 841 2006 926 2050; x_wconf 83' lang='grc' dir='ltr'><strong><em>τότε</em></strong></span> <span class='ocrx_word' id='word_1_276' title='bbox 955 2007 1004 2061; x_wconf 82' lang='grc' dir='ltr'><strong>δὴ</strong></span> <span class='ocrx_word' id='word_1_277' title='bbox 1030 2006 1111 2050; x_wconf 84' lang='grc' dir='ltr'><strong><em>τότε</em></strong></span> <span class='ocrx_word' id='word_1_278' title='bbox 1137 2006 1236 2062; x_wconf 72' lang='grc' dir='ltr'><strong><em>ἄωρι</em></strong></span> <span class='ocrx_word' id='word_1_279' title='bbox 1260 2023 1340 2048; x_wconf 87' lang='grc' dir='ltr'><strong><em>των</em></strong></span> <span class='ocrx_word' id='word_1_280' title='bbox 1367 2010 1522 2047; x_wconf 76' lang='grc' dir='ltr'><strong><em>νυκτῶν</em></strong></span> <span class='ocrx_word' id='word_1_281' title='bbox 1547 2006 1602 2053; x_wconf 80' lang='grc' dir='ltr'><strong>εἷς</strong></span> <span class='ocrx_word' id='word_1_282' title='bbox 1625 2004 1733 2052; x_wconf 81' lang='grc' dir='ltr'><strong>τέλος</strong></span> 
     </span>
     <span class='ocr_line' id='line_1_34' title="bbox 294 2059 1731 2133; baseline -0.001 -32"><span class='ocrx_word' id='word_1_283' title='bbox 294 2059 394 2110; x_wconf 79' lang='grc' dir='ltr'><strong><em>θεος</em></strong></span> <span class='ocrx_word' id='word_1_284' title='bbox 410 2079 483 2114; x_wconf 83' lang='grc' dir='ltr'><strong><em>την</em></strong></span> <span class='ocrx_word' id='word_1_285' title='bbox 505 2063 647 2104; x_wconf 79' lang='grc' dir='ltr'><strong><em>ἑαυτοῦ</em></strong></span> <span class='ocrx_word' id='word_1_286' title='bbox 667 2081 736 2117; x_wconf 83' lang='grc' dir='ltr'><strong>της</strong></span> <span class='ocrx_word' id='word_1_287' title='bbox 756 2063 1034 2132; x_wconf 72' lang='grc' dir='ltr'><strong><em>ἕκδικήσεως”</em></strong></span> <span class='ocrx_word' id='word_1_288' title='bbox 1010 2066 1212 2133; x_wconf 84' lang='grc' dir='ltr'><strong><em>ρομφαίαν</em></strong></span> <span class='ocrx_word' id='word_1_289' title='bbox 1232 2064 1462 2116; x_wconf 79' lang='grc' dir='ltr'><strong><em>ἑστίλβωσεν</em></strong></span> <span class='ocrx_word' id='word_1_290' title='bbox 1483 2061 1552 2102; x_wconf 78' lang='grc' dir='ltr'><strong><em>καὶ</em></strong></span> <span class='ocrx_word' id='word_1_291' title='bbox 1574 2060 1731 2112; x_wconf 69' lang='grc' dir='ltr'><strong><em>ὑπέθη-</em></strong></span> 
     </span>
     <span class='ocr_line' id='line_1_35' title="bbox 293 2115 1731 2192; baseline 0.005 -35"><span class='ocrx_word' id='word_1_292' title='bbox 293 2119 359 2165; x_wconf 79' lang='grc' dir='ltr'><strong><em>ξεν</em></strong></span> <span class='ocrx_word' id='word_1_293' title='bbox 381 2135 435 2166; x_wconf 87' lang='grc' dir='ltr'><strong>ως</strong></span> <span class='ocrx_word' id='word_1_294' title='bbox 458 2119 500 2159; x_wconf 83' lang='grc' dir='ltr'><strong><em>ἐν</em></strong></span> <span class='ocrx_word' id='word_1_295' title='bbox 523 2117 685 2185; x_wconf 75' lang='grc' dir='ltr'><strong><em>θηγᾶνῃ</em></strong></span> <span class='ocrx_word' id='word_1_296' title='bbox 704 2137 757 2161; x_wconf 87' lang='grc' dir='ltr'><strong>τω</strong></span> <span class='ocrx_word' id='word_1_297' title='bbox 780 2117 882 2174; x_wconf 78' lang='grc' dir='ltr'><strong>ζήλῳ</strong></span> <span class='ocrx_word' id='word_1_298' title='bbox 901 2124 976 2161; x_wconf 83' lang='grc' dir='ltr'><strong>τοῦ</strong></span> <span class='ocrx_word' id='word_1_299' title='bbox 991 2118 1197 2192; x_wconf 74' lang='grc' dir='ltr'><strong><em>μάρτυρος.</em></strong></span> <span class='ocrx_word' id='word_1_300' title='bbox 1238 2119 1305 2161; x_wconf 84' lang='grc' dir='ltr'><strong>καὶ</strong></span> <span class='ocrx_word' id='word_1_301' title='bbox 1323 2119 1472 2170; x_wconf 74' lang='grc' dir='ltr'><strong><em>αἴφνης</em></strong></span> <span class='ocrx_word' id='word_1_302' title='bbox 1489 2134 1510 2159; x_wconf 94' lang='grc' dir='ltr'><strong><em>ο</em></strong></span> <span class='ocrx_word' id='word_1_303' title='bbox 1530 2115 1731 2170; x_wconf 69' lang='grc' dir='ltr'><strong><em>ἄγρυπνος</em></strong></span> 
     </span>
     <span class='ocr_line' id='line_1_36' title="bbox 292 2169 1730 2229; baseline 0.001 -18"><span class='ocrx_word' id='word_1_304' title='bbox 292 2176 349 2227; x_wconf 78' lang='grc' dir='ltr'><strong>τῷ</strong></span> <span class='ocrx_word' id='word_1_305' title='bbox 379 2171 463 2214; x_wconf 78' lang='grc' dir='ltr'><strong><em>ὄντι</em></strong></span> <span class='ocrx_word' id='word_1_306' title='bbox 494 2172 627 2225; x_wconf 79' lang='grc' dir='ltr'><strong><em>φύλαξ</em></strong></span> <span class='ocrx_word' id='word_1_307' title='bbox 650 2176 717 2217; x_wconf 86' lang='grc' dir='ltr'><strong>καὶ</strong></span> <span class='ocrx_word' id='word_1_308' title='bbox 743 2180 953 2229; x_wconf 82' lang='grc' dir='ltr'><strong><em>πολιοῦχος</em></strong></span> <span class='ocrx_word' id='word_1_309' title='bbox 974 2176 1090 2229; x_wconf 72' lang='grc' dir='ltr'><strong><em>ἡμῶν</em></strong></span> <span class='ocrx_word' id='word_1_310' title='bbox 1107 2193 1174 2217; x_wconf 86' lang='grc' dir='ltr'><strong>και</strong></span> <span class='ocrx_word' id='word_1_311' title='bbox 1196 2176 1314 2229; x_wconf 84' lang='grc' dir='ltr'><strong><em>μέγας</em></strong></span> <span class='ocrx_word' id='word_1_312' title='bbox 1333 2178 1406 2216; x_wconf 84' lang='grc' dir='ltr'><strong>τοῦ</strong></span> <span class='ocrx_word' id='word_1_313' title='bbox 1421 2169 1591 2227; x_wconf 83' lang='grc' dir='ltr'><strong><em>μεγαλου</em></strong></span> <span class='ocrx_word' id='word_1_314' title='bbox 1613 2174 1730 2225; x_wconf 86' lang='grc' dir='ltr'><strong><em>βασι-</em></strong></span> 
     </span>
     <span class='ocr_line' id='line_1_37' title="bbox 294 2228 1731 2298; baseline -0.007 -21"><span class='ocrx_word' id='word_1_315' title='bbox 294 2228 392 2276; x_wconf 68' lang='grc' dir='ltr'><strong>λέως</strong></span> <span class='ocrx_word' id='word_1_316' title='bbox 410 2229 647 2283; x_wconf 63' lang='grc' dir='ltr'><strong><em>στρατιώτης</em></strong></span> <span class='ocrx_word' id='word_1_317' title='bbox 662 2230 889 2286; x_wconf 80' lang='grc' dir='ltr'><strong><em>Δημήτριος</em></strong></span> <span class='ocrx_word' id='word_1_318' title='bbox 908 2233 1080 2284; x_wconf 77' lang='grc' dir='ltr'><strong><em>ἔφιππος</em></strong></span> <span class='ocrx_word' id='word_1_319' title='bbox 1098 2229 1165 2283; x_wconf 79' lang='grc' dir='ltr'><strong>ἐφ’</strong></span> <span class='ocrx_word' id='word_1_320' title='bbox 1182 2233 1308 2273; x_wconf 79' lang='grc' dir='ltr'><strong><em>ἵππου</em></strong></span> <span class='ocrx_word' id='word_1_321' title='bbox 1325 2231 1467 2271; x_wconf 82' lang='grc' dir='ltr'><strong><em>λευκοῦ</em></strong></span> <span class='ocrx_word' id='word_1_322' title='bbox 1483 2231 1537 2298; x_wconf 63' lang='grc' dir='ltr'><strong>τρῖ</strong></span> <span class='ocrx_word' id='word_1_323' title='bbox 1553 2232 1731 2297; x_wconf 80' lang='grc' dir='ltr'><strong><em>Βουλγα-</em></strong></span> 
     </span>
     <span class='ocr_line' id='line_1_38' title="bbox 294 2282 1729 2357; baseline 0.004 -34"><span class='ocrx_word' id='word_1_324' title='bbox 294 2300 461 2336; x_wconf 86' lang='grc' dir='ltr'><strong><em>ρανακτι</em></strong></span> <span class='ocrx_word' id='word_1_325' title='bbox 489 2288 691 2337; x_wconf 82' lang='grc' dir='ltr'><strong><em>φαίνεται,</em></strong></span> <span class='ocrx_word' id='word_1_326' title='bbox 721 2289 788 2328; x_wconf 83' lang='grc' dir='ltr'><strong>και</strong></span> <span class='ocrx_word' id='word_1_327' title='bbox 814 2290 974 2357; x_wconf 82' lang='grc' dir='ltr'><strong><em>καιρίαν</em></strong></span> <span class='ocrx_word' id='word_1_328' title='bbox 1002 2285 1194 2337; x_wconf 78' lang='grc' dir='ltr'><strong><em>ακοντίζει</em></strong></span> <span class='ocrx_word' id='word_1_329' title='bbox 1221 2289 1459 2354; x_wconf 80' lang='grc' dir='ltr'><strong><em>παραχρῆμα</em></strong></span> <span class='ocrx_word' id='word_1_330' title='bbox 1480 2299 1545 2325; x_wconf 82' lang='grc' dir='ltr'><strong>τον</strong></span> <span class='ocrx_word' id='word_1_331' title='bbox 1570 2282 1729 2326; x_wconf 62' lang='grc' dir='ltr'><strong>ἄθλιον·</strong></span> 
     </span>
     <span class='ocr_line' id='line_1_39' title="bbox 294 2337 1730 2409; baseline -0.001 -29"><span class='ocrx_word' id='word_1_332' title='bbox 294 2339 318 2380; x_wconf 82' lang='grc' dir='ltr'>ό</span> <span class='ocrx_word' id='word_1_333' title='bbox 337 2339 378 2380; x_wconf 82' lang='grc' dir='ltr'><strong>δὲ</strong></span> <span class='ocrx_word' id='word_1_334' title='bbox 397 2340 495 2393; x_wconf 88' lang='grc' dir='ltr'><strong><em>μέγα</em></strong></span> <span class='ocrx_word' id='word_1_335' title='bbox 515 2345 738 2409; x_wconf 83' lang='grc' dir='ltr'><strong><em>παραυτίκα</em></strong></span> <span class='ocrx_word' id='word_1_336' title='bbox 756 2340 992 2398; x_wconf 63' lang='grc' dir='ltr'><strong><em>ἀνακραγών</em></strong></span> <span class='ocrx_word' id='word_1_337' title='bbox 1012 2346 1223 2397; x_wconf 81' lang='grc' dir='ltr'><strong><em>κατεβοᾶτο</em></strong></span> <span class='ocrx_word' id='word_1_338' title='bbox 1243 2345 1317 2383; x_wconf 75' lang='grc' dir='ltr'><strong>τοῦ</strong></span> <span class='ocrx_word' id='word_1_339' title='bbox 1334 2337 1647 2409; x_wconf 81' lang='grc' dir='ltr'><strong><em>αρχιστρατήγου.</em></strong></span> <span class='ocrx_word' id='word_1_340' title='bbox 1659 2343 1730 2391; x_wconf 81' lang='grc' dir='ltr'><strong>τῆς</strong></span> 
     </span>
     <span class='ocr_line' id='line_1_40' title="bbox 294 2393 1732 2469; baseline -0.001 -33"><span class='ocrx_word' id='word_1_341' title='bbox 294 2400 476 2448; x_wconf 81' lang='grc' dir='ltr'><strong><em>στρατιας</em></strong></span> <span class='ocrx_word' id='word_1_342' title='bbox 507 2393 632 2437; x_wconf 74' lang='grc' dir='ltr'><strong><em>αὐτοῦ</em></strong></span> <span class='ocrx_word' id='word_1_343' title='bbox 663 2401 885 2451; x_wconf 82' lang='grc' dir='ltr'><strong><em>Μαναστρᾶ</em></strong></span> <span class='ocrx_word' id='word_1_344' title='bbox 911 2416 964 2447; x_wconf 90' lang='grc' dir='ltr'><strong>ως</strong></span> <span class='ocrx_word' id='word_1_345' title='bbox 983 2402 1119 2469; x_wconf 60' lang='grc' dir='ltr'><strong>εδηθεν</strong></span> <span class='ocrx_word' id='word_1_346' title='bbox 1127 2398 1303 2468; x_wconf 81' lang='grc' dir='ltr'><strong><em>τρωθεις</em></strong></span> <span class='ocrx_word' id='word_1_347' title='bbox 1318 2394 1392 2437; x_wconf 75' lang='grc' dir='ltr'><strong><em>ὑπ’</em></strong></span> <span class='ocrx_word' id='word_1_348' title='bbox 1417 2393 1559 2436; x_wconf 68' lang='grc' dir='ltr'><strong><em>αὐτοῦ·</em></strong></span> <span class='ocrx_word' id='word_1_349' title='bbox 1589 2399 1732 2436; x_wconf 84' lang='grc' dir='ltr'><strong><em>τοῦτον</em></strong></span> 
     </span>
     <span class='ocr_line' id='line_1_41' title="bbox 293 2448 1731 2522; baseline 0 -31"><span class='ocrx_word' id='word_1_350' title='bbox 293 2450 367 2505; x_wconf 69' lang='grc' dir='ltr'><strong>γαρ</strong></span> <span class='ocrx_word' id='word_1_351' title='bbox 389 2449 556 2494; x_wconf 78' lang='grc' dir='ltr'><strong><em>ἐδόκει</em></strong></span> <span class='ocrx_word' id='word_1_352' title='bbox 532 2456 633 2505; x_wconf 81' lang='grc' dir='ltr'><strong>ορᾶν</strong></span> <span class='ocrx_word' id='word_1_353' title='bbox 651 2452 938 2507; x_wconf 80' lang='grc' dir='ltr'><strong><em>ἱππαζόμενον,</em></strong></span> <span class='ocrx_word' id='word_1_354' title='bbox 969 2457 1071 2508; x_wconf 83' lang='grc' dir='ltr'><strong><em>ώπερ</em></strong></span> <span class='ocrx_word' id='word_1_355' title='bbox 1093 2452 1245 2519; x_wconf 67' lang='grc' dir='ltr'><strong><em>εὐγενεῖ</em></strong></span> <span class='ocrx_word' id='word_1_356' title='bbox 1259 2453 1324 2494; x_wconf 84' lang='grc' dir='ltr'><strong>καὶ</strong></span> <span class='ocrx_word' id='word_1_357' title='bbox 1342 2453 1502 2522; x_wconf 61' lang='grc' dir='ltr'><strong>λευκῷ”</strong></span> <span class='ocrx_word' id='word_1_358' title='bbox 1485 2467 1591 2504; x_wconf 84' lang='grc' dir='ltr'><strong><em>ιππῳ</em></strong></span> <span class='ocrx_word' id='word_1_359' title='bbox 1609 2448 1731 2491; x_wconf 81' lang='grc' dir='ltr'><strong><em>ἱππα-</em></strong></span> 
     </span>
     <span class='ocr_line' id='line_1_42' title="bbox 297 2506 1732 2581; baseline 0.001 -34"><span class='ocrx_word' id='word_1_360' title='bbox 297 2511 401 2556; x_wconf 80' lang='grc' dir='ltr'><strong><em>ζετο,</em></strong></span> <span class='ocrx_word' id='word_1_361' title='bbox 430 2525 499 2560; x_wconf 82' lang='grc' dir='ltr'><strong>της</strong></span> <span class='ocrx_word' id='word_1_362' title='bbox 523 2511 674 2575; x_wconf 81' lang='grc' dir='ltr'><strong><em>σκηνῆς</em></strong></span> <span class='ocrx_word' id='word_1_363' title='bbox 701 2510 815 2550; x_wconf 74' lang='grc' dir='ltr'><strong><em>ἔνδον</em></strong></span> <span class='ocrx_word' id='word_1_364' title='bbox 839 2508 1074 2581; x_wconf 77' lang='grc' dir='ltr'><strong><em>γενόμενον,</em></strong></span> <span class='ocrx_word' id='word_1_365' title='bbox 1104 2511 1170 2551; x_wconf 84' lang='grc' dir='ltr'><strong>καὶ</strong></span> <span class='ocrx_word' id='word_1_366' title='bbox 1200 2506 1343 2562; x_wconf 80' lang='grc' dir='ltr'><strong><em>λόγχην</em></strong></span> <span class='ocrx_word' id='word_1_367' title='bbox 1373 2506 1425 2560; x_wconf 75' lang='grc' dir='ltr'><strong><em>ἢν</em></strong></span> <span class='ocrx_word' id='word_1_368' title='bbox 1447 2507 1658 2575; x_wconf 77' lang='grc' dir='ltr'><strong><em>περιέφερε</em></strong></span> <span class='ocrx_word' id='word_1_369' title='bbox 1681 2509 1732 2562; x_wconf 79' lang='grc' dir='ltr'><strong>τῇ</strong></span> 
     </span>
     <span class='ocr_line' id='line_1_43' title="bbox 296 2560 1730 2634; baseline -0.002 -29"><span class='ocrx_word' id='word_1_370' title='bbox 296 2565 440 2630; x_wconf 81' lang='grc' dir='ltr'><strong><em>καρδία</em></strong></span> <span class='ocrx_word' id='word_1_371' title='bbox 466 2561 608 2606; x_wconf 85' lang='grc' dir='ltr'><strong><em>τούτου</em></strong></span> <span class='ocrx_word' id='word_1_372' title='bbox 630 2563 875 2634; x_wconf 80' lang='grc' dir='ltr'><strong><em>ἕμβαψαντα.</em></strong></span> <span class='ocrx_word' id='word_1_373' title='bbox 931 2566 999 2607; x_wconf 80' lang='grc' dir='ltr'><strong>καὶ</strong></span> <span class='ocrx_word' id='word_1_374' title='bbox 1020 2562 1141 2613; x_wconf 79' lang='grc' dir='ltr'><strong><em>αὖθις</em></strong></span> <span class='ocrx_word' id='word_1_375' title='bbox 1156 2567 1370 2617; x_wconf 82' lang='grc' dir='ltr'><strong><em>κατεβοοῖτο</em></strong></span> <span class='ocrx_word' id='word_1_376' title='bbox 1387 2560 1529 2604; x_wconf 80' lang='grc' dir='ltr'><strong><em>τούτου</em></strong></span> <span class='ocrx_word' id='word_1_377' title='bbox 1549 2563 1614 2603; x_wconf 84' lang='grc' dir='ltr'><strong>καὶ</strong></span> <span class='ocrx_word' id='word_1_378' title='bbox 1633 2566 1730 2603; x_wconf 90' lang='grc' dir='ltr'><strong><em>πολ-</em></strong></span> 
     </span>
     <span class='ocr_line' id='line_1_44' title="bbox 295 2615 1730 2691; baseline -0.001 -31"><span class='ocrx_word' id='word_1_379' title='bbox 295 2615 428 2667; x_wconf 78' lang='grc' dir='ltr'><strong><em>λακις,</em></strong></span> <span class='ocrx_word' id='word_1_380' title='bbox 459 2636 512 2668; x_wconf 89' lang='grc' dir='ltr'><strong>ως</strong></span> <span class='ocrx_word' id='word_1_381' title='bbox 545 2620 611 2661; x_wconf 79' lang='grc' dir='ltr'><strong>καὶ</strong></span> <span class='ocrx_word' id='word_1_382' title='bbox 641 2617 766 2662; x_wconf 72' lang='grc' dir='ltr'><strong><em>αὐτον</em></strong></span> <span class='ocrx_word' id='word_1_383' title='bbox 791 2626 876 2671; x_wconf 87' lang='grc' dir='ltr'><strong><em>ταῖς</em></strong></span> <span class='ocrx_word' id='word_1_384' title='bbox 902 2627 1090 2689; x_wconf 86' lang='grc' dir='ltr'><strong><em>κραυγαῖς</em></strong></span> <span class='ocrx_word' id='word_1_385' title='bbox 1116 2620 1397 2691; x_wconf 81' lang='grc' dir='ltr'><strong><em>θορυβηθέντα</em></strong></span> <span class='ocrx_word' id='word_1_386' title='bbox 1426 2619 1491 2660; x_wconf 78' lang='grc' dir='ltr'><strong>καὶ</strong></span> <span class='ocrx_word' id='word_1_387' title='bbox 1521 2615 1730 2670; x_wconf 81' lang='grc' dir='ltr'><strong><em>αναπηδή-</em></strong></span> 
     </span>
     <span class='ocr_line' id='line_1_45' title="bbox 295 2672 1729 2746; baseline -0.001 -31"><span class='ocrx_word' id='word_1_388' title='bbox 295 2689 419 2716; x_wconf 83' lang='grc' dir='ltr'><strong><em>σαντα</em></strong></span> <span class='ocrx_word' id='word_1_389' title='bbox 442 2679 514 2727; x_wconf 81' lang='grc' dir='ltr'><strong>τῆς</strong></span> <span class='ocrx_word' id='word_1_390' title='bbox 541 2681 748 2730; x_wconf 83' lang='grc' dir='ltr'><strong><em>στρωμνῆς</em></strong></span> <span class='ocrx_word' id='word_1_391' title='bbox 776 2676 844 2730; x_wconf 80' lang='grc' dir='ltr'><strong>(ἐν</strong></span> <span class='ocrx_word' id='word_1_392' title='bbox 873 2674 1058 2731; x_wconf 81' lang='grc' dir='ltr'><strong><em>γειτόνων</em></strong></span> <span class='ocrx_word' id='word_1_393' title='bbox 1081 2694 1171 2746; x_wconf 68' lang='grc' dir='ltr'><strong>γαρ</strong></span> <span class='ocrx_word' id='word_1_394' title='bbox 1178 2693 1230 2728; x_wconf 85' lang='grc' dir='ltr'><strong><em>ην</em></strong></span> <span class='ocrx_word' id='word_1_395' title='bbox 1254 2673 1359 2731; x_wconf 69' lang='grc' dir='ltr'><strong><em>αὐτῷ</em></strong></span> <span class='ocrx_word' id='word_1_396' title='bbox 1368 2675 1404 2743; x_wconf 81' lang='grc' dir='ltr'><em>ἦ</em></span> <span class='ocrx_word' id='word_1_397' title='bbox 1424 2672 1575 2743; x_wconf 85' lang='grc' dir='ltr'><strong><em>σκηνή)</em></strong></span> <span class='ocrx_word' id='word_1_398' title='bbox 1605 2675 1729 2715; x_wconf 83' lang='grc' dir='ltr'><strong><em>εἰσελ-</em></strong></span> 
     </span>
     <span class='ocr_line' id='line_1_46' title="bbox 294 2727 1731 2795; baseline -0.001 -24"><span class='ocrx_word' id='word_1_399' title='bbox 294 2736 389 2771; x_wconf 82' lang='grc' dir='ltr'><strong><em>θεῖν</em></strong></span> <span class='ocrx_word' id='word_1_400' title='bbox 417 2732 484 2772; x_wconf 84' lang='grc' dir='ltr'><strong>και</strong></span> <span class='ocrx_word' id='word_1_401' title='bbox 515 2732 614 2772; x_wconf 81' lang='grc' dir='ltr'><strong><em>ἰδεῖν</em></strong></span> <span class='ocrx_word' id='word_1_402' title='bbox 638 2749 704 2773; x_wconf 85' lang='grc' dir='ltr'><strong>και</strong></span> <span class='ocrx_word' id='word_1_403' title='bbox 732 2738 933 2786; x_wconf 81' lang='grc' dir='ltr'><strong><em>φανῆναι,</em></strong></span> <span class='ocrx_word' id='word_1_404' title='bbox 968 2734 1035 2774; x_wconf 83' lang='grc' dir='ltr'><strong>καὶ</strong></span> <span class='ocrx_word' id='word_1_405' title='bbox 1066 2746 1238 2773; x_wconf 84' lang='grc' dir='ltr'><strong><em>ακουσαι</em></strong></span> <span class='ocrx_word' id='word_1_406' title='bbox 1257 2749 1310 2781; x_wconf 87' lang='grc' dir='ltr'><strong>ως</strong></span> <span class='ocrx_word' id='word_1_407' title='bbox 1329 2728 1378 2772; x_wconf 80' lang='grc' dir='ltr'><strong>σύ</strong></span> <span class='ocrx_word' id='word_1_408' title='bbox 1405 2746 1453 2784; x_wconf 84' lang='grc' dir='ltr'><strong>με</strong></span> <span class='ocrx_word' id='word_1_409' title='bbox 1472 2727 1548 2782; x_wconf 81' lang='grc' dir='ltr'><strong><em>πρό</em></strong></span> <span class='ocrx_word' id='word_1_410' title='bbox 1568 2728 1731 2795; x_wconf 80' lang='grc' dir='ltr'><strong><em>βραχέος</em></strong></span> 
     </span>
     <span class='ocr_line' id='line_1_47' title="bbox 297 2781 1730 2846; baseline -0.001 -18"><span class='ocrx_word' id='word_1_411' title='bbox 297 2787 471 2839; x_wconf 73' lang='grc' dir='ltr'><strong><em>ἔφιππος</em></strong></span> <span class='ocrx_word' id='word_1_412' title='bbox 502 2791 559 2844; x_wconf 76' lang='grc' dir='ltr'><strong>τῷ</strong></span> <span class='ocrx_word' id='word_1_413' title='bbox 590 2792 718 2846; x_wconf 80' lang='grc' dir='ltr'><strong>λευκῶ</strong></span> <span class='ocrx_word' id='word_1_414' title='bbox 750 2802 821 2831; x_wconf 87' lang='grc' dir='ltr'><strong>σου</strong></span> <span class='ocrx_word' id='word_1_415' title='bbox 846 2790 954 2846; x_wconf 76' lang='grc' dir='ltr'><strong><em>ἵππω</em></strong></span> <span class='ocrx_word' id='word_1_416' title='bbox 978 2786 1189 2845; x_wconf 83' lang='grc' dir='ltr'><strong><em>γενόμενος</em></strong></span> <span class='ocrx_word' id='word_1_417' title='bbox 1207 2788 1384 2832; x_wconf 78' lang='grc' dir='ltr'><strong><em>ἐνταῦθα</em></strong></span> <span class='ocrx_word' id='word_1_418' title='bbox 1401 2786 1644 2839; x_wconf 77' lang='grc' dir='ltr'><strong><em>κατέσφαξας</em></strong></span> <span class='ocrx_word' id='word_1_419' title='bbox 1662 2781 1730 2826; x_wconf 84' lang='grc' dir='ltr'><strong>δό-</strong></span> 
     </span>
    </p>
   </div>
  </div>
 </body>
</html>
