1872 3236
275 209 370 260 198
655 209 1027 255 CONSTANTINI
1066 209 1184 253 MAN
1183 209 1326 254 Assls

406 329 478 379 τῆς
496 321 734 380 Νικηφόρον
754 322 960 380 θυγατρὸς
979 323 1129 380 γαμὲτῃ
1148 323 1397 380 Προκοπιάς.

407 391 552 445 ἔβλεψε
568 389 657 435 τότε
676 393 871 444 Βυζαντὶς
888 389 1041 448 ἡμέραν
1060 391 1298 447 ἐλευθέραν,

409 459 503 515 ἄτερ
526 457 706 513 αἱμάτων
727 461 794 501 καὶ
814 464 992 517 σφαγῶν,
1025 460 1169 514 βιαίων
1190 455 1477 515 ἁρπαγμάτων,

224 529 255 564 C
276 525 387 574 4620
413 525 652 578 ἀσκότωτον,
686 525 908 579 ἀθόλωτον,
942 528 1014 570 οὐκ
1038 526 1386 583 ἐξαμαυρουμένην

409 595 700 651 ἀνδροκτασίας
719 597 873 653 ζοφερῷ
891 597 958 637 καὶ
975 593 1198 651 ταραχώδη
1215 594 1336 651 νέφει,

410 661 554 716 ἔβλεψε
575 661 662 706 τότε
682 665 875 715 Βυζαντὶς
893 661 1029 717 ἡλίους
1046 663 1223 711 εὐποιίας

410 732 476 772 καὶ
497 729 761 784 στιλβηδόνας
779 731 947 786 ἀγαθῶν
967 733 1035 772 καὶ
1056 732 1214 785 δωρεῶν
1235 728 1407 775 ἀκτῖνας,

407 792 457 852 ἦν
473 798 550 854 γὰρ
573 802 708 849 καλοῖς
727 797 748 840 ὅ
771 798 944 852 Μιχαὴλ
965 799 1165 847 παντοίοις
1185 792 1504 851 ἀπαστράπτων,

275 862 384 909 4625
409 867 476 908 καὶ
496 864 778 922 φιλελεύθερος
795 866 896 922 ἀνὴρ
917 868 984 908 καὶ
1006 865 1178 921 γαληνὸς
1195 866 1264 907 καὶ
1278 866 1419 918 πρᾶος,

410 933 485 986 οὐχ
504 934 646 986 αἵμασι
666 932 925 990 τερπόμενος,
961 934 1033 976 οὐκ
1053 935 1266 989 ἐπιχαίρων
1285 928 1436 987 φόνοις,

408 1000 503 1042 ἀλλ’
530 1001 652 1053 ἀλσος
666 1000 950 1058 θεοφύτευτον,
986 1001 1088 1047 ἀλλὰ
1110 1000 1256 1055 λειμὼν
1270 998 1461 1054 χαρίτων,

408 1067 653 1124 παράδεισος
670 1068 914 1124 κηπεύσιμος
933 1068 1084 1123 νάμασι
1101 1066 1353 1125 θεοβρύτοις.
1392 1101 1394 1106 ,

474 1136 596 1178 ,Ἀλλὰ
616 1138 682 1178 καὶ
700 1136 819 1178 πάλιν
838 1137 996 1193 ἔρρει-σε
1016 1137 1060 1178 τὸ
1081 1136 1201 1193 ῥόδον
1220 1135 1297 1191 πρὸ
1319 1136 1390 1187 τῆς
1409 1129 1540 1188 ὥρας,

276 1198 388 1244 4630
413 1200 467 1252 ὥς
489 1203 687 1260 ἄγρωστις
706 1203 980 1261 ὁροσότροφος
996 1203 1126 1258 ἒψύγη
1146 1205 1212 1243 καὶ
1231 1199 1452 1256 παρῆλθεν,

414 1269 469 1320 ὡς
491 1270 640 1321 ἄνθος,
672 1270 693 1314 ὅ
714 1289 814 1326 φασι
828 1304 841 1321 ,
877 1270 1032 1326 λοκρόν,
1070 1269 1161 1312 ὡσεὶ
1182 1265 1350 1317 καπνός,
1385 1262 1440 1313 ὡς
1458 1261 1581 1318 ὄναρ,

414 1338 600 1391 ἀνθῆσαν
619 1339 681 1379 ἐπὶ
700 1339 912 1393 τέσσαρσιν
931 1335 1093 1393 χρόνοις
1110 1341 1241 1391 μῆνας
1262 1335 1385 1385 ἐννέα,
1412 1371 1415 1373 .

414 1405 536 1459 ἀνέβη
560 1406 603 1447 (5²
628 1405 796 1462 ἄχερὸος
812 1412 978 1454 πυκναῖς
999 1407 1227 1462 φρίσσουσα
1245 1409 1333 1452 ταῖς
1352 1396 1551 1450 ἀκάνθαις

414 1475 480 1514 καὶ
498 1471 649 1530 ῥάμνος
669 1472 942 1529 ἀγριόκεντρος
967 1471 1223 1527 αἱμάσσονσα
1244 1472 1426 1528 καρδίας.

280 1538 389 1585 4635
417 1538 437 1583 ὃ
458 1542 584 1583 Λέων
602 1539 622 1582 ὅ
643 1540 879 1595 ὁῘυσώνυμος
901 1542 1076 1600 ἐπιπηὸᾷ
1094 1545 1150 1597 τῷ
1171 1537 1320 1596 κράτει,

417 1606 437 1649 ὅ
460 1608 686 1665 κρεωβόρος
709 1607 729 1651 ὅ
754 1609 882 1658 δεινὸς-
899 1614 980 1650 τιῦν-
1000 1613 1072 1651 τοῦ
1092 1611 1278 1664 Χριστοῦ
1297 1604 1526 1663 προβάτων,

414 1674 435 1717 ὅ
457 1679 588 1718 τοίνυν
609 1676 769 1734 κράτωρ
790 1677 965 1730 Μιχαὴλ
985 1677 1057 1730 τὴν
1075 1674 1226 1728 τόλμαν
1244 1678 1317 1717 τοῦ
1332 1673 1526 1730 τυράννου

411 1746 478 1786 καὶ
498 1745 571 1798 τὴν
594 1743 724 1799 ὁρμὴν
746 1744 972 1797 ἀναμαθών
991 1746 1057 1792 καὶ
1077 1743 1148 1798 τὴν
1170 1743 1420 1785 ἀποστασίαν

417 1812 538 1862 αὐτὸς
567 1811 666 1854 ἕκιὺν
690 1814 889 1863 ἐξίσταται
913 1816 985 1854 τοῦ
1006 1809 1227 1865 πολυζήλου
1247 1808 1415 1866 θρόνου,

280 1876 391 1921 4640
417 1884 580 1937 πληρῶν
599 1880 673 1922 κάν
693 1879 822 1939 τούτῳ
840 1884 913 1926 τοῦ
929 1882 1113 1937 Χριστοῦ
1134 1878 1229 1932 τοὺς
1244 1877 1394 1934 νόμους
1408 1877 1502 1932 τοὺς
1523 1878 1697 1930 ἐνθέους,

376 2006 469 2044 4617
489 2009 647 2053 γαμετῆς
671 2008 740 2045 ΑΜ
938 2007 1026 2042 4621
1053 2004 1221 2052 φοβερὰς
1249 2006 1283 2041 R
1427 2004 1517 2040 4626
1545 2004 1673 2048 αἵματι
1693 2006 1731 2045 Μ

369 2051 463 2088 4630
485 2052 723 2099 δροσόπωρος
738 2054 772 2088 R
886 2053 976 2095 4631
1001 2051 1130 2088 λευκὰν
1153 2053 1192 2087 Μ
1327 2050 1467 2087 v.4632
1490 2063 1543 2086 om
1564 2052 1599 2091 R.

281 2163 454 2207 Procopia
485 2165 678 2210 Nicephori
707 2165 780 2199 filia
808 2168 917 2210 nupta
951 2168 1038 2199 erat.
1101 2165 1192 2199 diem
1219 2163 1255 2198 id
1286 2162 1450 2208 temporis
1478 2162 1623 2196 liberum
1650 2165 1733 2198 urbs

283 2208 468 2252 Cpolitana
488 2211 590 2253 vidit,
615 2216 651 2244 et
672 2211 853 2248 immunem
873 2222 894 2246 a
911 2211 1074 2245 caedibus
1091 2208 1360 2254 iugulationibus
1383 2208 1636 2252 direptionibus
1655 2209 1733 2243 vio-

282 2253 405 2296 lentis,
438 2255 615 2299 'expertem
645 2256 808 2292 malorum
833 2260 870 2289 et
890 2257 1089 2292 turbarum:
1119 2255 1210 2290 vidit
1243 2259 1279 2288 et
1307 2253 1414 2288 solem
1444 2255 1526 2287 urbs
1551 2253 1736 2298 cpolitana

283 2299 476 2337 beneficum
496 2306 532 2333 et
548 2302 715 2336 bonorum
734 2301 899 2336 scintillas
920 2307 955 2335 et
972 2301 1089 2338 radios
1110 2311 1298 2335 munerum.
1323 2311 1400 2333 nam
1413 2299 1604 2333 Michaolus
1623 2301 1735 2334 omni÷

286 2344 386 2388 genis
408 2344 594 2378 virtutibus
619 2345 830 2388 collucebat,
865 2346 920 2379 vir
947 2346 1120 2381 libertatis
1153 2356 1290 2386 amans,
1323 2344 1499 2390 placidus,
1525 2344 1636 2388 mitis,
1666 2358 1736 2380 non

287 2389 451 2424 caedibus
474 2395 509 2423 et
532 2390 708 2434 sanguinis
733 2391 935 2434 profusione
953 2393 1128 2435 gaudens,
1154 2392 1216 2425 sod
1240 2390 1334 2426 lucus
1357 2390 1456 2434 quasi
1480 2390 1619 2434 quidam
1643 2391 1734 2425 divi-

286 2435 381 2488 nitus
404 2435 556 2473 consitus
571 2461 580 2479 ,
618 2435 805 2479 gratiarum
826 2448 982 2481 campus,
1015 2437 1197 2482 paradisus
1226 2435 1313 2471 rivis
1345 2434 1487 2471 caelitus
1517 2437 1735 2476 manantibus

285 2491 451 2524 lrrlguus.

378 2526 568 2563 Enimvero
589 2525 676 2559 haec
697 2525 800 2560 etiam
819 2538 899 2560 rosa
919 2526 1021 2570 plane
1040 2533 1119 2560 ante
1138 2531 1272 2570 tempus
1291 2526 1468 2569 emarcuit,
1485 2526 1590 2571 inque
1608 2538 1736 2561 morem

289 2571 452 2615 graminis
476 2583 496 2605 a
519 2582 600 2604 rore
621 2571 744 2604 nutriti
767 2572 944 2606 contabuit
972 2577 1076 2615 atque
1097 2572 1222 2617 periit,
1255 2582 1329 2605 oum
1360 2572 1404 2606 ad
1436 2584 1543 2606 annos
1574 2577 1738 2617 quattuor>

290 2621 328 2649 et
344 2628 468 2650 novem
486 2628 620 2650 menses
638 2616 827 2653 floruisset.
875 2617 949 2650 eius
973 2617 1009 2651 in
1034 2617 1144 2650 locum
1163 2617 1331 2654 acherdus
1354 2622 1456 2651 enata
1474 2623 1547 2661 est,
1570 2619 1736 2662 frequen--

288 2661 382 2695 tibus
409 2662 553 2696 horrens
577 2661 698 2705 spinis,
725 2668 761 2696 et
778 2663 938 2699 rhamnus
959 2662 1147 2706 asperrime
1175 2663 1281 2698 corda
1302 2674 1458 2707 pungens
1482 2668 1586 2708 atque
1613 2663 1734 2697 vulne-

290 2718 385 2745 rans.
433 2719 509 2743 uam
531 2707 675 2742 infausti
698 2707 843 2744 nominis
867 2708 940 2741 Leo
962 2707 1113 2751 prosiliit
1136 2708 1179 2741 ad
1206 2707 1405 2752 imperium,
1437 2710 1514 2746 fera
1543 2708 1736 2749 carnivora,

294 2752 429 2790 Christi
450 2753 573 2789 ovibus
598 2752 750 2786 immitis.
797 2759 834 2786 at
853 2753 1044 2787 Michaelus
1063 2750 1200 2797 quidem
1219 2753 1407 2797 imperator
1420 2780 1429 2797 ,
1463 2754 1582 2789 audita
1598 2753 1737 2797 tyranni

292 2797 426 2832 ferocia
449 2798 580 2843 impetu
607 2798 822 2842 defectione,
858 2803 989 2833 suamet
1015 2803 1139 2843 sponte
1167 2799 1291 2835 throno
1319 2799 1488 2844 imperiali
1514 2799 1640 2842 cessit,
1674 2799 1739 2832 hoo

294 2843 371 2889 ipso
402 2844 494 2882 facto,
524 2843 651 2882 divinis
679 2843 810 2881 Christi¹
836 2843 939 2882 iussis
965 2843 1204 2889 satisfaciens,
1236 2850 1271 2882 et
1295 2856 1379 2890 erga
1395 2851 1650 2892 persecutorem
1670 2855 1739 2878 non
