1898 3242
279 185 378 232 266
665 189 1043 235 GONSTANTINI
1083 191 1348 239 MANASSIS

414 300 714 360 λαμπρόψυχον
725 335 739 355 ,
775 301 1025 361 φιλόκοσμον
1036 338 1050 359 ,
1085 308 1237 364 ἐπιεικῆ
1251 308 1346 359 τοὺς
1363 308 1550 368 τρόπους,

222 381 251 415 Β
412 373 660 428 φιλοδωρίας
679 370 923 427 θάλασσαν,
957 376 1100 430 λίμνην
1116 367 1411 433 ποτιμωτάτην,

273 440 383 483 6255
403 441 445 490 ἐξ
467 434 522 481 ὧν
541 438 782 494 ἀπήλαυσαν
803 444 944 485 πολλοὶ
956 443 1172 498 χευμάτων
1194 445 1503 503 καλλικρούνων,

405 509 448 558 ἐξ
469 502 524 550 ὧν
548 507 807 565 ἀπήντλησαν
831 514 973 554 πολλοὶ
989 512 1152 566 νάματα
1176 513 1413 571 ζωοτρόφα·

405 576 482 626 τὰς
501 578 657 633 φλέβας
678 578 757 636 γὰρ
776 577 990 638 ἁπανταχῇ
1010 583 1293 639 διακρουνίσας
1313 582 1455 640 ὤφθη,

369 699 371 701 ¹
400 647 663 701 χρυσεοδίνης
684 648 937 702 Πακτωλός,
971 653 1121 700 Νεῖλος
1141 650 1466 707 ἀργυροχεύμων.

407 714 579 769 ἐπέγνων
598 713 743 759 τούτου
765 719 832 759 καὶ
852 719 942 759 λαοὶ
965 718 1157 772 παλάμας
1182 719 1450 777 φιλοδώρους,

237 791 240 794 “
270 785 380 825 6260
405 783 575 838 ἐπέγνων
595 782 741 827 τούτου
762 787 829 827 καὶ
845 788 935 828 ναοὶ
954 786 1027 837 τὰς
1045 785 1319 844 φιλοκόσμους
1331 795 1483 846 χεῖρας.

408 851 446 894 οἳ
465 852 629 907 πένητες
650 854 802 903 ἐξέπιον
819 853 1022 909 ἤντλησαν
1031 888 1043 907 ,
1082 856 1173 898 ἀλλ’
1199 859 1254 906 εἰς
1272 856 1413 913 κόρον·

405 924 486 961 πᾶν
508 921 669 975 τέμενος
688 921 919 977 ἀπήλαυσεν
939 924 1101 981 ἀρδείας
1114 927 1430 983 χρυσορείθρου.

405 986 510 1030 οὕτω
532 989 663 1039 κοινὸς
681 985 731 1044 ἦν
745 990 948 1046 ποταμός,
977 991 1208 1047 ἁπανταχοῦ
1230 993 1451 1048 λιμνάζων·

405 1058 537 1099 ἐκένου
555 1059 633 1115 γὰρ
652 1063 732 1101 τῶν
754 1062 914 1116 δωρεῶν
935 1060 1246 1119 ἀφθονοχύτους
1265 1061 1404 1116 χύσεις

267 1125 377 1169 6265
396 1124 451 1176 ὥς
469 1128 525 1175 εἷς
549 1118 748 1183 ἄτρήτους
767 1129 949 1184 ἀγωγοὺς
963 1130 1058 1180 τοὺς
1075 1132 1460 1184 καταπονουμένους.

211 1206 241 1240 c
399 1196 466 1236 καὶ
484 1192 643 1252 Ξέρξης
659 1196 732 1249 μὲν
752 1195 772 1238 ὃ
793 1198 972 1254 σοβαρὸς
992 1200 1136 1248 ἐκεῖνος
1151 1198 1172 1241 ὃ
1191 1197 1438 1256 Περσάρχης

399 1262 478 1305 ὑπὸ
503 1265 631 1316 καλὴν
651 1263 922 1308 πλατάνιστον
945 1267 1178 1316 ἀνακλιθεὶς
1202 1269 1243 1308 ἐν
1266 1268 1380 1323 θέρει

401 1331 569 1385 κόσμοις
592 1331 771 1387 ἀψύχοις
791 1333 837 1375 τὸ
858 1334 986 1390 φυτὸν
1009 1334 1350 1391 ἀντεφιλοτιμεῖτο
1365 1349 1376 1360 ·

399 1405 473 1442 τοῦ
496 1401 540 1442 δὲ
562 1403 630 1442 καὶ
652 1402 795 1457 πέτραι
816 1404 884 1443 καὶ
907 1403 1018 1458 φυτὰ
1040 1404 1107 1445 καὶ
1129 1408 1244 1458 νῆσοι
1267 1405 1334 1445 καὶ
1357 1408 1544 1458 λειμῶνες

261 1472 372 1512 6270
391 1467 556 1525 χάρισιν
574 1468 829 1525 ἐπιάνθησαν
852 1469 1061 1528 εὖδρόσοις
1082 1470 1294 1529 ἂειρύτοις.

396 1535 503 1579 οὕτω
529 1537 708 1593 μεγάλην
731 1538 804 1593 τὴν
822 1538 976 1593 ψυχήν,
1014 1539 1119 1582 οὕτω
1141 1542 1338 1583 πλουσίαν
1362 1539 1454 1595 εἶχε.

397 1605 473 1647 κᾶν
493 1610 642 1661 γνῶναι
664 1608 768 1663 θέλῃ
789 1625 851 1657 τις
874 1608 1000 1650 αὐτοῦ
1023 1608 1074 1650 τὰ
1098 1613 1170 1663 τῆς
1192 1611 1524 1666 λαμπροψνχίας,

394 1673 420 1728 ἡ
442 1673 788 1732 λαμπροδόμητος
810 1676 915 1731 μονὴ
941 1675 1183 1719 πιστώσεται
1200 1677 1246 1720 τὸ
1268 1682 1452 1735 πρᾶγμα,

395 1742 444 1797 ἣν
466 1744 508 1784 ἐκ
530 1744 749 1797 θεμέθλων
766 1743 935 1801 ἤγειρεν,
972 1745 1050 1787 ἀπὸ
1070 1745 1188 1802 ῥιζῶν
1208 1745 1389 1800 ἐσχάτων

258 1812 368 1854 6275
394 1815 453 1868 τῷ
474 1813 576 1869 θείῳ
596 1811 920 1869 χριστομάρτυρι
942 1818 1002 1871 τῷ
1023 1819 1405 1871 τροπαιοφοροῢντι.

395 1879 502 1921 ἀλλά
523 1879 600 1936 γὰρ
624 1882 730 1922 οὕτω
751 1887 835 1931 τοΐς
855 1885 993 1931 καλοῖς
1014 1881 1182 1924 θάλλων
1203 1881 1302 1940 ὑπὲρ
1323 1883 1397 1934 τὰς
1418 1883 1598 1940 κέδρους,

350 1987 442 2021 6257
473 1985 516 2021 τὸ
552 1985 693 2033 βλέμμα
716 1987 748 2022 Α
892 1990 983 2024 6262
1006 1988 1259 2033 χρυσορρύτου
1281 1991 1347 2025 AR
1489 1991 1582 2026 6263
1604 1988 1726 2026 ἄποιν-

348 2033 442 2077 ταχῆ
465 2033 497 2067 Α
634 2033 726 2069 6264
750 2031 890 2069 ἐκείνου
915 2036 954 2069 Μ
1099 2037 1191 2070 6266
1213 2034 1290 2079 καὶ]
1317 2033 1337 2070 ὁ
1362 2036 1401 2070 Μ
1547 2037 1640 2072 6267
1661 2049 1725 2071 κα-

348 2076 415 2113 λὸν
437 2078 468 2113 Α
603 2081 694 2115 6269
716 2079 855 2123 λιμένες
877 2082 942 2116 AR
1079 2082 1171 2117 6274
1200 2078 1275 2116 ἀπὸ
1301 2079 1458 2128 βάθρων
1478 2082 1512 2116 R
1648 2083 1726 2117 τῶν

346 2122 506 2168 πρώτων
525 2124 558 2159 Α
696 2126 788 2162 6276
811 2124 874 2161 καὶ
891 2127 931 2161 Μ
1069 2125 1225 2172 λάμπων
1247 2127 1287 2161 Μ

253 2226 312 2248 sus
335 2214 535 2259 imperitum
548 2242 557 2259 ,
582 2218 786 2263 caeteroqui
806 2230 892 2253 vero
914 2219 1146 2265 magnificum,
1165 2218 1357 2262 liberalem,
1378 2219 1559 2263 urbanum,
1579 2230 1722 2263 magna-

252 2260 402 2304 nimum,
433 2262 683 2296 moderationis
710 2270 747 2297 et
777 2265 966 2309 aequitatis
990 2266 1201 2309 studiosum,
1220 2277 1262 2299 ac
1286 2264 1491 2309 praesertim
1512 2265 1562 2298 ita
1583 2265 1721 2300 munifi-

251 2317 328 2340 cum
355 2311 395 2340 ut
427 2318 506 2340 esse
537 2307 759 2343 liberalitatis
792 2312 965 2354 quoddam
997 2312 1098 2356 quasi
1126 2323 1221 2345 mare
1250 2311 1451 2355 videretur,
1485 2310 1584 2344 cuius
1603 2312 1722 2345 fructu

249 2352 365 2386 multis
399 2352 470 2386 frui
505 2354 698 2397 contingit,
726 2356 916 2390 emittentis
945 2359 1110 2401 quasdam
1134 2357 1236 2402 quasi
1257 2368 1365 2391 venas
1388 2362 1424 2390 et
1441 2357 1665 2391 scaturientis
1683 2356 1722 2390 in

248 2409 378 2431 morem
400 2398 547 2432 auriferi
565 2399 702 2433 Pactoli
722 2401 866 2445 Nilique
891 2403 1103 2447 argentiflui.
1152 2403 1283 2449 quippe
1299 2403 1486 2437 munificas
1513 2402 1624 2448 ipsius
1647 2414 1720 2437 ma—

248 2455 312 2477 nus
333 2449 501 2488 expertae
525 2450 606 2479 sunt
637 2446 798 2480 nationes
820 2447 1003 2492 integrae,
1033 2448 1177 2494 templa,
1204 2460 1391 2494 pauperes.
1440 2453 1516 2482 erat
1540 2449 1631 2483 enim
1651 2449 1718 2483 flu-

248 2489 326 2523 vius
350 2490 482 2534 ubique
507 2496 619 2525 semet
643 2493 844 2536 effundens,
865 2498 902 2527 et
919 2506 1062 2530 munera
1086 2494 1326 2539 copiosissime
1345 2494 1581 2529 distribuebat
1601 2495 1638 2529 in
1657 2507 1719 2530 ae-

247 2547 429 2569 rumnosos
452 2542 617 2581 tanquam
639 2538 677 2571 in
707 2538 846 2572 tubulos
878 2544 914 2573 et
933 2540 1069 2574 canales
1089 2541 1181 2574 haud
1201 2542 1395 2587 perfossos.
1443 2542 1615 2586 superbus
1638 2540 1718 2585 qui-

247 2582 325 2615 dem
349 2582 409 2615 ille
428 2582 585 2627 Xerxes,
616 2584 801 2618 Persarum
832 2596 917 2628 rex,
950 2598 1025 2619 cum
1049 2586 1184 2622 aestivo
1202 2592 1361 2632 tempore
1385 2588 1449 2621 sub
1473 2587 1614 2632 platano
1638 2586 1718 2631 pul—

247 2627 419 2662 cherrima
450 2629 694 2674 recubuisset,
727 2633 887 2665 arborem
918 2633 1128 2666 ornamentis
1151 2632 1313 2667 inanimis
1335 2632 1491 2667 vicissim
1510 2634 1716 2675 cohonesta-

248 2673 324 2708 vit:
355 2678 392 2707 at
423 2674 524 2708 huius
556 2675 777 2722 imperatoris
810 2677 992 2711 beneficiis
1028 2678 1202 2712 continuis
1242 2679 1377 2724 scopuli
1407 2681 1552 2714 arbores
1580 2678 1715 2714 insulae

249 2724 351 2765 prata
373 2719 489 2765 rigata
521 2728 614 2756 sunt.
662 2727 731 2756 tam
758 2734 918 2767 magnum
951 2723 1100 2758 animum
1132 2728 1272 2770 tamque
1304 2725 1511 2771 locupletem
1547 2726 1712 2760 habebat.

249 2765 375 2810 quodsi
409 2767 489 2811 quis
514 2767 589 2802 eius
611 2769 891 2813 magnificentiae
916 2770 1013 2816 cupit
1031 2776 1269 2815 argumentum
1289 2771 1440 2815 habere,
1458 2773 1562 2806 fidem
1583 2771 1635 2805 illi
1657 2771 1713 2804 fa—

250 2812 321 2846 ciet
358 2813 479 2847 domus
511 2813 571 2848 illa
602 2815 884 2859 splendidissime
925 2821 1125 2851 constructa
1155 2819 1199 2852 de
1228 2819 1452 2852 fundamento
1477 2819 1515 2852 in
1549 2819 1714 2852 honorem

249 2858 431 2893 victoriosi
462 2861 564 2896 testis
598 2862 732 2897 Christi
762 2862 942 2907 Gregorii.
999 2864 1062 2898 sed
1095 2863 1187 2899 enim
1220 2864 1281 2910 qui
1304 2866 1394 2900 adeo
1423 2864 1581 2910 fulgebat
1611 2863 1714 2899 bonis
