1864 3242
343 175 436 227 262
864 179 922 226 IN
957 179 1252 224 GEORGIUM

341 289 461 340 μοῦσι
491 283 891 355 προητοιμᾶσθησαν,
935 286 1003 329 καὶ
1029 290 1162 330 πᾶσαν
1188 292 1336 341 θλῖψιν
1362 287 1578 344 ύποφέρειν
1604 285 1669 332 διὰ
1697 289 1768 343 τήν

341 343 601 391 αἰωνίζουσαν
624 339 832 409 ευκληρίαν
859 339 925 394 (ού
943 341 1019 412 γάρ
1037 343 1140 385 ἔστιν
1159 342 1261 393 ολως
1277 347 1352 386 τοῦ
1370 348 1448 386 νῦν
1463 350 1605 416 καιροῦ
1623 344 1671 387 tn?
1689 362 1770 389 πα·-

339 396 523 467 θήματα,
552 414 638 439 καν
650 395 772 440 ὁπόσα
789 414 867 440 καν
885 398 1005 440 ὁποῖά
1023 397 1114 440 ποτ’
1130 397 1180 441 ὃὶν
1201 402 1282 454 εἴη,
1313 398 1413 453 πρὸς
1428 399 1501 454 τήν
1519 401 1771 470 ἐλπιζομένην
1809 417 1813 421 ’

339 450 540 496 αντίδοσιν
558 452 671 522 ἄξια)
683 482 696 502 ,
727 455 762 495 εί
780 455 822 496 δὲ
840 455 907 496 καὶ
925 459 995 508 τῆς
1013 458 1091 496 τῶν
1110 460 1322 510 μισθωτων
1341 454 1693 512 διαμαρτᾶνομεν’
1669 474 1770 512 ομη-

337 506 507 580 γύρεως,
535 526 612 550 καν
627 513 727 563 γοῦν
744 514 795 567 τῇ
814 507 952 568 ἐσχάτῃ
971 513 1090 580 μοίρᾳ
1105 516 1184 553 τῶν
1201 511 1431 565 σωζομένων
1446 513 1771 585 ἔγκαταλέγεσθαι

337 565 405 606 καὶ
423 569 503 606 τῶν
521 567 760 610 δεσποτικῶν
778 562 1086 638 προσταγματων
1107 564 1359 635 ἀντέχεσθαι,
1397 565 1617 618 δεδοικότας
1633 566 1679 610 το
1699 572 1771 622 τῆς

337 619 663 694 περιφρονήσεως
682 622 888 676 ἐπιτίμιον,
914 621 988 676 τὴν
1005 624 1048 664 ἐν
1062 623 1206 692 γεέννῃ
1227 621 1466 693 κατάκρισιν,
1483 625 1550 666 καὶ
1569 622 1635 666 δια
1653 627 1770 666 τοῦτο

336 679 405 719 καὶ
421 677 767 749 προκινδυνεύειν
768 678 921 727 αῦταῒν,
954 680 989 720 εἰ
1006 665 1193 731 δεήσειεν,
1222 680 1306 722 ἐπεὶ
1323 676 1448 731 πόσης
1460 676 1605 729 ἀνοίας
1627 679 1708 722 ἐστὶ
1726 677 1772 722 το

338 751 490 787 μικρων
508 737 705 803 τιμωριῶν
720 751 789 785 τας
809 737 962 788 μείζους
974 736 1041 775 καὶ
1055 735 1308 806 παυροτέρων
1323 734 1510 788 βασάνων
1527 752 1597 785 τας
1617 737 1772 791 διαρκε-

338 790 474 845 στέρας
493 787 757 840 οἲλλάξασθαις
783 791 851 831 καὶ
870 794 1017 844 μᾶλλον
1035 792 1142 859 εἴπερ
1166 793 1210 832 αἴ
1227 790 1298 844 μὲν
1318 792 1363 832 αἱ
1378 794 1553 858 βραχεῖαι
1571 792 1773 860 σωφρονί-

339 849 446 895 ζουσι
474 847 542 887 καὶ
560 843 797 912 καθαίρουσι
816 848 889 898 (τίς
915 863 988 902 γαρ
1016 844 1134 898 ζήσας
1159 844 1231 900 ούχ
1251 845 1445 901 ἤμαρτενς
1473 844 1552 888 dud
1575 845 1706 916 ῥύπον
1727 845 1771 889 δὲ

336 904 396 950 τίς
421 899 646 956 καθαρός),
695 902 740 943 αἱ
765 901 807 943 δὲ
837 899 954 955 λαχος
979 903 1078 943 εἰσὶν
1108 901 1387 955 ἀναφαίρετον.
1443 900 1573 971 ωσπερ
1604 898 1680 958 γάρ
1711 918 1772 951 τις

337 957 526 999 ὁπωσοῦν
553 955 744 1006 ἐπταικώς
764 958 970 1012 ἐκλογῆς’
952 962 1079 1014 εαυτῷ
1100 959 1359 1012 προκειμένης
1379 956 1599 1006 κολασεων,
1637 960 1673 1000 εί
1689 961 1771 1000 τῶν

336 1029 509 1066 τημερον
528 1010 809 1066 κουφοτάτων,
849 1015 1014 1067 μετρίων
1040 1016 1134 1061 ἴσως
1160 1031 1282 1056 τινων
1312 1016 1542 1081 ραπισμων,
1569 1014 1771 1068 προέλοιτο

336 1086 408 1118 τας
434 1070 722 1138 ἐπιπονωτέρας
751 1071 807 1118 εἰς
833 1068 878 1112 τό
898 1070 1021 1139 εξῆς,
1041 1067 1133 1140 ρῖον
1154 1068 1425 1138 στρεβλώσεις,
1464 1070 1605 1119 ζέσεις,
1643 1073 1771 1138 μελῶν

337 1123 516 1178 ἐκτομας,
546 1122 836 1192 αφρονέστατος
854 1122 1021 1178 κρίνοιτ’
1034 1123 1085 1166 ὂῖν
1103 1127 1265 1174 δικαίως
1281 1126 1346 1166 καὶ
1365 1122 1616 1194 ἄλογωτατος,
1645 1141 1771 1173 ουτως

339 1180 363 1222 6
381 1197 461 1223 των
480 1179 568 1232 ἄρτι
586 1178 841 1248 προελόμενος
861 1183 1057 1234 δυσχερῶν
1070 1180 1138 1229 τοὶς
1155 1182 1342 1233 ἐσομένας
1358 1178 1578 1246 ἀλγηδόνας
1597 1181 1639 1222 ἐν
1656 1182 1770 1223 aleam

336 1240 394 1291 τῷ
415 1240 494 1304 τῆς
508 1237 704 1286 ἐκτίσεως,
746 1234 843 1277 ὅταν
867 1235 1031 1277 ἕκαστον
1055 1235 1098 1277 τό
1120 1237 1233 1290 ε’ργον
1255 1233 1395 1277 ὁποῖόν
1413 1237 1491 1278 ἐστι
1509 1233 1701 1306 δοκιμασῃ
1725 1234 1770 1278 τδ

337 1295 439 1345 πῦρ,
469 1288 730 1359 οἷνοητότατός
745 1307 785 1332 τε
802 1292 870 1332 καὶ
891 1289 1145 1340 αθλιώτατος.
1174 1293 1456 1360 παραπλησίως
1471 1291 1582 1333 καὶὸ
1599 1290 1671 1344 τὴν
1691 1295 1771 1332 τῶν

337 1344 579 1417 ἀνθρώπων
601 1364 756 1400 απατην
789 1343 889 1401 ὑπὲρ
926 1346 1001 1400 τήν
1036 1351 1110 1389 τοῦ
1141 1351 1242 1388 θεοῦ
1269 1343 1390 1397 δόξαν
1419 1344 1645 1418 ἠγαπηκώς.
1703 1347 1772 1388 καὶ

339 1405 456 1450 οὗτος
469 1419 543 1457 γαρ
557 1401 679 1452 ὄντως
694 1401 947 1454 τετύφλωται,
968 1404 1035 1445 καὶ
1053 1407 1165 1452 σκιᾶς
1185 1401 1506 1456 ε’πειλημμένος”
1477 1421 1503 1456 η
1522 1420 1619 1456 νηος
1636 1404 1772 1456 ἴχνους

335 1460 381 1507 ἐν
406 1456 551 1500 ύδασιν
575 1460 697 1502 οἴεταί
722 1476 758 1500 τι
786 1460 886 1512 ε’χειν
916 1456 1046 1501 ουδέν.
1104 1460 1291 1531 ἒπείτοιγε
1313 1461 1349 1500 εἰ
1369 1461 1584 1516 φιλοδοξῇ,
1613 1460 1771 1511 ζητείτω

337 1510 455 1564 δόξαν
481 1512 556 1568 τὴν
579 1512 716 1584 αληθῆ
747 1530 787 1556 τε
813 1532 880 1556 και
908 1515 1124 1568 μένουσαν,
1163 1533 1217 1568 μη
1238 1531 1311 1567 την
1334 1516 1583 1584 ψευδομενην
1602 1515 1669 1556 καὶ
1693 1531 1770 1556 ποι-

337 1570 592 1638 ραρρέουσαν,
611 1568 844 1624 ανθρωποις
858 1573 1138 1640 προσκείμενος
1157 1572 1223 1612 καὶ
1241 1575 1327 1626 θεῷ
1346 1567 1624 1622 οἷφισταμενος.
1652 1569 1677 1612 o‘
1694 1587 1769 1625 γαρ

337 1622 574 1693 α’νθρωποις
599 1625 782 1668 σπεύδων
808 1625 986 1681 αρέσκειν
1017 1625 1089 1669 οῦκ
1118 1627 1195 1668 ε’στι
1227 1629 1368 1675 δοῦλος
1392 1630 1592 1696 Χριστοῦ,
1621 1643 1688 1667 και
1708 1623 1771 1674 οἷς

335 1698 482 1731 παντες
498 1682 707 1736 ἅνθρωποι
725 1682 880 1752 λέγουσι
899 1686 1049 1731 καλῶς,
1078 1681 1232 1730 τούτοις
1250 1682 1271 1724 6
1288 1679 1445 1753 α’ληθής
1464 1679 1594 1751 λόγος
1598 1679 1771 1733 ἆποκλη-

337 1743 406 1790 ροῖ
421 1737 466 1779 τό
488 1737 592 1787 οὐαί,
619 1737 697 1779 κᾶν
721 1736 794 1791 ούχ
815 1740 856 1779 οἷ
875 1740 1014 1780 πολλοὶ
1030 1742 1100 1789 τῆς
1119 1739 1207 1789 ἴσης
1223 1737 1382 1791 γνώμης
1402 1737 1510 1790 ημῖν.
1569 1735 1664 1779 αλλα
1684 1734 1770 1790 μήτ’

336 1794 379 1835 ἐν
399 1797 731 1847 πονηρευομένοις
746 1797 1010 1865 παραζηλοῦντ
1022 1792 1315 1845 διδασκόμεθα,
1346 1791 1443 1846 μήτε
1461 1791 1556 1842 τοῦς
1572 1792 1646 1846 τήν
1673 1791 1770 1834 οἶνο-

337 1851 432 1916 μίαν
449 1854 664 1898 ποιοῦντας
683 1853 837 1901 ζηλοῦν,
862 1847 939 1890 κᾶν
962 1867 1071 1891 ουτοι
1087 1851 1248 1904 πατέρες
1269 1847 1360 1898 εἶεν,
1391 1847 1551 1900 αφιέναι
1567 1852 1770 1917 προσῆκον

337 1901 480 1953 αύτους
501 1906 568 1946 καὶ
586 1901 825 1946 ακολουθεῖν
848 1903 974 1947 ὀπίσω
995 1909 1188 1957 Χριστοῦ,
1226 1909 1306 1946 τῶν
1334 1906 1454 1956 ἰχνῶν
1478 1902 1604 1947 αύτοῦ
1626 1901 1769 1958 δεδρα-

335 1966 445 2013 χθαι,
474 1977 552 2001 των
572 1958 693 2003 αὐτοῦ
713 1959 986 2014 δικαιωματων
1005 1962 1225 2014 ἐξέχεσθαι·
1255 1978 1310 2014 μη
1327 1977 1453 2010 ουτως
1470 1957 1545 2015 γάρ
1563 1977 1621 2009 τις
1640 1963 1769 2001 ποιαῖν

337 2015 447 2065 ἄξιος
466 2014 539 2057 ούκ
563 2017 640 2058 ε’στι
664 2021 849 2089 Χριστοῦ.
885 2023 967 2065 τοῖς
984 2015 1178 2066 τοιούτοις
1195 2014 1439 2087 ἐπειγόμενοι
1454 2021 1680 2086 λογισμοῖς
1669 2031 1769 2057 απε-

336 2070 534 2140 λαύνομεν
550 2075 770 2141 παραυτίκα
786 2089 867 2113 των
881 2075 1005 2114 θείων
1024 2087 1155 2125 σηκων
1173 2071 1245 2125 τὴν
1264 2070 1439 2123 οἷνόσιον,
1461 2071 1551 2114 οὕτε
1568 2070 1633 2113 τδν
1654 2069 1769 2124 ἅγιον

338 2125 459 2179 ἅρτον
489 2132 541 2184 τῇ
571 2125 730 2170 αναιδεῖ
756 2129 824 2170 καὶ
851 2126 1065 2183 ακαθάρτῳ
1092 2131 1232 2170 δοῦναι
1256 2127 1541 2196 τολμήσαντες,
1579 2125 1669 2168 ούτε
1690 2142 1769 2179 μην

339 2183 564 2251 ἔμπροσθεν
588 2189 660 2237 τῆς
686 2185 995 2238 καλινδουμένης
1013 2188 1069 2239 τῷ
1085 2189 1156 2237 τῆς
1173 2186 1345 2238 μοιχείας
1362 2181 1542 2238 βορβόρῳ
1561 2183 1655 2230 τοῦς
1668 2186 1768 2234 λαμ-

337 2236 464 2290 προὺς
490 2241 623 2290 βαλεῖν
651 2241 718 2280 καὶ
741 2239 1010 2310 μαργαραίδεις
1027 2227 1167 2294 λόγους
1185 2244 1254 2292 τῆς
1274 2241 1381 2293 ἱερᾶς
1398 2242 1561 2290 τελετῆς.
1607 2236 1707 2279 οθεν
1723 2238 1768 2279 έν

338 2296 461 2348 κυρίῳ
481 2299 743 2348 καρτεροῦμεν
760 2312 806 2336 τα
824 2295 1075 2349 ἐπερχόμενα.
1119 2299 1227 2335 cuius
1251 2298 1440 2334 sententia
1461 2308 1530 2346 per
1545 2308 1608 2332 me
1626 2296 1667 2332 iu
1685 2297 1767 2332 La-

336 2352 466 2387 tinum
495 2363 679 2389 convensa
709 2351 813 2389 edita
842 2360 900 2390 est
929 2366 951 2390 a
978 2352 1199 2391 doctissimo
1219 2352 1381 2390 Odorico
1403 2349 1606 2402 Raynaldo
1627 2353 1768 2388 Anna-

336 2407 436 2443 lium
453 2413 559 2444 tomo
583 2406 644 2447 14.
700 2406 765 2444 hic
776 2407 1009 2457 Spondanus
1030 2421 1130 2445 anno
1155 2408 1258 2449 1255
1275 2419 1383 2444 num.
1408 2409 1456 2447 16
1478 2409 1577 2444 mira
1597 2408 1767 2444 oscitan-

336 2464 390 2498 tia
410 2461 675 2513 Nicephorum
693 2476 715 2500 a
735 2463 969 2514 Blemmyda
993 2463 1153 2500 dividit·
1193 2476 1282 2500 cum
1297 2462 1430 2512 pellex
1453 2465 1535 2500 eius
1555 2462 1765 2513 quaedam,

337 2532 438 2572 quae
457 2521 597 2556 maiori
606 2533 755 2569 pompa
776 2533 896 2570 quam
912 2521 999 2572 ipsa
1019 2518 1090 2555 Aa
1089 2526 1210 2569 gusta
1229 2519 1401 2555 incedere
1422 2532 1587 2556 consuet
1588 2525 1686 2563 erat,
1714 2517 1766 2554 ab

335 2576 513 2625 ingressu
539 2575 675 2625 templi
694 2575 949 2625 Blemmyclae
968 2574 1170 2624 prohzbita
1196 2574 1247 2611 ab
1273 2576 1354 2611 eius
1380 2574 1520 2611 abbate
1544 2573 1765 2623 IViceplzoro

338 2644 507 2680 magnae
525 2632 679 2668 virlzctis
694 2639 811 2681 atque
830 2632 1072 2668 auctoritatis
1091 2632 1173 2667 ι’ἰνο
1194 2637 1265 2667 eto.
1323 2643 1415 2667 sane
1434 2629 1499 2667 hic
1518 2630 1636 2667 abbas
1650 2630 1765 2666 Nice-

337 2684 483 2737 phorus
503 2699 525 2722 a
540 2687 772 2738 Blemmyda
795 2686 965 2725 deiectus
986 2700 1062 2724 uon
1080 2693 1150 2723 est.
1207 2688 1307 2723 Am„

445 2754 484 2791 p-
509 2742 586 2781 111
604 2755 640 2781 V.
662 2744 725 2782 19.
784 2742 1002 2794 φημισθεὶς
1019 2738 1283 2792 αὐτοκράτωρ]
1315 2741 1492 2793 quamvis
1514 2741 1618 2777 enim
1636 2742 1765 2789 impe-

336 2798 487 2847 perium
508 2798 592 2834 iure
610 2796 869 2837 haereditario
890 2798 940 2837 ad
959 2797 1215 2837 Theodorum
1234 2798 1432 2835 Lascarim
1459 2797 1629 2844 veniret,
1673 2796 1765 2847 quia
