1924 3242
305 173 400 218 292

349 292 415 324 χον
438 280 505 315 dici
518 281 586 335 qui
614 283 732 326 postea
751 290 958 336 υπαρχος,
974 281 1014 314 ut

349 337 486 360 necesse
501 326 547 360 sit
561 325 659 360 alium
675 336 750 359 esse
764 322 958 370 ἔπαρχον’
934 323 1009 361 απὸ

350 372 419 405 τοῦ
448 368 629 426 υπάρχου.
675 371 734 405 sed
764 374 799 404 et
830 371 920 425 apud
950 371 1011 405 xi-

377 417 510 450 hilinum
533 417 568 450 in
584 417 733 458 Severo,
755 427 788 461 p.
804 415 885 458 421,
902 416 936 450 in
952 427 1013 450 co-

350 428 425 518 {ice
448 461 602 495 Palatino
628 441 817 506 praefectus
843 461 1011 505 praetorio

349 503 517 550 ὕπαρχος
537 506 680 550 dicitur,
705 507 762 552 qui
783 518 885 541 versu
912 518 1012 552 prae-

351 551 489 585 cedente
522 532 688 596 ἔπαρχος.
735 553 823 596 quod
839 552 921 586 etin
938 552 1013 586 aliis

351 596 571 641 scriptoribus
586 598 770 632 observare
786 602 850 632 est.
864 597 1012 631 eodinus

330 642 394 675 'de
420 642 521 676 offic.
550 655 578 677 c.
593 644 617 678 2
642 655 675 688 p.
695 644 756 677 18:
782 657 802 678 ο
833 641 1012 696 ἕπαρχοςε

351 687 386 720 in
408 698 474 721 uno
499 692 609 722 autem
636 700 678 722 ex
702 687 819 732 Regiis
849 685 1014 730 ν’παρχος

351 731 486 775 legitur.
533 733 826 788 MichaelGlycas
842 746 875 779 p.
891 735 957 768 317
974 745 1012 766 c:

351 778 489 832 γινεται
510 779 649 832 ταῦτα,
674 777 736 812 καὶ
751 775 924 834 ἀναφορὰ
950 776 1013 812 διὰ

352 823 418 856 τοῦ
440 820 611 868 υποξρχου
639 824 690 870 τῷ
726 824 801 869 λαῷ
834 822 1015 868 ἀναγινώ-

353 878 486 903 σκεται.
534 874 568 902 et
583 881 660 903 mox
667 857 836 913 ἔπαρχον
852 869 1014 915 appellat,

354 917 390 947 et
413 925 446 958 p.
475 925 547 967 seq.
583 910 762 958 ὕπαρχον.
821 916 1015 959 praefectus

354 959 521 1002 praetorio
547 957 702 1003 ἔπαρχος
730 959 851 993 dicitur
871 960 1017 994 Novella

354 1003 528 1038 Iustiniani
558 1004 613 1046 50,
651 1005 686 1039 ἰιι
724 1005 879 1039 Basilicis
909 1010 1019 1038 autem

351 1060 528 1093 υπαρχος.
575 1050 766 1095 Xiphilinus
802 1051 838 1084 in
870 1050 1018 1084 Severo.-

355 1092 527 1138 ἐπαρχικὴ
576 1092 746 1137 ἐξουσία,
805 1096 1019 1148 praefectura

356 1140 538 1195 praetorii.-
553 1140 587 1173 in
603 1140 719 1174 codice
734 1141 887 1174 Palatino
902 1145 1019 1183 υπαρ-

354 1183 456 1228 χική,
478 1189 565 1219 teste
581 1186 779 1230 Sylburgio.
827 1187 1019 1231 praefectus

354 1231 430 1264 urbi
455 1230 514 1263 GP
538 1228 694 1274 ἔπαρχος
725 1231 848 1264 dicitur
873 1231 1019 1264 Novella

354 1276 399 1310 77
415 1287 446 1309 c.
463 1277 496 1315 1,
517 1275 550 1308 in
566 1276 790 1330 manuscripto
806 1287 887 1309 vero
899 1273 1020 1318 ν’παρ-

353 1331 428 1363 χος.
475 1324 510 1353 et
532 1320 678 1354 Novella
697 1323 741 1356 70
764 1317 1021 1364 υπαρχότητος

356 1365 489 1398 nomine
498 1366 686 1399 continetur
722 1367 911 1400 raefectura
920 1377 1021 1410 prae-

356 1409 434 1443 torii
451 1413 487 1443 et
502 1410 676 1463 utriusque
691 1377 830 1444 Romae.
876 1411 1021 1464 denique

357 1456 523 1493 praefecti
539 1455 612 1488 urbi
635 1452 794 1500 ὕπαρχοι
814 1455 995 1490 dicuntur
985 1467 1020 1489 ιιι

356 1499 448 1534 Nov.
473 1501 530 1535 79.
564 1500 612 1534 ibi
638 1501 731 1545 (των
759 1513 798 1535 τε
827 1498 1020 1543 ἐνδοξοτά-

356 1557 432 1578 των
461 1542 638 1588 ὐπαρχων
675 1547 743 1591 τῆς
771 1545 1021 1602 πρεσβυτέρας

356 1587 511 1634 Ριόμης)
543 1591 672 1634 legend
667 1603 718 1626 ιιιι
750 1593 814 1635 τῆς
847 1590 1022 1635 ἑκατέρας

354 1633 402 1669 P.
422 1636 472 1669 sic
486 1636 568 1678 legit
582 1636 727 1670 Iulianus
741 1641 956 1677 Antecessor,
974 1637 1022 1670 sic

359 1684 456 1714 vetus
483 1681 697 1715 Novellarum
718 1682 897 1736 interpres.
943 1683 1023 1715 item

357 1725 510 1758 Zosimus
533 1726 740 1770 praefectum
763 1727 839 1761 urbi
860 1728 927 1771 τῆς
951 1725 1019 1761 πό-

360 1771 448 1809 λεως
476 1766 645 1813 ’ὕπαρχον
678 1779 781 1806 vocat
806 1774 828 1806 l.
845 1775 878 1808 2.
894 1774 917 1806 4
937 1774 1022 1807 et6.

359 1819 394 1848 et
416 1815 622 1869 praefectum
655 1818 839 1862 praetorio
856 1814 1023 1860 ν’παρχον

359 1859 426 1903 τῆς
447 1858 597 1903 αὐλῆςι.
614 1862 683 1915 21).
701 1862 779 1898 674.
823 1863 1024 1896 Theodore-

362 1910 417 1938 tus
441 1903 643 1957 cyrensis
624 1902 792 1951 ν’παρχον
814 1908 1022 1953 simpliciter,

363 1955 401 1983 ut
424 1949 576 1991 videtur,
608 1951 632 1986 l
654 1954 675 1986 4
697 1953 731 1986 in
748 1954 919 1987 Danielem
937 1965 967 1988 c.
986 1955 1020 1988 6.

361 1995 404 2028 de
428 1995 528 2029 variis
551 1997 771 2041 Theophanis
794 1999 876 2032 locis
891 1999 955 2032 hoc
970 1998 1023 2032 di-

362 2051 434 2073 cam
460 2044 609 2082 tantum,
651 2043 699 2077 ibi
721 2043 855 2077 variare
889 2044 1023 2078 codices

361 2095 460 2118 manu
483 2091 663 2139 exaratos,
696 2092 730 2122 et
753 2089 851 2122 modo
869 2087 1024 2132 ἔπαρχος

362 2127 493 2164 modo
474 2127 640 2174 ν’παρχος
655 2134 768 2167 scribi.
813 2135 1023 2179 frequentius

362 2179 486 2215 tamen,
507 2180 544 2209 ut
558 2178 702 2220 videtur,
720 2181 909 2223 praefectus
908 2191 1024 2234 prae-

361 2220 451 2253 torio
468 2219 623 2264 ἔπαρχος
645 2223 765 2257 dicitur
788 2236 886 2268 quam
901 2221 1024 2268 ὕπαρ-

364 2276 437 2308 χος
462 2266 740 2319 Theophylactus
749 2269 936 2304 Simocatta
947 2270 1024 2304 hist.

363 2310 505 2345 Mauric.
531 2311 553 2344 l.
567 2313 588 2345 8
608 2324 637 2345 c.
654 2314 698 2347 9.
718 2313 798 2369 τὴν
827 2311 1024 2357 ἡγεμονίαν

363 2354 437 2388 ttfiv
461 2353 605 2412 φόρων
616 2357 683 2400 τῆς
715 2356 809 2405 &lulag
826 2371 916 2413 προ
925 2372 1025 2399 τινος
1077 2380 1079 2384 ’

363 2401 495 2455 καιροῦ
533 2398 609 2435 υπὸ
645 2403 712 2436 τοῦ
752 2402 1026 2448 αὐτοκράτορος

364 2442 568 2489 απειλήφει.
602 2447 687 2481 Ιιιιιιο
714 2448 823 2482 locum
851 2449 886 2482 in
908 2450 1025 2483 mendo

366 2491 492 2524 cubare
514 2491 655 2526 nondum
677 2494 954 2528 animadversum.
977 2494 1026 2527 sic

364 2535 470 2592 igitur
483 2536 722 2572 restituendum
739 2543 842 2594 puto·
874 2538 936 2572 uoci
959 2536 1027 2582 τήν

366 2582 564 2623 ηγεμονίαν
594 2583 662 2626 τῆς
701 2581 796 2639 ὲῳας
836 2584 1026 2629 (expunctis

363 2626 493 2659 duabus
507 2627 662 2671 vocibus)
677 2627 751 2671 πρό
774 2642 803 2666 τ.
829 2632 1026 2673 praefectu-

366 2682 444 2704 ram
461 2671 610 2707 Orientis
631 2674 674 2707 ab
694 2675 897 2719 imperatore
917 2675 1028 2719 paulo

368 2721 448 2750 ants
470 2723 657 2771 acceperat.
698 2731 796 2764 quem
819 2721 1026 2773 praefectum

365 2762 532 2805 praetorio
547 2763 691 2798 Romani
714 2765 897 2810 appellant.
942 2765 1026 2799 Phi-

367 2806 545 2852 luston-gius
559 2807 638 2844 hist.
654 2810 786 2845 Eccles.
803 2812 826 2846 3
848 2812 910 2846 28:
932 2807 1023 2845 ἄπο-

717 175 775 218 ΙΝ
778 174 898 217 DEX
934 175 1346 219 GRAMMATICUS.

1101 279 1235 315 στέλλει
1253 278 1487 335 Δομετιανὸν
1510 278 1669 338 ἔπαρχον
1691 282 1765 317 τῶν

1100 323 1334 369 καλουμένων
1353 326 1587 370 πραιτωρίων
1615 341 1636 362 ο
1660 329 1764 362 Κων-

1103 370 1282 411 στάντιος.
1329 371 1477 405 Codinus
1493 372 1538 406 de
1562 372 1667 407 ome.
1692 382 1727 408 c.
1739 375 1764 409 2

1104 428 1136 462 p.
1154 418 1200 451 42
1215 428 1254 450 c.
1281 415 1501 460 δορυφόρων
1524 415 1681 463 ἔπαρχος
1695 417 1763 453 ml

1102 461 1347 505 πραιτωρίων.
1393 463 1503 497 Fun.

1057 504 1264 550 ἐπεγκοτεῖν
1283 507 1384 542 3063.

1056 550 1216 596 ἐπέγνων
1233 551 1256 585 i.
1273 563 1304 585 e.
1330 549 1539 595 ἐπέγνωσαν
1549 552 1651 593 5972,
1662 553 1764 588 6259.

1057 565 1321 650 ἐπεντρανίζειν
1343 597 1445 640 2843,
1461 598 1564 641 3321,
1585 597 1689 633 3893.

1057 639 1321 676 ἐπικαταθύειν
1349 642 1449 677 2025.

1060 685 1339 741 ἐπιμαρμαίρειν
1365 688 1440 721 198.

1059 730 1300 775 ἐπιμετιόπιος
1321 733 1423 766 4786.

1060 776 1272 817 ἐπίπαππος
1294 776 1394 812 6204.

1060 822 1392 866 ἐπιφιλοτιμεῖσθαι
1415 822 1515 858 3044.

1061 867 1139 912 ἐπιχ
1143 868 1265 903 άσκειν
1281 870 1310 902 1.

1062 881 1248 958 ἓπτχοὶριθμ
1251 925 1288 947 οι
1309 913 1411 952 6428,
1433 911 1535 947 6455.

1063 958 1346 1004 ἐρασιχρήματος
1366 958 1467 993 2095.

1063 1002 1230 1049 ἐργατεία
1254 1005 1335 1039 337.

1064 1048 1290 1106 ἐργόμοχθος
1313 1049 1415 1083 5931.

1064 1093 1296 1150 ἓρυθραυγής
1321 1095 1398 1129 120.

1064 1138 1345 1194 ἐρυθρόβαπτος
1368 1140 1444 1174 127.

1063 1184 1156 1242 ἐρυθ
1158 1183 1383 1239 ροσήμαντος
1400 1182 1500 1218 5546.

1064 1229 1102 1275 ἐρ
1104 1233 1178 1274 υθρ
1182 1229 1202 1264 o'
1205 1232 1340 1273 φυλλος
1361 1229 1462 1263 4769.

1064 1244 1102 1318 ἐρ
1104 1243 1178 1309 υθρ
1158 1287 1255 1319 ρωος
1276 1275 1377 1309 2707.

1065 1288 1293 1364 ἐρωτοδέση
1316 1319 1418 1353 5823.

1065 1364 1360 1418 ἐρωτοκρατητος
1383 1364 1482 1399 1874

1064 1408 1431 1454 ἐρωτοληπτούμενος
1453 1408 1531 1444 528.

1065 1455 1205 1510 ἐρωτομ
1209 1454 1296 1489 ανία
1318 1454 1396 1489 553.

1065 1499 1322 1557 ἐρωτότρωτος
1342 1500 1444 1535 6486.

1067 1545 1317 1591 ἓταιρειάρχης
1328 1544 1434 1579 5562:
1460 1541 1675 1596 praepositus
1693 1541 1772 1576 belli

1110 1593 1210 1627 sociis
1249 1598 1284 1624 et
1311 1590 1503 1623 foederatis.
1559 1587 1771 1622 Glossarium

1112 1637 1211 1671 Petri
1236 1635 1404 1690 Seguierii
1427 1633 1596 1668 Franciae
1610 1632 1776 1667 cancella·

1112 1682 1172 1716 rii:
1222 1677 1453 1747 ἑταιριοὶρχιλς
1484 1676 1638 1735 ἀξίιιομα.
1704 1678 1776 1732 Lep

1115 1726 1378 1760 Grammaticus.
1412 1737 1455 1764 ος
1468 1722 1559 1768 μετὰ
1583 1723 1703 1758 ταῦτα
1718 1720 1775 1767 γε’-

1113 1783 1220 1828 γονεν
1254 1768 1499 1825 ἑταιριάρχης.
1557 1773 1633 1803 erat
1664 1773 1777 1804 autem

1115 1816 1277 1872 ἑταιρεία
1302 1817 1446 1861 duplex
1476 1812 1500 1859 ἡ
1527 1812 1678 1869 μεγάλη
1691 1818 1727 1848 et
1751 1809 1773 1868 ᾗ

1114 1860 1243 1918 μικρά,
1276 1862 1391 1916 eisque
1422 1860 1640 1916 praepositus
1659 1856 1679 1893 ὁ
1713 1855 1776 1901 μέ-

1113 1905 1422 1996 ἔὲῗξαέῖῗῗῆξὲἕ
1427 1902 1668 1989 .”ῗ.ῗ.ἴέῗὲἒὲ
1684 1903 1776 2003 ᾱῖῗξί

1113 1999 1234 2043 μανοῦ
1259 1994 1567 2052 πρωτοπροέὸρου
1590 1995 1654 2030 καὶ.
1667 1992 1776 2038 μεγά-

1114 2047 1179 2079 λου
1211 2040 1453 2087 ἑταιριάρχου.
1500 2042 1729 2076 Cantacuzen.
1758 2043 1777 2075 1

1115 2091 1173 2125 55.
1201 2089 1350 2123 eodinus
1373 2089 1416 2122 de
1439 2087 1544 2121 offic.
1569 2098 1599 2120 c.
1622 2087 1696 2131 2ρ.
1715 2085 1776 2120 39:

1114 2132 1225 2191 μέγας
1242 2131 1492 2189 ἑταιριοὶρχης,
1514 2135 1549 2165 et
1564 2143 1598 2176 p.
1613 2130 1682 2166 41:
1714 2129 1778 2164 καὶ

1116 2179 1162 2224 δὴ
1180 2177 1254 2223 μετ’
1271 2175 1386 2214 αὐτὸν
1401 2174 1632 2220 ἑταιριαρχης
1653 2173 1777 2219 μέγας,

1115 2227 1269 2260 vertunt:
1293 2235 1438 2269 magnus
1461 2223 1779 2265 confoederatorum

1116 2273 1204 2312 dux,
1230 2273 1265 2303 et
1277 2275 1356 2313 post
1379 2280 1454 2302 eum
1476 2279 1625 2312 maguus
1639 2269 1776 2308 confoe-

1116 2317 1313 2350 aeratos-um
1328 2314 1408 2348 dux.
1453 2312 1640 2346 debuerant
1654 2312 1778 2358 ubique

1109 2361 1387 2403 foederatorum.-
1419 2369 1495 2392 nam
1521 2357 1778 2394 confoederatus

1116 2405 1261 2438 barbare
1275 2404 1415 2445 dicitur,
1431 2415 1491 2448 pro
1506 2402 1718 2448 foederatus,
1739 2408 1778 2438 ut

1115 2450 1179 2483 iam
1204 2450 1330 2483 monuit
1354 2449 1496 2483 Vossius
1525 2448 1567 2482 de
1592 2448 1683 2482 vitiis
1704 2460 1776 2484 ser-

1118 2494 1223 2528 monis
1238 2506 1267 2528 c.
1286 2496 1327 2528 19
1344 2494 1428 2528 etin
1445 2494 1557 2527 Indice
1571 2505 1689 2528 vocum
1697 2496 1778 2529 bar-

1115 2540 1284 2574 bararum.
1304 2539 1376 2573 sive
1397 2553 1417 2575 ο
1434 2539 1500 2583 τῆς
1514 2536 1670 2583 μεγάλης
1681 2538 1775 2574 ἑται-

1118 2585 1219 2628 ρείας
1235 2590 1268 2619 et
1283 2581 1303 2619 ὁ
1321 2585 1386 2628 τῆς
1400 2584 1779 2639 ptu91393auctorano-

1118 2641 1237 2674 nymus
1267 2629 1351 2685 περι
1382 2627 1640 2669 καταστάσεως
1669 2627 1776 2665 auu-

1116 2686 1228 2709 κτον.-
1257 2672 1351 2709 κατοὶ
1382 2673 1422 2709 δὲ
1455 2674 1602 2720 βόρειον
1622 2672 1774 2719 μέρος
1754 2690 1774 2711 ο

1116 2718 1777 2812 3³1}0‘33“'.}.⁷¹{ffffifflssffltgssszsgssss

1119 2811 1306 2846 σακελλίου
1338 2813 1428 2858 apud
1462 2807 1732 2847 Cantacuzenum
1756 2812 1780 2845 3
