1864 3242
308 186 406 255 240
827 189 888 234 m
922 188 1219 235 enonemm

308 297 521 343 obtinebat,
550 297 736 336 adimere.
793 298 955 350 gerebat
975 300 1057 350 ipse
1069 314 1146 350 pro
1171 300 1401 350 imperatore
1427 299 1634 346 Graeciae,
1668 299 1748 339 Ve-

308 355 391 392 neti
409 354 626 404 aliquando
647 362 765 392 antea
788 356 1123 402 instauraverant,
1151 356 1226 393 illa
1256 369 1301 393 ex
1329 357 1536 407 improviso
1555 357 1747 394 savinae-

309 411 421 448 derat
433 410 649 458 praesidio.
717 412 859 450 Veneto
881 413 1015 463 itaque
1034 413 1185 449 nomini
1198 411 1500 462 gratificaturus
1516 413 1745 463 imperator,

310 473 394 503 tum
427 466 522 516 quia
556 467 713 517 imperii
740 467 942 504 aemulum
977 468 1127 519 infimae
1150 468 1302 514 oderat,
1340 467 1556 520 aliquando
1585 469 1745 520 Dyrra-

307 522 440 559 chium
469 521 631 572 frustra
667 525 926 574 oppugnavit.
995 524 1217 561 Theodorus
1246 525 1401 561 interim
1426 525 1544 574 pac-ie
1570 525 1746 562 eludium

307 577 566 623 assimulans,
594 578 911 617 Antisiodorensi
933 581 1174 625 insinuatus,
1203 593 1248 616 ex
1270 579 1377 617 hoste
1397 579 1504 617 brevi
1513 579 1572 628 fit
1590 579 1740 630 hospes.

307 635 579 683 imperatorem
605 636 738 686 itaque
764 637 923 673 comiter
948 637 1159 673 invitatum
1188 635 1312 673 medio
1330 636 1506 673 convivio
1521 634 1756 681 obtruncat,

307 703 430 741 neque
446 690 596 741 foedus
618 705 744 742 nuper
768 693 889 728 ictum
914 705 1038 742 neque
1063 691 1276 741 hospitalia
1301 693 1391 728 iura
1415 692 1613 729 reveritus.
1673 691 1749 728 alii

307 747 413 782 eirca
438 759 659 784 nemorosae
695 748 917 785 Thessaliae
944 748 1049 793 loca,
1078 761 1178 798 quae
1204 749 1344 798 Tempe
1360 753 1519 793 vocant,
1546 745 1746 784 imidiie·a

316 802 511 840 Theodoro
543 810 743 853 exceptum
779 803 972 850 scribunt,
1007 811 1127 856 atque
1155 805 1198 841 in
1217 811 1449 856 potestatem
1474 802 1677 841 redactum
1701 804 1746 840 in

306 858 478 896 vinculis
498 866 755 897 asservatum.
815 861 916 898 Am..

421 939 462 976 p·
481 927 534 967 29
555 940 594 964 v.
612 928 652 966 9.
711 925 776 968 ἐπὶ
797 929 853 982 τῷ
873 927 951 981 υἱῷ
968 925 1236 979 παραδίδωσι]
1262 926 1381 963 Belae
1405 923 1432 966 4
1461 926 1545 964 eius
1573 925 1746 964 nominis

307 982 504 1032 Ungariae
535 984 639 1032 regi,
668 981 850 1020 Andreae
872 986 921 1031 2,
954 984 1016 1019 cui
1036 996 1088 1019 ex
1109 983 1464 1033 Hierosoly-mitam.
1493 981 1746 1033 expeditione

308 1050 528 1088 cognomen
549 1039 901 1089 Hierosolymitani
916 1037 1093 1076 adhaesit
1114 1040 1301 1090 cuiusque
1320 1036 1385 1075 hic
1403 1039 1550 1075 mentio
1574 1037 1637 1086 fit,
1663 1037 1746 1075 filio

307 1107 408 1130 uxor
430 1095 504 1131 fuit
524 1096 668 1142 Maria,
701 1096 934 1132 testantibus
953 1096 1200 1145 Ungarorum
1220 1094 1445 1142 annalibus,
1479 1106 1598 1145 quam
1615 1095 1747 1144 impe-

308 1151 445 1187 ratoris
474 1151 713 1188 Graecorum
739 1151 861 1187 filiam
887 1151 1008 1187 fuisse
1037 1150 1257 1197 affirmant3
1286 1151 1433 1186 Anton.
1450 1148 1653 1187 Bonfiuius
1674 1147 1747 1186 de·-

309 1204 393 1244 cad.
405 1208 430 1245 2
450 1206 520 1242 lib.
533 1209 573 1246 7.
605 1208 673 1257 qui
689 1219 834 1243 nomen
851 1208 972 1256 patris
992 1207 1241 1256 exprimeret,
1260 1211 1413 1255 praeter
1429 1205 1748 1243 EliamReusne-

308 1274 409 1308 rum,
440 1260 522 1297 vidi
540 1264 756 1298 neminem.
803 1260 868 1298 hic
886 1263 927 1297 iu
949 1262 1207 1310 Genealogico
1229 1259 1322 1297 dicit
1341 1260 1462 1297 fuisse
1477 1260 1748 1298 Emmanuelis

306 1318 404 1367 imp.
425 1316 570 1364 filiam3
599 1318 642 1353 in
662 1329 739 1368 quo
758 1317 920 1354 fallitur.
979 1329 1032 1353 ex
1048 1315 1268 1367 Logotheta
1286 1317 1451 1352 Mariam
1480 1315 1616 1367 (Belae
1637 1314 1676 1364 4,
1704 1322 1748 1354 ut

306 1374 458 1422 opinor,
479 1372 703 1424 coniugem)
735 1373 837 1409 clare
857 1371 1060 1410 Theodori
1078 1373 1255 1409 Lascaris
1273 1372 1394 1409 fuisse
1408 1371 1531 1408 fillam
1547 1371 1747 1410 discimus.

305 1440 426 1480 quare
449 1428 698 1478 castigandus
719 1427 785 1465 hic
806 1430 888 1466 eius
910 1442 1027 1475 error,
1050 1429 1294 1480 aliorumque
1310 1427 1505 1477 fortassis,
1526 1429 1595 1480 qui
1616 1429 1748 1479 ipsum

303 1491 521 1536 sequuntur
544 1491 610 1522 aut
635 1497 733 1537 quos
754 1487 839 1536 ipse
862 1483 980 1522 duces
1001 1483 1134 1522 habet.
1190 1485 1351 1522 DoUSA.

416 1550 470 1588 ib.
495 1564 534 1591 v.
558 1553 624 1593 10.
672 1548 846 1602 ’'Avvnv]
876 1547 1060 1603 Εἰρήνην
1083 1549 1332 1589 scribendum
1354 1549 1487 1588 statim
1505 1547 1747 1600 praeceden-

302 1607 357 1644 tia
378 1613 416 1644 et
434 1620 532 1645 mox
551 1609 757 1659 sequentia
775 1610 869 1646 satis
890 1608 1098 1645 manifesto
1120 1606 1348 1654 ostendunt,
1376 1612 1419 1642 ut
1447 1605 1626 1656 pluribus
1648 1618 1746 1656 opus

301 1676 381 1700 non
400 1664 450 1700 sit
469 1662 520 1700 ad
539 1664 741 1714 vulgatam
763 1666 996 1716 scripturam
1022 1662 1334 1715 redarguendam
1356 1674 1402 1699 ac
1424 1659 1746 1699 convincendam.

302 1720 466 1757 Dousi.

371 1820 375 1825 x
417 1785 471 1822 ib.
499 1799 538 1823 v.
563 1787 629 1826 13.
685 1781 874 1837 Ἰωοὶννην
901 1782 967 1826 τὸν
991 1781 1132 1826 Δούκα
1156 1787 1229 1825 τοῦ
1249 1779 1448 1836 Βατᾶτζη]
1478 1786 1644 1822 Ioannes
1666 1785 1747 1821 Ba-

304 1841 423 1892 ptista
456 1843 671 1892 Egnatius,
717 1843 977 1892 Cuspinianus
1013 1849 1051 1879 et
1081 1843 1147 1878 alii
1176 1840 1282 1878 hunc
1315 1839 1554 1888 Iohannem,
1585 1841 1748 1877 Ducam

305 1898 517 1934 Batatzem
547 1905 827 1948 cognomento,
867 1905 1044 1949 corrupte
1075 1896 1292 1935 Iohannem
1321 1895 1648 1948 Diplobatazium
1674 1908 1747 1934 vo·-

305 1959 408 1990 cant.
465 1955 627 1991 DOUSA.

415 2019 467 2056 ib.
494 2033 533 2058 v.
558 2022 622 2061 16.
679 2016 847 2073 ἠγάγετο
879 2017 922 2060 δὲ
949 2019 989 2068 ἐξ
1016 2016 1254 2071 Ἀρμενίων]
1291 2017 1408 2056 huius
1443 2019 1634 2069 Gregoras
1665 2030 1746 2054 non

302 2077 506 2124 meminit,
538 2077 607 2127 qui
632 2077 766 2114 scribit
795 2076 999 2113 demortua
1029 2077 1157 2126 prima
1187 2089 1311 2113 uxore
1343 2073 1554 2112 secundam
1585 2073 1745 2112 duxisse

304 2144 478 2168 sororem
495 2133 655 2169 Roberti
669 2134 915 2184 imperatoris
938 2133 1133 2182 Cpolitani
1152 2145 1192 2182 p.
1213 2135 1262 2172 21
1295 2133 1363 2171 20.
1419 2132 1521 2167 Ant..

413 2211 453 2247 p-
476 2202 529 2239 30
553 2212 592 2236 v-
618 2201 682 2240 10.
741 2198 850 2251 μέχρι
868 2197 933 2238 καὶ
956 2193 1083 2237 αὐτοῦ
1097 2201 1168 2237 τοῦ
1188 2195 1430 2248 Νυμφαίου]
1460 2197 1584 2233 multa
1604 2193 1653 2232 de
1671 2209 1745 2232 ex-

301 2251 568 2303 peditionibus
598 2255 830 2292 Latinorum
858 2256 900 2291 in
931 2255 1087 2293 Oriente
1113 2260 1244 2291 narrat
1265 2251 1454 2290 choniata
1473 2254 1515 2289 iu
1532 2251 1744 2290 Balduino.

299 2311 404 2346 Am..

414 2362 468 2401 ib.
493 2376 533 2401 v.
556 2366 623 2404 19.
681 2361 968 2415 Νεοκᾶστρων]
998 2366 1112 2401 Anna
1130 2365 1327 2402 comnena
1345 2363 1415 2400 lib.
1436 2361 1501 2403 14.
1556 2359 1657 2399 Amj.

412 2419 466 2456 ib.
490 2432 530 2457 v.
551 2422 618 2460 22.
677 2419 840 2458 Μολδία
868 2419 936 2458 καὶ
961 2416 1120 2470 ὀψίκια]
1153 2419 1201 2456 de
1221 2418 1392 2456 themate
1422 2417 1609 2470 Obsequii
1626 2430 1744 2468 supra

301 2474 498 2528 quaedam
517 2475 718 2512 attulimus
737 2476 778 2511 in
796 2475 919 2521 noti53
953 2476 1116 2515 Μολδία
1136 2474 1290 2513 videtur
1309 2475 1535 2511 Moldavia.
1581 2476 1743 2511 DOUSA.

411 2545 452 2581 p.
477 2532 529 2572 31
550 2544 588 2567 v.
610 2528 650 2570 4.
703 2527 868 2582 Ἐρρῆς]
896 2530 1082 2567 Balduini
1111 2532 1231 2568 frater
1254 2537 1343 2582 post
1367 2537 1534 2567 mortem
1557 2528 1743 2567 Balduini

303 2588 429 2624 tenuit
451 2592 489 2623 et
507 2587 738 2636 gubernavit
756 2587 967 2637 imperimn
985 2587 1234 2637 Cpolitanum
1253 2599 1401 2623 annum
1418 2599 1542 2623 unum
1567 2593 1605 2623 et
1627 2599 1743 2624 men-

305 2656 367 2681 ses
398 2648 581 2695 quattuor
613 2642 760 2694 absque
787 2643 1037 2692 imperatorio
1066 2643 1202 2679 titulo:
1230 2644 1381 2679 nemini
1405 2644 1531 2690 euim,
1561 2643 1616 2679 ita
1637 2642 1744 2683 refe-,-

304 2704 413 2736 rente
432 2699 566 2735 Niceta
585 2710 626 2748 p.
647 2697 727 2738 847
754 2699 781 2738 7
793 2726 803 2747 ,
836 2698 1085 2749 popularium
1101 2711 1261 2736 suorum
1276 2700 1387 2748 regni
1403 2698 1743 2748 inaugurationem

305 2753 526 2792 condonare
544 2754 774 2802 voluerunt,
804 2755 882 2791 nisi
902 2752 1086 2790 Balduini
1105 2760 1230 2791 morte
1252 2755 1475 2805 explorata,
1507 2752 1614 2806 quod
1632 2765 1743 2791 sum-

304 2823 464 2862 mopere
483 2808 649 2848 laudans
671 2808 862 2848 Choniata
883 2810 925 2847 in
944 2822 1034 2849 suos
1056 2810 1223 2849 Graecos
1242 2809 1454 2850 invehitur.
1511 2812 1612 2848 Am..
