1924 3242
317 145 383 192 70
708 142 939 189 GEORGII
964 142 1340 211 ACROPOLITAE

322 258 454 307 ἀδείας
490 255 732 315 δραξάμενος
766 256 985 312 ἐπεχείρησε
1016 255 1087 310 τὴν
1115 253 1324 309 βασιλικὴν
1353 257 1570 316 καταλῦσαι
1601 257 1762 308 κλῆσιν44

319 325 391 379 τὴν
412 325 738 381 ἕπιιιημιζομένην
758 328 813 382 τῷ
828 322 988 379 Ἰωάννῃ
1007 327 1063 380 τῷ
1083 323 1156 380 υἱῷ
1173 327 1243 366 τοῦ
1255 322 1448 377 Ἀγγέλου.
1498 323 1564 365 καὶ
1582 326 1738 377 πρῶτον

320 391 544 446 μηνύμασιν
568 390 812 434 ὗποποιεΐται
839 391 908 434 τὸν
937 390 1058 433 αὐτοῦ
1086 390 1236 446 πατέρα
1262 387 1482 446 Θεόδωρον.
1548 390 1614 431 καὶ
1638 390 1739 442 δῆτα

323 457 404 508 οἷος
421 460 561 507 ἐκεῖνος
581 457 815 515 ἀπροόπτως
833 459 1035 514 ἐπιχειρῶν
1055 459 1096 499 ἐν
1112 464 1194 506 τοῖς
1209 455 1434 513 πράγμασι,
1463 456 1586 510 μηδέν
1601 472 1640 498 τι
1660 459 1738 498 τῶν

322 526 630 579 συμβησομένων
655 525 806 568 amasim
827 526 1082 582 προσέρχεται
1102 529 1157 582 τῷ
1172 522 1499 580 βασιλεῖἸωάννῃ
1509 554 1522 574 ,
1555 523 1619 564 καὶ
1639 520 1771 564 ὕπο-5

323 593 472 646 δέχεται
491 593 611 635 αὐτὸν
629 587 744 643 οὗτος
763 594 940 647 ἀσμένως
957 594 1020 634 καὶ
1037 593 1237 645 τετίμηκε,
1271 588 1383 633 θεῖόν
1411 608 1451 633 τε
1477 594 1615 633 τοῦτον
1640 589 1739 634 ἄπο-

269 663 299 696 Ῑ)
323 663 452 703 καλῶν
477 661 550 702 κάν
570 665 618 717 τῇ
637 661 758 702 αὐτοῦ
785 661 1033 716 συγκαθίζων
1051 659 1220 715 τραπέζῃ
1252 660 1317 699 καὶ
1346 662 1424 700 τῶν
1453 660 1598 699 λοιπῶν
1627 659 1744 714 qni&
1792 677 1795 680 ·

323 726 588 783 φρονημάτων
607 726 854 781 μεταδιὸούς.
923 728 1002 768 ἐπεὶ
1026 728 1068 768 δὲ
1087 731 1226 770 τοῦτον
1249 727 1289 767 ἐν
1306 731 1439 782 χεροῖν
1458 723 1568 778 ἴσχεν
1583 722 1604 766 ὅ
1622 727 1744 778 βασι-

323 793 424 843 λεύς,
444 794 551 847 ἔτι-χε
571 795 612 836 δὲ
629 797 692 837 καὶ
714 802 800 844 ταῖς
816 795 937 837 αὐτοῦ
962 792 1150 847 δυνάμεσι
1171 799 1257 843 ταῖς
1269 791 1505 846 Ῥωμαϊκαῖς
1519 789 1746 848 στράτευμα

324 860 540 914 ἀξιόμαχον
558 863 774 918 προστεθὲν
793 864 834 903 ἐκ
855 865 1027 913 Σκυθῶν
1055 859 1237 916 (τούτους
1264 861 1340 917 γὰρ
1367 859 1443 916 πρὸ
1469 860 1641 916 βραχέος
1664 856 1745 901 δώ·
1759 863 1801 900 10

326 945 410 983 ροις
429 946 469 970 τε
495 931 559 970 καὶ
580 928 776 979 (δεξιώσεσι
795 931 987 978 ποικίλαις
1012 927 1032 969 ὁ
1061 928 1248 982 βασιλεὺς
1264 926 1446 981 Ἰωάννης
1461 924 1687 983 χειροήθεις
1705 942 1748 968 τε

325 997 528 1050 πεποίηκεν
560 998 600 1046 ἐξ
629 997 865 1052 ἄγριωτέρου
894 1001 964 1039 τοῦ
992 996 1139 1050 ἤθους,
1183 997 1248 1037 καὶ
1279 1000 1350 1049 τῆς
1373 992 1623 1038 Μακεδόνων
1651 992 1748 1035 ‹2⁷15-

326 1079 451 1105 σπασε
471 1065 534 1104 καὶ
555 1063 653 1120 πρὸς
669 1064 719 1106 τὰ
737 1068 807 1118 τῆς
825 1064 876 1104 ἕω
897 1064 1097 1120 διεπέρασε
1118 1062 1261 1119 μέρη),
1296 1060 1450 1112 τούτοις
1472 1065 1624 1115 μᾶλλον
1639 1064 1749 1116 θαρ-

327 1128 474 1185 ρήσας,
513 1132 578 1172 καὶ
606 1132 727 1185 μηδέν
751 1149 787 1174 τι
811 1131 934 1172 δεινὸν
955 1132 996 1171 ἐκ
1017 1129 1260 1186 Βουλγάρων
1277 1131 1508 1186 προσδοκῶν
1527 1128 1572 1171 τὸ
1591 1127 1663 1181 μὲν
1683 1127 1751 1169 διὰ

326 1197 399 1245 τὰς
416 1198 668 1252 γεγενημένας
687 1198 860 1246 σπονδὰς
877 1198 921 1239 τὸ
944 1198 1068 1238 δὲκαὶ
1099 1197 1166 1238 διὰ
1192 1197 1236 1238 τὸ
1262 1195 1339 1238 ὑπὸ
1367 1197 1570 1252 μειρακίου
1595 1195 1648 1237 τὰ
1673 1198 1752 1237 τῶν
1764 1198 1806 1234 15

328 1263 571 1320 Βουλγάρων
606 1263 880 1318 ὁιεξάγεσθαι,
929 1263 1088 1319 ἀπάρας
1125 1268 1196 1317 τῆς
1226 1263 1277 1304 ἕω
1312 1262 1332 1304 ὅ
1360 1261 1548 1316 βασιλεὺς
1573 1262 1639 1303 καὶ
1663 1262 1753 1304 δια-

329 1333 565 1385 περαιωθεὶς
582 1331 648 1373 τὸν
662 1329 948 1384 Ἑλλήσποντον
961 1361 973 1381 ,
1010 1330 1083 1379 τὰς
1106 1331 1147 1371 ἐκ
1169 1335 1247 1372 τῶν
1261 1328 1490 1383 Ῥωμαὶκῶν
1506 1327 1755 1386 στρατευμά-

311 1414 407 1439 -των
437 1397 620 1450 δυνάμεις
643 1400 708 1439 καὶ
738 1398 810 1446 τὰς
840 1399 881 1438 ἐκ
908 1402 988 1439 τῶν
1007 1400 1180 1439 Σκυθῶν
1206 1398 1305 1451 μεθ’
1340 1396 1481 1440 ἑαυτοῦ
1511 1396 1610 1451 ἔχων
1634 1401 1761 1454 χωρεῖ

330 1465 430 1506 κατὰ
452 1470 522 1506 τοῦ
543 1467 582 1507 ἓν
605 1465 874 1520 Θεσσαλονίκῃ
895 1465 1159 1520 φημιζομένων
1176 1464 1397 1518 βασιλεύειν
1413 1462 1609 1507 Ἰωάννου.
1676 1465 1756 1506 ἐπεὶ

330 1532 373 1573 δὲ
393 1536 575 1587 παρῆλθε
606 1532 658 1574 τὰ
689 1537 760 1586 τῆς
782 1531 945 1590 Θρᾴκης
975 1534 1039 1574 καὶ
1060 1534 1315 1583 Mazedovlag
1339 1534 1491 1589 χωρία,
1525 1531 1602 1586 ἤδη
1625 1531 1668 1572 ὁὲ
1689 1532 1812 1576 amizo

331 1599 402 1652 τὴν
422 1602 471 1639 Χ
468 1598 716 1656 ριστούπολιν
737 1598 964 1655 παρήμειψε
989 1600 1053 1640 καὶ
1071 1599 1139 1642 τὸν
1158 1598 1381 1656 Στρυμόνα,
1419 1604 1472 1656 τῷ
1491 1600 1670 1656 φρουρίῳ
1690 1603 1760 1652 τῆς
1831 1597 1837 1601 ’

214 1671 241 1704 P
265 1672 310 1707 36
325 1664 516 1721 Ῥεντιίἠς
543 1667 756 1723 προσέσχεν
780 1665 857 1708 ὖπό
887 1684 1003 1711 τινων
1030 1667 1256 1724 τηρουμένῳ
1287 1671 1365 1709 τῶν
1384 1664 1589 1718 Ἰωάννου,
1629 1665 1675 1708 οἳ
1695 1667 1763 1708 καὶ

426 1795 444 1828 1
468 1792 653 1838 βασιλικὴν
684 1790 810 1827 αὐτῶν
831 1805 910 1828 κατ.
935 1793 966 1827 D
1100 1794 1123 1829 3
1143 1792 1204 1828 καὶ
1226 1794 1318 1838 δῆτα
1332 1810 1376 1820 -
1393 1794 1415 1828 5
1433 1789 1597 1837 anteusus]
1622 1791 1642 1828 ὁ
1668 1789 1707 1827 δὲ
1728 1793 1761 1827 D

428 1840 470 1872 10
493 1837 564 1881 πρὸ
590 1837 743 1883 βραχέος
766 1850 818 1872 om
841 1839 872 1872 D
971 1839 1012 1874 11
1037 1850 1074 1873 τε
1099 1850 1152 1872 om
1175 1839 1206 1872 D
1296 1839 1475 1878 ποικίλαις
1497 1850 1549 1872 om
1572 1838 1604 1872 D
1693 1849 1762 1882 χει-

425 1881 574 1925 ροήθεις
595 1884 789 1926 πεποίηκεν
814 1882 833 1918 ὁ
859 1883 1025 1928 βασιλεὺς
1048 1882 1084 1925 ἐξ
1107 1884 1138 1917 D
1230 1885 1272 1919 13
1294 1881 1387 1926 πρὸς
1408 1881 1475 1928 τήν
1497 1881 1544 1918 ἕω
1566 1883 1619 1928 D,
1642 1884 1762 1917 omisso

424 1926 544 2006 ῧέρηυ
604 1930 651 2008 15ἐ
668 1929 741 1985 τῷν
765 1941 815 1983 ⁰¹3}
838 1929 869 1962 D
962 1931 1004 1964 17
1027 1930 1102 2009 ιἰρῑν
1125 1940 1178 1963 om
1199 1929 1231 1963 D
1322 1930 1364 1964 19
1387 1929 1489 1964 Θεσσ.
1510 1926 1763 1975 βασιλεύοντος

451 1985 489 2007 ω.
653 1985 712 2008 πει
730 1994 772 2000 -
789 1984 936 2009 απασαν
959 1986 1012 2009 om
1068 2000 1078 2010 .

338 2084 519 2129 Bulgariae
540 2085 745 2131 imperante,
781 2087 952 2121 occasione
974 2088 1109 2132 arrepta
1129 2086 1380 2132 appellationem
1404 2085 1668 2131 imperatoriam,
1699 2097 1765 2130 qua

338 2130 479 2163 loannes
503 2131 620 2175 Angeli
643 2132 731 2165 filius
758 2133 938 2176 gestiebat,
980 2133 1103 2167 debere
1126 2133 1187 2167 sibi
1210 2133 1244 2166 in
1265 2132 1372 2166 animo
1393 2142 1592 2176 proponens,
1626 2130 1765 2176 primum

340 2175 552 2209 Theodorum
576 2176 664 2210 illius
689 2181 815 2222 patrem
836 2178 949 2211 nuntio
971 2178 1139 2212 seductum
1154 2178 1215 2211 sibi
1234 2177 1407 2218 conciliat,
1444 2176 1501 2220 qui
1518 2181 1671 2220 tanquam
1685 2181 1766 2210 tunc

341 2230 458 2252 recens
478 2231 533 2253 res
559 2232 755 2265 aggressus,
789 2222 867 2255 nihil
883 2234 995 2256 eorum
1011 2234 1095 2267 quae
1111 2222 1304 2266 contingere
1318 2226 1474 2265 poterant
1487 2221 1692 2266 suspicatus,
1708 2221 1766 2254 'ad

342 2263 495 2296 Ioannem
511 2265 740 2308 imperatorem
756 2277 792 2299 se
807 2268 947 2301 confert.
981 2268 1161 2312 imperator
1176 2279 1250 2300 eum
1268 2266 1391 2310 excipit
1407 2265 1642 2307 lubentissime,
1661 2266 1768 2299 hono-

342 2308 433 2341 ribus
461 2309 566 2342 afficit
579 2337 588 2353 ,
620 2314 835 2355 patruumque
849 2323 969 2345 vocans
987 2323 1098 2346 mensa
1113 2324 1153 2346 ac
1167 2311 1301 2356 reliquis
1317 2311 1526 2345 humanitatis
1542 2311 1660 2344 officiis
1676 2322 1768 2345 com-

343 2353 531 2388 municavit.
578 2360 752 2398 postquam
769 2367 841 2388 eum
855 2356 888 2389 in
903 2362 1101 2401 potestatem
1117 2357 1248 2399 habuit,
1282 2361 1317 2389 et
1331 2367 1396 2388 non
1411 2356 1666 2389 contemnendus
1681 2358 1770 2390 esset

344 2410 363 2432 e
379 2398 514 2441 Scythis
530 2399 714 2442 exercitus,
746 2411 829 2444 quos
854 2412 917 2433 non
942 2402 1060 2436 multos
1078 2407 1154 2435 ante
1169 2402 1240 2435 dies
1259 2400 1446 2434 muneribus
1461 2401 1626 2445 variisque
1641 2401 1769 2435 benefi-

345 2443 404 2476 ciis
420 2444 482 2477 sibi
498 2443 670 2477 devinctos
692 2450 793 2488 atque
809 2456 850 2478 ex
865 2446 1105 2480 immanioribus
1120 2447 1264 2480 moribus
1280 2450 1315 2479 et
1331 2446 1526 2479 Macedonia
1542 2446 1722 2480 distractos
1735 2446 1770 2479 in

345 2488 537 2522 orientalem
555 2500 646 2522 oram
661 2489 842 2522 deduxerat
853 2515 863 2531 ‚
887 2491 967 2523 satis
983 2491 1088 2524 animo
1104 2496 1194 2525 certo
1210 2497 1245 2525 et
1261 2491 1453 2524 confirmato
1473 2491 1552 2525 nihil
1566 2491 1629 2525 sibi
1644 2491 1780 2524 incom-'

345 2533 433 2566 modi
448 2545 468 2567 a
483 2533 636 2577 Bulgaris
651 2535 902 2579 pertimescens,
934 2536 1051 2580 partim
1078 2541 1216 2581 propter
1238 2541 1339 2580 pacta
1361 2547 1431 2569 cum
1454 2537 1501 2570 eis
1515 2536 1617 2577 inita,
1651 2536 1771 2580 partim

345 2578 433 2622 quod
449 2589 505 2611 res
521 2579 738 2622 Bulgarorum
755 2591 775 2612 a
789 2591 892 2624 puero
907 2586 1120 2624 regerentur,
1144 2593 1184 2614 ex
1202 2581 1340 2614 Oriente
1355 2581 1486 2615 solvens
1497 2608 1507 2625 ‚
1542 2580 1774 2626 praeternavi-

345 2628 424 2667 gato
444 2623 657 2669 Hellesponto
668 2652 678 2668 ,
701 2636 811 2658 secum
829 2636 893 2658 una
909 2630 943 2658 et
959 2627 1179 2659 Romanarum
1196 2626 1362 2670 copiarum
1381 2631 1415 2660 et
1430 2627 1628 2670 Scytharum
1645 2624 1773 2660 auxiliis

347 2668 498 2702 advectis
521 2670 682 2703 adversus
707 2671 862 2703 Ioannem
878 2671 1134 2704 Thessalonicae
1158 2671 1366 2714 imperatoris
1390 2671 1451 2704 sibi
1469 2683 1587 2705 nomen
1601 2671 1772 2706 vindican-

271 2704 285 2724 ”
346 2717 413 2747 tem
438 2714 540 2747 aciem
565 2714 709 2750 instruit.
756 2720 789 2749 et
813 2726 885 2748 cum
908 2715 1092 2758 Thraciae,
1127 2727 1166 2750 ac
1187 2717 1404 2750 Macedoniae
1429 2717 1551 2762 oppida
1573 2718 1774 2761 superasset,

346 2758 580 2804 christopolim
596 2764 631 2794 et
645 2761 856 2804 Strymonem
871 2762 1075 2806 praeteriens
1092 2761 1258 2795 Reatinae
1274 2762 1410 2796 castello
1429 2773 1450 2796 a
1468 2760 1774 2797 nonnullisloannis
