1864 3242
328 167 422 216 224
849 171 910 215 IN
942 172 1236 216 GEORGIUM

326 279 415 331 lege
436 274 645 330 Ὄφικίου,
671 277 1014 348 quemadmodum
1041 288 1173 318 noster
1190 286 1338 332 postea.
1393 281 1458 319 vel
1485 289 1588 321 certe
1615 282 1756 334 ψίκιον

328 342 501 373 truncate
521 326 703 371 dixerunt
717 348 786 386 pro
801 331 999 385 Ὀψίκιον,
1027 343 1070 374 ut
1087 339 1256 387 μοῦλτυν
1273 349 1343 388 pro
1362 338 1547 387 tumultu,
1575 346 1613 376 et
1629 339 1754 377 multa

329 392 445 439 talia,
476 403 574 442 quae
594 392 740 458 passim
763 392 804 427 iu
825 391 1021 429 Glossario
1045 393 1265 430 observavit
1283 391 1526 432 doctissimus
1547 396 1756 434 Meursius.

324 446 495 498 θέματος
522 448 595 485 τοῦ
622 442 805 495 Ὀψικίου
831 449 1010 484 meminit
1038 450 1157 485 etiam
1181 451 1353 486 Zonaras
1375 450 1519 487 Annal.
1542 457 1639 488 tom.
1662 452 1687 491 3
1713 451 1756 488 iu

327 503 577 539 Constantino
609 502 876 553 Copronymo:
916 504 1146 554 provinciae
1182 503 1332 541 Obsicii
1356 505 1471 542 vertit
1494 507 1755 572 Hieronymus

325 557 510 595 Wolfius.
567 564 606 594 at
624 558 728 608 θὲμα
752 557 878 610 (quod
899 558 1061 607 erudite,
1081 567 1124 596 ut
1144 561 1288 626 omnia,
1310 558 1422 597 docet
1441 561 1652 612 Mem-sius)
1672 563 1756 613 pri-

324 615 444 650 mitus
463 626 533 663 pro
556 613 711 663 legione
731 615 1010 665 accipiebatur,
1048 628 1147 666 quae
1174 617 1395 666 provinciae
1417 617 1535 654 alicui
1558 618 1756 669 imposita.

324 668 416 706 hinc
440 670 682 706 Glossarium
703 677 814 707 vetus
845 673 894 708 H.
923 669 1137 721 Stephani.
1168 671 1268 721 legio
1282 667 1417 722 τάξις,
1446 671 1564 724 θέμα.
1621 679 1758 725 postea

323 725 431 776 ipsae
454 726 674 776 provinciae
701 726 888 763 translato
913 728 1071 763 nomine
1099 728 1153 763 ita
1169 727 1358 777 appellari
1376 735 1608 779 coeperunt3
1651 727 1759 780 quod

324 781 458 818 multis
482 782 674 832 exemplis
691 782 830 832 probat
852 782 1087 819 clarissimus
1110 780 1436 833 Glossographus.
1494 783 1600 836 quod
1627 791 1758 822 autem

325 835 432 887 θέμα
449 831 653 886 Ὀψικίον,
693 844 730 874 et
752 850 827 888 quo
843 837 981 875 mundi
1005 838 1159 875 climate
1177 839 1315 887 fuerit,
1349 837 1473 877 disces
1495 853 1547 877 ex
1566 841 1761 878 Constan-

323 893 406 929 tino
422 891 793 943 Porphyrogenneta
813 892 958 930 Them.
976 895 1120 931 orient.
1142 894 1189 934 4·
1180 921 1190 941 ,
1222 907 1340 945 quem
1363 895 1564 932 aureolum
1580 896 1760 933 libellum

329 947 516 985 debemus
537 950 583 987 V.
607 949 649 986 C.
669 950 963 986 Bonaventurae
983 950 1183 996 Vulcanio‚
1209 957 1252 986 ut
1269 949 1445 987 eiusdem
1461 953 1627 989 auctoris
1646 952 1760 989 Occi-

330 1003 501 1041 dentalia
517 1002 692 1041 themata
704 1003 905 1042 Frederico
927 1005 1119 1053 Morellio,
1142 1006 1246 1055 regio
1266 1004 1371 1057 apud
1389 1007 1522 1045 Gallos
1541 1007 1759 1058 interpreti.

328 1061 489 1097 DousA.

439 1129 479 1166 p.
501 1118 549 1157 13
570 1128 609 1153 v.
630 1116 695 1157 18.
753 1112 851 1152 haec
871 1111 1017 1166 Βοᾶρις
1041 1128 1130 1152 cum
1150 1115 1334 1167 nuspiam
1354 1122 1544 1154 terrarum
1571 1115 1671 1156 mihi
1691 1131 1760 1156 oc-

331 1179 517 1219 curt-etet,
559 1178 798 1222 corruptum
819 1185 902 1208 esse
943 1172 1175 1207 vocabulum
1207 1170 1375 1208 iudicavi
1406 1179 1444 1209 et
1471 1172 1761 1212 emendandum

295 1222 300 1227 “
330 1225 512 1276 Βόριστες
551 1226 602 1263 ad
627 1239 745 1278 quam
777 1226 1091 1264 emendationem
1120 1225 1219 1263 mihi
1237 1229 1391 1264 Nicetas
1414 1227 1543 1264 facem
1563 1230 1761 1281 praeluxit

328 1285 369 1320 iu
391 1283 571 1326 Manuele
588 1283 784 1319 Comneno
804 1282 874 1319 lib.
892 1285 941 1322 2.
971 1278 1081 1328 πόλις
1098 1297 1195 1321 κατα
1216 1279 1290 1332 τήν
1307 1285 1385 1321 τῶν
1399 1283 1762 1350 Αἵγαιονιελαγιτων

327 1353 457 1390 χωραν
481 1338 698 1385 τειχίζεται,
743 1337 852 1387 Βᾶρη
881 1336 947 1376 καὶ
967 1333 1155 1376 Αυλωνία
1175 1336 1424 1389 παρωνύμως
1453 1338 1493 1386 ἐς
1519 1338 1574 1379 ἔτι
1603 1335 1762 1391 ω’νομα-

326 1393 462 1444 σμὲνη.
518 1394 639 1430 Baris
660 1406 700 1430 ei
702 1406 750 1443 go
770 1393 820 1429 ad
840 1396 1039 1442 Aegaeum
1062 1394 1228 1444 Pelagus
1250 1394 1355 1442 urbs,
1386 1404 1486 1448 quae
1509 1402 1547 1432 et
1561 1395 1760 1442 Λιιῖοιιία,

329 1452 428 1487 circa
446 1450 743 1499 Hellespontum
765 1450 920 1486 alicubi.
966 1451 1136 1497 nansi.

435 1519 475 1556 p.
503 1508 550 1544 14
571 1519 608 1541 v.
629 1505 668 1545 5.
727 1501 953 1556 Θεόδωρος]
983 1504 1215 1542 Theodorus
1236 1511 1492 1555 cognomento
1502 1504 1760 1557 Mangaphas‚

327 1563 452 1612 patria
471 1559 850 1611 Philadelphiensis‚
891 1567 1015 1597 aetate
1043 1562 1181 1598 Isaacii
1211 1562 1355 1611 Angeli
1381 1562 1569 1599 Comneni
1595 1575 1760 1613 regnum

328 1617 535 1665 affectans,
563 1618 737 1668 primum
763 1619 846 1654 eius
867 1617 974 1659 urbis
994 1617 1151 1667 plebem
1173 1616 1471 1654 audacissimam
1487 1619 1563 1655 sibi
1579 1619 1759 1656 conciliat

328 1680 367 1711 et
384 1671 631 1710 iureiurando
650 1672 875 1723 adstringit,
914 1671 1113 1724 Lydisque
1134 1673 1314 1710 omuibus
1335 1671 1385 1709 ad
1403 1671 1662 1710 defectionem
1681 1675 1760 1710 im·-

326 1730 449 1779 pulsis
469 1730 620 1779 regium
639 1741 782 1765 nomen
804 1730 1003 1779 usurpavit
1023 1735 1061 1765 et
1088 1735 1312 1778 argenteam
1330 1735 1529 1765 monetam
1549 1742 1638 1766 cum
1657 1731 1761 1767 ima-

328 1786 418 1835 gine
442 1798 510 1822 sua
533 1785 734 1835 percussit.
792 1782 919 1821 derisa
937 1785 1047 1821 initio
1069 1783 1233 1820 defectio
1254 1784 1341 1820 fuit.
1399 1797 1488 1821 cum
1510 1784 1761 1835 postmodum

329 1847 574 1890 augesceret,
622 1839 722 1876 nihii
741 1838 1003 1876 cunctandum
1022 1847 1126 1876 ratus
1147 1840 1315 1877 Isaacius
1336 1838 1535 1877 hominem
1557 1839 1761 1878 Philadel-

328 1895 445 1947 phiae
482 1895 646 1933 obsidet.
705 1909 794 1932 cum
821 1895 1002 1932 diuturna
1033 1894 1233 1932 obsidione
1266 1896 1403 1932 urbem
1438 1895 1488 1932 ad
1521 1895 1758 1933 deditionem

329 1953 564 2002 compellere
582 1965 660 1988 non
676 1958 819 2001 posset,
849 1952 1056 2001 paciscitur
1078 1952 1126 1989 iis
1151 1950 1440 1988 condicionibus
1462 1958 1504 1988 ut
1526 1950 1758 1990 Theodotus

330 2007 516 2058 depositis
541 2009 650 2057 regni
673 2007 911 2057 insignibus,
948 2008 1131 2057 privatim
1153 2014 1242 2056 agat
1265 2009 1445 2058 civesque
1473 2009 1509 2044 ei
1533 2014 1694 2058 pareant
1715 2014 1760 2045 ut

329 2066 458 2114 prius,
508 2071 546 2100 et
576 2062 774 2100 obsidibus
804 2064 969 2113 acceptis
995 2064 1230 2113 Byzantium
1257 2065 1471 2100 revertitur.
1527 2075 1607 2100 non
1633 2064 1757 2100 multo

330 2127 418 2169 post
437 2120 607 2157 Basilius
630 2121 806 2156 Batatzes
831 2119 1020 2169 plurimos
1037 2117 1282 2168 Mangaphae
1302 2120 1518 2155 coniuratos
1538 2119 1758 2168 largitioni-

330 2175 402 2212 bus
434 2177 621 2225 corrupit,
660 2174 864 2226 effecitque
885 2181 928 2211 ut
948 2175 1042 2211 urbe
1064 2175 1292 2225 pelleretur3
1332 2175 1399 2225 qui
1417 2173 1467 2210 ad
1485 2171 1759 2211 Chaicosroem

329 2232 452 2267 Iconii
472 2231 678 2267 Sultanum
701 2231 889 2281 profugus
917 2231 1065 2266 auxilia
1094 2237 1224 2267 contra
1251 2231 1446 2266 Romanos
1470 2241 1550 2265 nou
1568 2231 1759 2279 impetra-

330 2288 407 2332 vit,
449 2286 614 2322 obtinuit
642 2293 773 2322 tamen
800 2293 843 2323 ut
869 2287 991 2322 Turci
1013 2286 1150 2332 liberi,
1194 2286 1261 2336 qui
1290 2297 1380 2320 arcu
1410 2290 1446 2320 et
1468 2283 1650 2350 pharetra
1667 2285 1759 2322 freti

329 2343 525 2378 Romanos
545 2339 842 2390 praedabantur,
874 2343 1162 2378 asciscerentur.
1205 2342 1260 2377 sic
1279 2352 1358 2376 non
1376 2342 1505 2389 parvis
1525 2342 1645 2390 copiis
1663 2354 1759 2377 con-

329 2398 461 2434 tractis
481 2395 656 2447 Phryges
675 2395 935 2432 Laodicenses
961 2409 1034 2433 nec
1060 2409 1140 2433 nou
1165 2397 1411 2432 Colosseuses
1433 2396 1648 2433 innumeris
1676 2397 1759 2433 cla-

332 2452 445 2489 dibus
465 2451 605 2499 affecit,
623 2452 828 2501 mancipiis
851 2452 994 2487 civium
1011 2464 1170 2488 suorum
1190 2457 1227 2488 et
1243 2452 1426 2487 iumentis
1445 2449 1633 2499 abductis,
1657 2452 1759 2488 areis

331 2511 478 2545 aestivo
499 2515 672 2558 tempore
690 2507 872 2553 incensis,
902 2513 940 2543 et
959 2507 1083 2543 obviis
1103 2506 1319 2558 quibusque
1337 2504 1521 2543 hostilem
1538 2508 1578 2543 iu
1595 2506 1759 2544 modum

329 2566 514 2601 tractatis.
571 2561 774 2600 Michaelis
797 2574 951 2614 quoque
973 2560 1239 2612 archistrategi
1260 2562 1471 2612 templum,
1510 2575 1607 2613 opus
1624 2563 1758 2599 maxi-

331 2633 442 2657 mum
462 2627 499 2656 et
519 2619 834 2666 celeberrimum,
863 2616 1019 2654 incendi
1035 2630 1172 2668 passus
1194 2624 1263 2656 est.
1320 2616 1570 2668 postmodum
1594 2617 1644 2654 ad
1663 2618 1759 2655 Sul-

332 2683 468 2713 tanum
492 2675 630 2712 rediit:
670 2673 740 2712 sed
759 2675 968 2724 imperator
986 2673 1255 2723 largitionibus
1276 2674 1497 2724 impetravit
1521 2680 1564 2710 ut
1591 2674 1658 2709 ille
1687 2672 1758 2709 de-

333 2739 457 2769 sertus
479 2744 500 2768 a
515 2732 677 2768 sultano
696 2743 740 2766 ac
758 2728 933 2780 proditus
952 2728 1003 2765 ad
1020 2742 1061 2766 se
1075 2731 1305 2776 mitteretur,
1325 2742 1369 2766 ea
1385 2736 1517 2765 tamen
1532 2728 1758 2765 condicione

334 2795 377 2824 ut
411 2787 668 2824 defectionem
707 2799 780 2822 neo
821 2786 946 2835 capite
980 2797 1053 2821 nec
1088 2785 1331 2822 mutilatione
1363 2786 1613 2836 laesioneque
1640 2784 1759 2822 ulli-us
