1872 3236
1708 43 1717 59 ι’·
1738 40 1783 69 -ςιὶῑ
1806 42 1807 45 ’
1826 38 1827 41 ’
1870 34 1872 47 ²

307 213 400 261 178
691 206 1064 255 CONSTANTINI
1104 207 1222 252 MAN
1222 207 1367 253 ASSIS

303 327 414 371 4140
434 322 490 376 ὦς
506 326 631 379 δῆθεν
652 322 727 377 οὐχ
749 321 955 366 ὖπείκουσι
968 319 1432 380 χερσὶκριοκοπούσαις·

438 393 464 449 ἡ
486 393 562 450 γάρ
586 409 648 435 τοι
667 392 891 448 περιπέτεια
917 395 988 445 τῆς
1008 388 1278 446 παλιντρόπου
1300 387 1424 444 τύχης

441 462 669 517 ἓξέκρουσεν
689 460 732 502 ἐκ
747 465 820 514 τῆς
838 463 975 515 ψυχῆς
993 460 1059 500 καὶ
1077 462 1151 500 τοῦ
1168 458 1261 507 νοὸς
1287 458 1435 500 ἐκείνου

440 530 486 573 τὸ
503 527 648 570 “nom
670 529 742 583 τὴν
765 527 1060 584 στερρόπυργον
1079 525 1128 568 ἂν
1147 526 1206 580 μὴ
1230 524 1328 574 θεὸς
1349 525 1522 584 φυλάξῃ,

441 600 497 647 εἷς
517 595 648 651 μάτην
669 597 873 638 ἐκοπίασεν
890 594 911 638 ὃ
930 593 1077 649 ταύτης
1102 592 1378 649 τειχοφύλαξ.”

306 665 415 710 4145
433 665 579 721 χρόνον
595 665 668 718 μὲν
685 658 756 707 οὖν
774 665 836 706 ἐπὶ
859 662 1017 720 βραχὺν
1036 662 1073 704 οἱ
1090 661 1164 703 σὺν
1183 661 1390 717 Θεοδοσίῳ

438 735 485 776 τὸ
507 732 680 787 θελητὸν
702 731 774 774 οὐκ
795 731 939 786 ἤνυον,
975 729 1042 772 οἶα
1061 726 1383 786 πυργοφυλάκων

441 801 698 855 ἀμυνομένων
715 804 918 856 καρτερῶς
936 800 1002 840 καὶ
1023 796 1190 846 τούτους
1207 794 1496 853 ἄπειργόντων·
1530 822 1533 824 -

442 870 522 912 ἐπεὶ
550 870 588 910 δ’
612 868 777 910 ἀπεῖπον
797 870 839 909 ἐκ
855 870 1006 908 πολλοῦ
1022 867 1089 907 καὶ
1110 869 1300 918 συνεχοῦς
1317 863 1516 918 καμάτου,

440 936 641 992 μεθύουσι
661 936 756 985 τούς
778 934 963 992 φύλακας
985 934 1154 975 ε’λπίδων
1172 939 1256 982 τοῖς
1274 937 1483 989 κρατῆρσι,

196 1009 227 1044 P
250 1008 293 1044 85
313 1006 423 1050 4150
444 1007 510 1048 καὶ
530 1004 599 1047 τὸν
611 1002 765 1060 χρυσὸν
782 1002 960 1045 ἑλέπολιν
975 1001 1132 1056 ἄμαχον
1150 999 1445 1057 προσλαβόντες

435 1073 646 1130 ὓπέρτεροί
659 1089 700 1114 τε
721 1073 893 1126 γίνονται
915 1074 994 1112 τῶν
1017 1069 1336 1122 ἐναντιουμένων,

441 1144 507 1184 καὶ
528 1139 682 1197 νύκτωρ
706 1139 816 1181 ἔνδον
834 1143 913 1181 τῶν
933 1142 1069 1180 πυλῶν
1089 1135 1144 1188 ὡς
1158 1141 1286 1193 θῆρες
1304 1132 1584 1192 εἰσδραμόντες

441 1208 645 1267 ἔλάφυξαν
668 1207 718 1249 τὰ
740 1206 933 1264 χρήματα
956 1204 1088 1260 πάσης
1103 1209 1294 1259 λαμπρᾶς
1310 1205 1450 1255 οῗκίας,

439 1280 505 1320 καὶ
526 1277 621 1326 τοὺς
636 1277 845 1324 κατοίκους
862 1274 1014 1324 ἔδειξαν
1034 1272 1205 1325 πένητας
1221 1273 1262 1321 ἒξ
1282 1270 1443 1324 ὀλβίων,

303 1347 414 1390 4155
436 1347 479 1388 ἐκ
505 1342 768 1399 πολυχρύσων
791 1338 1024 1397 πενιχρούς,
1058 1338 1233 1394 γυμνοὺς
1251 1339 1293 1388 ἐξ
1314 1337 1574 1396 εὐπαρύφων,

436 1413 483 1457 τὸ
502 1411 649 1470 κράτος
668 1411 712 1452 δ’
741 1408 1007 1466 ἐκρατύναντο
1030 1410 1207 1463 στερρῶς
1229 1406 1447 1463 Θεοδοσίῳ.

439 1481 485 1531 ὃς
504 1480 647 1538 ὅρκους
666 1478 812 1535 φρίκης
833 1477 1027 1532 γέμοντας
1048 1475 1259 1529 ἐκπέμψας
1270 1473 1465 1532 Ἀρτεμίῳ

440 1547 604 1598 πάθους
626 1546 774 1595 παντὸς
797 1545 1012 1601 ἀπείρατον
1032 1542 1153 1586 αὐτὸν
1171 1540 1442 1599 διατηρήσειν,

442 1616 490 1660 ἂν
511 1615 705 1673 πρότερον
727 1615 952 1669 ἕκθερισθῇ
971 1616 1043 1665 τῆς
1065 1613 1246 1667 κεφαλῆς
1263 1610 1336 1659 τὰς
1354 1612 1507 1667 τρίχας,

305 1687 416 1729 4160
436 1684 509 1739 τὴν
532 1684 696 1726 κόλασιν
717 1683 921 1736 ε’πιμετρεῖ
933 1681 1072 1735 μέχρις
1086 1677 1314 1734 ὑπερορίας.

253 1751 283 1787 Β
442 1753 546 1795 ἀλλὰ
563 1753 628 1793 καὶ
652 1752 794 1792 τοῦτον
810 1749 912 1805 πρὸς
928 1748 1074 1803 μικρὸν
1091 1744 1332 1801 γευσάμενον
1352 1749 1424 1788 τοῦ
1441 1742 1614 1801 κράτους

441 1821 486 1865 τὸ
511 1821 624 1870 κλέος
636 1819 681 1861 τὸ
704 1819 907 1871 βασίλειον
925 1820 1077 1857 θᾶττον
1102 1811 1380 1867 ἄπολιμπάνει,

394 1982 487 2019 4140
519 1978 707 2024 ’ὑπήκουσε
751 1979 789 2014 Μ
956 1973 1244 2019 κρεοκοπούσαις
1273 1974 1328 2019 R,
1368 1971 1686 2019 χρεωκοπτούσαις
1723 1974 1763 2008 Μ

394 2030 483 2064 4141
507 2024 783 2069 παλινστρόφου
805 2025 836 2059 Α
978 2023 1070 2057 4152
1092 2019 1321 2061 εἰσελθόντες
1339 2020 1390 2062 Α,
1417 2020 1698 2064 εἰσδραμοῦντες
1717 2021 1764 2063 R,

395 2071 664 2119 ἕνδραμοῦντες
677 2071 717 2106 Μ
851 2069 943 2106 4158
966 2066 1191 2113 ἀπείραντον
1212 2067 1247 2102 R
1382 2065 1474 2101 4162
1499 2065 1636 2111 κράτος
1652 2066 1692 2100 Μ
1739 2113 1744 2118 .

306 2219 462 2258 manibus
484 2218 624 2253 minime
643 2229 783 2252 cessura
804 2216 982 2261 sperabat.
1029 2211 1156 2249 etenim
1173 2216 1318 2259 propter
1339 2212 1488 2247 subitam
1509 2213 1672 2246 fortunae
1689 2222 1763 2246 mu-

305 2267 473 2304 tationem
491 2267 534 2298 de
555 2268 730 2309 potestate
755 2263 859 2296 animi
881 2268 916 2296 et
937 2261 1060 2294 mentis
1086 2260 1257 2294 exiverat.
1304 2259 1340 2292 ni
1364 2259 1449 2292 deus
1468 2258 1632 2292 inunitam
1653 2259 1762 2292 turri—

306 2315 373 2349 bus
392 2311 499 2348 firmis
518 2310 696 2343 civitatem
720 2308 914 2350 custodiat,
937 2308 1068 2340 frustra
1089 2310 1204 2339 custos
1227 2314 1397 2338 murorum
1419 2303 1493 2337 eius
1516 2303 1664 2337 laborat.
1692 2303 1761 2348 igi-

308 2365 366 2394 tur
389 2355 588 2401 aliquandiu
611 2352 850 2387 Theodosiani
869 2353 995 2386 milites
1016 2363 1135 2396 parum
1157 2350 1388 2395 proficiebant
1406 2349 1443 2382 in
1461 2349 1662 2391 obsidione,
1685 2353 1762 2383 tur·

305 2405 396 2440 rium
412 2400 729 2447 propugnatoribus
756 2411 795 2432 se
821 2397 962 2434 fortiter
987 2394 1254 2431 defendentibus
1285 2400 1321 2428 et
1346 2395 1478 2428 hostem
1504 2393 1763 2428 reficientibus:

307 2455 346 2485 at
368 2453 592 2494 posteaquam
620 2445 646 2478 ii
670 2445 773 2488 longo
808 2443 1040 2488 continuoque
1072 2442 1192 2476 labore
1225 2440 1481 2484 fatigabantur,
1523 2440 1763 2474 Theodosiani

306 2495 470 2530 custodes
494 2497 530 2525 et
548 2489 793 2536 praesidiarios
814 2489 969 2522 Nicaeae
986 2489 1230 2532 promissorum
1255 2485 1387 2530 poculis
1412 2485 1609 2529 inebriant,
1634 2489 1671 2520 et
1697 2496 1760 2519 au-

302 2551 379 2575 rum
392 2566 402 2584 ‚
426 2540 668 2573 subversorem
686 2535 821 2569 scilicet
842 2534 979 2567 urbium
997 2529 1318 2578 inexpugnabilem,
1342 2531 1379 2564 in
1397 2531 1560 2565 auxilium
1579 2541 1759 2565 arcessen-

304 2592 384 2629 tes,
407 2583 619 2618 adversariis
650 2581 848 2626 superiores
877 2580 1041 2613 evadunt.
1090 2579 1156 2612 hoc
1180 2577 1279 2611 modo
1306 2581 1410 2610 noctu
1441 2576 1534 2610 intra
1555 2582 1675 2621 portas
1697 2577 1760 2610 ad-

305 2629 422 2674 missi,
445 2631 596 2664 ferarum
617 2627 654 2661 in
675 2638 803 2661 morem
832 2630 972 2659 cunctas
1004 2624 1108 2658 aedes
1130 2622 1330 2668 splendidas
1351 2621 1524 2666 spoliant,
1545 2620 1760 2667 possessori—

306 2678 373 2711 bus
398 2687 514 2710 earum
543 2675 587 2708 ad
616 2683 779 2707 summam
806 2673 1046 2716 paupertatem
1075 2668 1240 2702 redactis.
1297 2672 1465 2711 occupata
1487 2667 1621 2701 Nicaea
1649 2667 1758 2711 impe-

306 2722 396 2757 rium
423 2720 624 2755 Theodosio
650 2717 848 2760 stabiliunt,
878 2715 937 2761 qui
962 2714 1231 2759 religiosissimis
1262 2718 1299 2748 et
1331 2712 1512 2747 horrendis
1535 2712 1680 2747 maxime
1703 2722 1761 2745 sa-

306 2767 491 2802 cramentis
509 2765 662 2802 Artemio
684 2763 870 2805 nuntiatis,
888 2761 1012 2806 quibus
1035 2772 1075 2794 se
1097 2758 1325 2804 pollicebatur
1345 2769 1422 2792 cum
1444 2759 1489 2792 ab
1523 2758 1615 2792 omni
1634 2757 1762 2791 iniuria

305 2818 521 2847 servaturum
538 2811 719 2845 immunem
733 2836 742 2853 ‚
765 2810 866 2843 modo
889 2807 1002 2841 crines
1024 2806 1176 2849 raderet,
1208 2816 1354 2849 poenam
1373 2805 1461 2838 hanc
1480 2804 1617 2838 adiecto
1639 2801 1761 2836 exsilio

305 2857 503 2894 cumulavit.
550 2857 727 2892 enimvero
745 2867 790 2891 ne
812 2852 1033 2891 Theodosius
1055 2851 1192 2898 quidem
1210 2849 1349 2897 imperii
1371 2849 1483 2895 gloria
1513 2849 1762 2895 voluptateque
