1864 3242
341 227 437 274 228
869 223 926 266 IN
961 221 1258 266 GEORGIUM

452 350 492 388 p.
519 337 570 376 19
591 349 629 372 v.
650 337 690 377 2.
747 334 939 385 Gregoras
958 347 999 384 p.
1017 336 1071 375 20
1103 333 1166 375 13.
1224 332 1326 369 Am..

454 393 507 429 ib.
519 405 557 429 v.
571 393 637 434 15.
679 390 745 431 καὶ
764 392 805 430 οἱ
823 387 1038 442 αἰφνηδόν]
1059 390 1250 440 Gregoras
1266 394 1398 425 tamen
1417 399 1458 437 p.
1470 388 1521 427 21
1543 388 1570 428 2
1584 386 1639 423 ait
1657 391 1772 436 caput

343 450 487 487 sultani
508 454 728 498 amputasse
745 446 1012 495 Theodorum,
1041 444 1160 497 idque
1180 444 1293 482 hasta
1315 445 1357 480 in
1379 442 1502 479 altum
1519 442 1666 479 elatum
1679 442 1773 479 bar-

339 506 444 542 baris
461 504 696 541 exercitibus
717 502 946 540 ostendisse.
1002 503 1103 539 Am..
1394 518 1397 521 >

450 560 504 597 ib.
533 573 571 598 v.
592 561 658 600 19.
714 562 831 599 τοῦτο
860 562 943 606 τοῖς
970 555 1192 610 Ῥωμαίοις]
1223 557 1413 607 Gregoras
1432 567 1473 605 p.
1496 555 1547 595 21
1572 551 1614 594 4.
1669 554 1771 591 Au..

454 615 508 652 ib·
532 629 570 652 v·
590 618 659 656 22.
713 611 974 668 προσελάβετο
998 612 1064 665 δὲ]
1095 614 1286 663 Gregoras
1305 625 1344 663 p.
1363 614 1413 652 21
1448 610 1513 651 15·
1570 610 1690 647 Am·-v
1754 655 1757 658 Ι

453 685 493 723 p-
515 674 570 712 20
588 684 627 708 v·
650 673 690 711 2.
746 666 1023 722 Εὖφροσύνη]
1054 675 1136 706 erat
1152 670 1256 706 virili
1274 669 1404 705 animo
1422 665 1586 713 mulier,
1617 664 1666 702 ab
1686 664 1773 715 ipsa

339 733 478 765 natura
506 725 662 764 dicendi
690 728 879 764 suavitate
907 733 944 764 et
971 727 1104 776 lepore
1124 732 1280 772 ornata,
1319 722 1370 760 ad
1386 722 1605 773 praesentia
1625 721 1773 772 optime

340 782 645 822 administranda
676 789 714 820 et
743 781 794 819 ad
820 783 951 820 futura
977 779 1218 832 providenda
1236 779 1512 825 solertissima,
1549 777 1636 814 aliis
1656 776 1772 813 rebus

340 842 538 877 teterrima
564 839 706 890 pestis:
745 845 900 889 praeter
938 840 1044 874 enim
1078 838 1320 889 exquisitum
1351 840 1531 872 ornatum
1561 838 1600 870 et
1629 832 1773 869 luxum

341 897 516 946 regium,
556 902 595 932 et
620 896 662 931 in
691 894 878 931 mutando
899 900 1052 944 recepto
1072 900 1174 931 statu
1193 899 1231 929 et
1249 893 1363 929 rebus
1382 887 1596 937 novandis,
1632 887 1772 940 quibus

339 953 524 988 maritum
550 951 777 1001 superabat,
813 952 970 1001 ingenio
995 948 1262 1000 impudicitiae
1289 947 1429 999 probro
1463 951 1578 997 atque
1609 944 1772 980 infamia

340 1010 525 1044 maritum
551 1005 843 1044 dehonestabat.
898 1005 994 1042 haec
1018 1007 1150 1056 itaque
1178 1005 1322 1040 limites
1350 1001 1572 1039 transiliens
1598 1006 1638 1036 et
1652 1013 1771 1049 supe-

341 1065 487 1100 riorum
508 1064 774 1113 Augustarum
793 1063 969 1099 instituta
990 1068 1240 1098 contemnens
1259 1060 1466 1110 imperium
1480 1058 1521 1093 in
1542 1055 1639 1093 duos
1661 1056 1771 1106 prin-

341 1121 491 1170 cipatus
506 1118 657 1156 divisit:
678 1131 805 1169 neque
824 1119 929 1155 enim
943 1119 1153 1168 imperator
1172 1114 1365 1167 quidquid
1384 1119 1466 1150 erat
1483 1113 1639 1149 libitum
1656 1124 1771 1148 inan-

341 1174 478 1222 dabat,
519 1173 589 1212 sed
609 1175 677 1211 illa
696 1176 814 1211 etiam
833 1176 917 1224 pari
936 1174 1161 1210 auctoritate
1182 1185 1281 1223 quae
1307 1172 1391 1207 visa
1415 1174 1524 1205 erant
1547 1167 1771 1218 peragebat,

338 1232 419 1269 imo
437 1229 646 1282 aliquando
666 1243 735 1280 pro
756 1242 826 1267 sua
844 1228 1006 1266 libidine
1023 1229 1129 1265 illius
1146 1228 1260 1264 iussis
1271 1222 1548 1263 intercedebat.
1604 1224 1647 1259 in
1661 1223 1772 1272 lega-

339 1288 512 1324 tionibus
530 1284 735 1323 audiendis
753 1284 829 1322 duo
851 1286 1019 1335 pretiosa
1038 1284 1135 1320 solia
1159 1281 1504 1332 coniungebantur,
1535 1284 1574 1315 et
1596 1278 1666 1315 illa
1685 1290 1773 1314 ma-

340 1345 413 1380 rito
435 1355 525 1379 cum
546 1353 690 1392 magno
718 1340 924 1392 splendore
947 1353 991 1377 ac
1009 1340 1112 1390 pileo
1130 1339 1297 1389 gemmis
1319 1344 1356 1374 et
1378 1335 1593 1387 perspicuis
1615 1346 1774 1383 marga-

340 1400 423 1436 ritis
444 1404 577 1436 ornato
607 1396 825 1445 assidebat,
868 1403 906 1434 et
922 1404 1081 1447 torques
1103 1395 1403 1446 pretiosissimos
1421 1390 1469 1431 de
1489 1391 1588 1428 collo
1607 1402 1773 1440 suspen-

339 1454 470 1492 debat.
519 1452 729 1505 aliquando
753 1455 871 1490 etiam
891 1454 932 1489 in
954 1453 1041 1489 aliis
1058 1452 1213 1502 palatiis
1233 1449 1399 1487 seiuncti
1418 1460 1488 1498 per
1507 1448 1612 1483 vices
1633 1444 1773 1482 adora-

337 1511 502 1559 bantur,
542 1509 708 1547 subditis
736 1510 783 1546 ab
806 1511 1040 1560 imperatore
1061 1506 1112 1544 ad
1132 1507 1244 1543 illam
1265 1502 1511 1543 salutandam
1535 1502 1773 1539 transeunti-

337 1567 412 1604 bus
442 1573 480 1603 et
507 1578 635 1616 genua
653 1566 883 1604 submissius
904 1563 1160 1601 flectentibus.
1218 1562 1371 1599 nonulli
1393 1561 1510 1596 etiam
1528 1558 1773 1608 imperatoris

339 1623 640 1672 consanguinei,
686 1623 754 1673 qui
783 1634 957 1658 summos
986 1621 1235 1669 magistratus
1264 1617 1473 1668 gerebant,
1516 1614 1771 1664 imperatricis

339 1677 566 1729 splendidas
587 1684 625 1715 et
643 1678 740 1715 altas
761 1677 918 1714 lecticas
939 1684 1129 1727 tanquam
1148 1675 1342 1725 mancipia
1363 1670 1559 1709 subibant.
1595 1682 1648 1706 ex
1665 1666 1771 1706 eho-

337 1736 444 1770 niata
463 1735 504 1770 in
522 1734 664 1770 Alexio
683 1734 880 1770 Comneno
900 1733 968 1769 lib.
992 1735 1028 1771 1.
1085 1733 1186 1767 Am..

447 1789 500 1825 ib.
529 1802 563 1826 v.
588 1790 628 1830 5.
685 1791 755 1828 τοῦ
775 1791 844 1840 τῆς
866 1785 1171 1839 Παφλαγονίας]
1201 1783 1290 1823 vide
1310 1796 1426 1834 supra
1449 1796 1480 1823 c.
1499 1785 1539 1824 7.
1594 1782 1695 1818 Ant..

448 1845 501 1881 ib.
527 1858 564 1882 v.
588 1846 653 1884 11.
708 1839 899 1884 Ἰσαακίου
920 1847 991 1882 τοῦ
1002 1840 1320 1891 Κωνσταντίνὸυ]
1342 1839 1417 1887 hic,
1435 1838 1619 1875 defuncta
1632 1849 1769 1883 uxore,

335 1901 454 1938 Belae
464 1902 656 1951 Ungariae
674 1902 775 1950 regis
794 1900 914 1936 filiam
931 1897 1108 1936 nondum
1129 1911 1250 1934 annos
1266 1896 1403 1933 decem
1421 1902 1553 1932 natam
1572 1906 1643 1944 per
1658 1893 1770 1942 lega-

334 1964 396 1994 tos
417 1957 553 1994 ambit.
610 1963 787 2007 sumptus
805 1957 1049 2006 nuptiarum,
1084 1967 1135 1991 ne
1162 1954 1244 1990 fisci
1272 1953 1438 2003 pecunia
1464 1952 1505 1987 in
1525 1949 1644 1987 simili
1665 1949 1779 1997 cele—-

334 2014 475 2050 britate
491 2014 752 2060 minueretur,
792 2012 839 2048 ab
868 2012 1027 2048 urbibus
1055 2017 1092 2047 et
1117 2010 1326 2060 provinciis
1350 2006 1500 2044 affatim
1524 2006 1668 2054 exigit:
1698 2001 1770 2040 sed

334 2068 526 2106 Anchialo
556 2068 741 2104 finitimas
768 2069 998 2118 praesertim
1030 2067 1172 2103 afflixit
1205 2072 1243 2102 et
1263 2065 1404 2100 Haemi
1431 2063 1576 2099 montis
1603 2060 1768 2106 accolas,

337 2126 377 2163 οἳ
399 2123 537 2163 Μυσοὶ
555 2120 741 2176 πρότερον
762 2119 1023 2174 ω’νομοὲζοντο,
1054 2121 1146 2161 νυνὶ
1168 2118 1211 2159 δὲ
1230 2116 1375 2172 Βλάχοι
1390 2115 1684 2168 κικλήσκονται,
1714 2116 1768 2151 ait

335 2178 540 2217 Choniata.
600 2177 642 2215 hi
671 2180 778 2230 prius
808 2181 926 2216 etiam
955 2179 1140 2216 Romanis
1164 2177 1331 2223 infensi,
1371 2186 1442 2224 per
1464 2184 1620 2208 causam
1641 2171 1768 2207 abacti

334 2238 486 2286 pecoris
511 2242 549 2271 et
569 2235 663 2271 alias
682 2236 909 2272 vexationes
930 2241 1061 2285 aperte
1081 2233 1276 2269 deficiunt.
1335 2235 1510 2266 auctores
1538 2226 1768 2264 defectionis

335 2292 445 2328 fuere
472 2292 609 2327 Petrus
637 2296 675 2326 et
696 2291 847 2327 Alanus
872 2292 1024 2327 fratres.
1081 2302 1131 2325 ne
1153 2295 1285 2324 tamen
1304 2287 1386 2322 sine
1415 2296 1529 2320 causa
1559 2295 1620 2320 res
1646 2294 1768 2319 novas

335 2347 466 2383 moliri
484 2344 708 2382 viderentur
720 2373 730 2391 ,
761 2345 865 2394 apud
887 2347 1097 2395 Cupressos
1117 2345 1391 2393 imperatorem
1409 2338 1576 2386 adeunt,
1607 2341 1768 2388 rogant-

336 2415 414 2454 que
450 2408 493 2438 ut
530 2400 750 2450 legionibus
786 2402 970 2437 Romanis
1003 2404 1290 2444 aversarentur,
1329 2403 1367 2432 et
1397 2393 1602 2445 praedium
1633 2394 1768 2443 exigui

334 2457 482 2495 reditus
501 2459 543 2493 in
564 2458 713 2492 Haemo
734 2462 865 2492 monte
883 2456 960 2492 ‘sibi
980 2457 1252 2505 assignaretur.
1309 2465 1350 2488 re
1369 2464 1447 2488 non
1469 2452 1695 2501 impetrata,
1725 2454 1770 2485 ut

335 2514 562 2564 contempti,
593 2510 852 2548 defectionem
869 2510 1032 2547 domum
1051 2510 1194 2547 reversi
1213 2508 1432 2554 minantur,
1463 2513 1501 2543 et
1519 2506 1768 2556 potissimum

332 2571 488 2606 Asanus
519 2567 637 2605 homo
665 2565 868 2614 audacior,
911 2568 979 2617 qui
1011 2579 1056 2602 eo
1086 2567 1170 2615 ipso
1200 2570 1375 2613 tempore
1403 2563 1451 2599 ob
1479 2559 1766 2612 impudentiam

333 2626 492 2662 Ioannis
520 2624 835 2661 sebastocratoris
858 2623 968 2659 iussu
997 2619 1170 2671 colaphis
1196 2620 1440 2669 impingitur.
1507 2617 1765 2654 contumelius

335 2682 454 2718 etiam
480 2681 618 2716 irretiti
647 2677 827 2716 homines
853 2679 918 2715 isti
948 2677 1088 2714 nefarii
1115 2677 1390 2726 gravissimum
1415 2676 1458 2710 in
1477 2674 1674 2710 Romanos
1700 2674 1766 2708 in-

333 2735 517 2774 cendium
548 2736 795 2771 suscitarunt.
867 2734 1028 2783 Bulgari
1066 2734 1122 2769 rei
1158 2730 1386 2768 difficultate
1417 2729 1611 2780 perterriti
1638 2727 1686 2764 ab
1717 2739 1763 2763 eo

332 2799 473 2829 conatu
489 2789 762 2827 abhorrebant.
817 2787 909 2827 hinc
925 2790 1075 2836 fratres,
1105 2794 1148 2824 ut
1167 2786 1420 2838 popularibus
1442 2791 1592 2821 metum
1611 2782 1764 2820 adime-

332 2855 439 2896 rent,
478 2847 549 2884 sub
568 2847 758 2883 Demetrii
773 2847 955 2897 martyris
976 2845 1135 2882 nomine
1153 2843 1347 2893 temphun
1368 2840 1591 2888 aedificant,
1622 2840 1662 2875 in
1684 2850 1761 2889 quo
