1864 3242
295 190 393 237 238
814 190 875 235 IN
909 192 1206 238 GEORGIUM

295 301 343 338 ab
371 300 420 338 iis
450 299 518 352 qui
551 299 664 351 cpoli
690 306 800 338 erant
820 299 994 339 delatum
1011 303 1132 341 fuisse
1147 301 1327 342 Andreae
1346 304 1540 356 Ungariae
1561 305 1644 356 regi
1664 305 1730 344 vel

294 370 426 394 socero
457 357 563 393 illius
586 358 720 394 comiti
736 358 851 395 Petro
868 358 1197 406 Anfisiodooensi,
1229 359 1277 397 de
1302 372 1378 412 quo
1399 362 1531 404 statim
1549 360 1728 400 Andreas

292 412 518 464 pontificem
545 414 762 450 Honorium
787 415 843 451 III
872 415 1073 452 certiorem
1101 414 1285 453 reddidit.
1340 418 1478 455 Petrus
1498 423 1632 455 tamen
1653 430 1730 469 po-

293 469 455 506 tioribus
485 467 678 519 suffragiis
703 476 862 507 vocatus
882 484 902 507 e
922 471 1060 509 Galliis
1080 473 1248 508 Romam
1270 485 1359 509 cum
1379 485 1504 510 uxore
1523 479 1560 511 et
1576 473 1729 511 finiret

294 526 371 562 alio
389 525 574 561 comitatu
594 524 771 574 advolat,
801 533 840 563 et
858 526 904 563 ab
927 528 1101 565 Honorio
1121 526 1341 564 diademate
1356 530 1523 579 cingitur
1539 531 1581 567 in
1599 529 1728 567 eccle-
1766 524 1773 536 ⁰

295 582 354 618 sia
382 581 423 618 S.
454 582 656 619 Laurentii
684 588 796 619 extra
817 596 949 620 muros
964 612 975 630 ‚
1004 597 1054 620 ne
1078 582 1174 635 quid
1192 585 1287 622 iuris
1307 585 1501 622 Orientale
1519 586 1730 635 imperium

294 638 336 674 in
361 635 610 683 Occidentale
631 651 874 689 comparasse
889 638 1106 687 videretur,
1138 646 1175 676 et
1194 653 1252 677 -ne
1276 640 1471 692 cpolitani
1487 638 1729 692 patriarchae
1746 642 1749 645 ’

292 692 441 730 viribus
457 693 677 744 inungendi
696 695 862 733 Orientis
882 696 1126 746 imperatoris
1144 694 1359 734 detractum
1377 695 1587 734 videretur.
1645 698 1731 735 Ho-

292 749 426 786 norius
454 750 618 800 epistola
647 749 698 787 ad
727 749 989 801 patriarcham
1020 753 1292 803 Cpolitanum:
1321 766 1391 790 nos
1416 759 1548 790 autem
1573 751 1663 790 lieet
1687 751 1735 791 id

289 804 441 855 pluries
460 806 756 857 denegassemus
772 807 931 854 eisdem,
960 821 1008 844 ne
1028 809 1117 858 quis
1126 815 1259 859 posset
1276 810 1450 860 quemvis
1469 808 1518 847 de
1532 808 1731 859 superfluo

295 862 506 911 suspicari,
538 862 645 913 quod
662 864 704 899 in
732 863 914 900 eeclesiae
943 864 1172 914 Cpolitanae
1184 865 1476 914 praeiudieium
1483 864 1732 916 faceremus,

297 919 393 968 quia
420 917 629 955 timebatur
654 932 682 955 a
709 919 842 956 multis
871 933 936 965 ne,
964 921 1000 956 si
1024 921 1081 956 sic
1107 934 1134 957 a
1156 920 1267 957 nobis
1295 921 1481 971 confusus
1495 919 1733 966 abscederet,

297 986 377 1010 non
394 974 521 1011 solum
540 974 618 1011 sibi
630 975 701 1012 sed
716 977 895 1013 universo
915 977 1076 1026 imperio
1091 990 1217 1027 grave
1235 977 1485 1027 dispendium
1499 977 1732 1022 immineret,

298 1029 639 1068 condescendentes
664 1032 822 1068 tandem
850 1033 954 1081 ipsos
971 1033 1056 1068 sine
1070 1039 1135 1069 tuo
1160 1032 1224 1069 vel
1234 1032 1396 1070 alterius
1403 1032 1651 1083 praeiudicio
1669 1031 1736 1070 vel

299 1093 520 1136 contemptu
549 1088 593 1124 in
626 1087 789 1124 ecelesia
817 1088 872 1125 B.
903 1088 1116 1125 Laurentii
1125 1088 1235 1138 sbris
1261 1102 1392 1126 muros
1416 1087 1526 1126 urbis
1549 1088 1735 1126 duximus

295 1142 515 1179 solemniter
542 1143 795 1181 coronandos.
857 1150 895 1180 et
911 1150 954 1180 ut
971 1145 1098 1181 maior
1118 1146 1325 1182 auctoritas
1342 1145 1499 1195 negotio
1518 1143 1733 1194 accederet,

242 1241 245 1243 ,
300 1200 483 1236 comitem
502 1200 562 1235 illi
584 1197 692 1236 dedit
709 1201 897 1236 Ioannem
914 1200 1147 1236 Columnam
1167 1201 1225 1236 tit.
1248 1200 1290 1237 S.
1308 1198 1513 1237 praxedis.
1569 1202 1671 1238 Au..

408 1267 448 1305 p.
472 1256 525 1295 29
551 1267 589 1291 v.
615 1257 655 1295 2.
714 1254 828 1306 ἔργον
858 1255 1050 1306 μαχαίρας
1078 1253 1288 1307 γενέσθαι]
1331 1253 1406 1292 hoc
1435 1267 1592 1307 quoque
1623 1255 1738 1293 aliter

296 1316 456 1346 narrant
485 1311 690 1361 scriptores
715 1311 867 1357 Latini,
899 1311 968 1361 qui
991 1311 1165 1347 scribunt
1187 1323 1267 1347 non
1294 1312 1412 1349 armis
1428 1309 1499 1349 sed
1513 1310 1736 1362 proditione

298 1372 338 1402 et
363 1364 527 1416 perfidia
557 1379 579 1402 a
606 1364 816 1403 Theodoro
844 1367 1043 1403 Comneno
1064 1373 1246 1417 captum:
1281 1380 1375 1404 nam
1398 1380 1488 1404 cum
1505 1368 1547 1404 in
1566 1369 1631 1405 via
1646 1367 1737 1405 foe-

298 1420 372 1458 dus
395 1434 485 1459 cum
503 1420 716 1459 Theodoro
735 1423 905 1470 iniisset,
934 1423 1121 1459 invitatur
1139 1435 1161 1459 a
1179 1421 1411 1471 Theodoro,
1440 1430 1478 1460 et
1495 1424 1538 1460 in
1557 1424 1736 1461 convivio

296 1480 389 1514 tum'
415 1479 500 1528 ipse
533 1484 620 1514 tum
647 1478 800 1528 legatus
830 1479 1054 1529 capiuntur,
1085 1479 1245 1530 reliquis
1268 1479 1413 1530 fugatis
1434 1486 1501 1517 aut
1519 1481 1736 1530 prostratis,

296 1540 335 1570 et
368 1535 512 1571 carceri
541 1535 826 1585 mancipantur.
882 1535 1068 1584 leguntur
1096 1533 1147 1571 ad
1177 1533 1346 1572 eundem
1370 1533 1627 1573 Theodorum
1650 1537 1736 1572 Ho-

295 1591 397 1626 norii
431 1590 640 1641 epistolae,
672 1590 813 1641 quibus
838 1603 928 1627 eum
950 1592 1050 1627 tanti
1070 1590 1252 1628 facinoris
1279 1598 1452 1640 accusat,
1480 1589 1736 1642 hortaturque

294 1652 339 1682 ut
358 1646 534 1696 legatum
555 1645 660 1684 sedis
678 1646 929 1697 Apostolicae
951 1653 989 1683 et
1005 1648 1166 1684 Petrum
1190 1648 1336 1684 eximat
1352 1647 1516 1684 vinculis
1534 1654 1572 1684 et
1587 1647 1737 1684 solutos

296 1703 421 1750 sinat3
454 1709 492 1739 et
506 1703 547 1739 ni
563 1709 710 1753 pareat,
740 1703 868 1740 minas
888 1703 1137 1752 gravissimas
1156 1704 1306 1740 incutit.
1365 1710 1403 1740 et
1421 1703 1608 1740 liberasse
1624 1709 1737 1754 post-

295 1757 461 1796 modum
476 1759 652 1808 legatum
670 1758 915 1808 pontificium
933 1765 1173 1809 compertum
1193 1765 1264 1796 est.
1295 1757 1342 1796 de
1358 1760 1474 1796 Petro
1493 1758 1590 1810 quid
1606 1765 1738 1796 actum

297 1815 361 1862 sit,
392 1815 509 1851 silent
530 1813 717 1851 historici.
776 1812 940 1851 dubium
957 1815 1090 1865 itaque
1109 1821 1167 1852 est
1181 1827 1230 1851 an
1250 1815 1292 1851 in
1309 1815 1476 1852 vinculis
1498 1828 1519 1852 e
1540 1816 1640 1852 vivis
1661 1827 1738 1851 ex-

300 1871 461 1907 cesserit
482 1883 532 1906 an
552 1870 723 1907 libertati
745 1871 945 1907 restitutus
965 1870 1097 1907 fuerit.
1156 1877 1257 1907 certe
1278 1871 1443 1922 imperio
1462 1869 1637 1908 redditus
1656 1883 1738 1908 non

302 1933 375 1963 est.
432 1924 652 1963 Richardus
687 1924 735 1962 de
768 1926 810 1963 S.
837 1927 1032 1963 Germano
1063 1927 1104 1962 in
1137 1925 1348 1975 Chronico,
1389 1939 1494 1964 nunc
1517 1928 1690 1977 primum
1715 1937 1739 1963 a

302 1981 528 2019 doctissimo
564 1980 812 2019 Ferdinando
839 1980 1007 2032 Ughello
1036 1983 1079 2019 in
1107 1983 1243 2019 Italiae
1272 1995 1403 2020 sacrae
1431 1990 1527 2020 tom.
1558 1985 1583 2024 3
1618 1980 1737 2029 edito,

302 2050 405 2074 anno
429 2039 558 2078 1217:
589 2038 734 2075 Petrus
750 2037 1093 2074 Altissiodorensis
1111 2051 1235 2075 comes
1254 2039 1297 2075 in
1321 2038 1453 2088 C'polis
1471 2039 1740 2088 imperatorem

302 2093 446 2130 electus
472 2101 540 2130 est.
601 2094 775 2130 Romam
791 2095 948 2130 veniens
964 2107 1054 2130 cum
1077 2101 1248 2131 consorte
1270 2108 1344 2131 sua
1366 2093 1417 2131 ab
1435 2094 1612 2131 Honorio
1623 2105 1741 2143 papa

301 2149 415 2198 apud
432 2150 480 2199 S.
501 2150 766 2186 Laurentium
793 2157 901 2186 extra
927 2163 1058 2186 muros
1079 2149 1187 2186 urbis
1210 2151 1252 2186 in
1273 2152 1539 2200 imperatorem
1559 2155 1595 2185 et
1614 2149 1741 2198 impe-

300 2206 483 2241 ratricem
521 2212 770 2242 coronantur.
832 2206 902 2256 qui
927 2218 1094 2256 regnum
1120 2207 1308 2242 intrantes
1339 2213 1376 2242 et
1398 2218 1438 2242 se
1463 2203 1740 2241 Brundusium

303 2261 539 2311 conserentes
568 2274 658 2297 cum
685 2261 840 2298 honesto
865 2261 1032 2297 militari
1051 2262 1232 2306 exercitu,
1262 2260 1319 2297 ihi
1334 2261 1534 2298 dominum
1550 2260 1741 2297 Ioannem

302 2316 351 2353 de
386 2315 580 2353 Columna
614 2317 733 2354 Card.
765 2318 808 2352 in
844 2317 953 2366 Cpol.
985 2316 1159 2367 legatum
1183 2324 1387 2354 venturum
1405 2322 1622 2366 expectant,
1651 2329 1742 2352 cum

302 2385 379 2423 quo
398 2372 572 2422 infausto
591 2373 688 2407 satis
707 2372 834 2408 omine
852 2373 1012 2422 navigio
1029 2372 1322 2423 transfretantes
1338 2371 1396 2408 ad
1404 2379 1564 2421 portum
1581 2369 1742 2421 Dyrra·-

304 2428 386 2464 cltii
406 2434 680 2477 pervenerunt.
740 2428 811 2477 qui
830 2440 957 2476 pravo
986 2427 1096 2464 ducti
1121 2427 1295 2472 consilio,
1323 2428 1567 2477 imperatrice
1588 2440 1649 2464 eos
1667 2439 1742 2478 per

303 2497 412 2520 mare
431 2489 644 2533 praeeunte
664 2482 722 2519 ad
738 2484 935 2519 civitatem
955 2483 1212 2532 Byzantium,
1240 2482 1428 2529 obsidere,
1457 2490 1492 2519 et
1516 2495 1742 2533 expugnare

297 2539 584 2590 praeviderunt
608 2538 895 2589 Dyrrachium,
924 2545 958 2574 et
982 2552 1071 2575 eum
1093 2540 1188 2575 viris
1206 2552 1285 2575 non
1298 2540 1535 2589 proficerent
1550 2545 1623 2575 aut
1642 2539 1742 2575 viri·-

306 2594 378 2631 hus
396 2596 493 2640 suis,
521 2595 572 2631 ab
595 2594 791 2632 obsidione
812 2595 981 2631 civitatis
998 2595 1120 2644 ipsius
1140 2594 1304 2644 digressi
1317 2602 1422 2632 sunt.
1483 2596 1554 2645 qui
1571 2601 1742 2631 errantes

301 2665 376 2701 per
393 2651 508 2688 devia
527 2658 563 2687 et
581 2651 775 2688 condensa
791 2650 983 2687 silvarum
1000 2663 1027 2686 a
1053 2650 1215 2687 Graecis
1233 2651 1433 2702 intercepti
1448 2657 1556 2696 sunt,
1585 2650 1632 2687 de
1651 2651 1742 2700 qui-

307 2706 382 2744 bus
407 2707 591 2744 nonnulli
618 2708 659 2743 in
688 2720 750 2743 ore
770 2706 904 2757 gladii
916 2706 1135 2756 perierunt,
1163 2707 1349 2743 nonnulli
1366 2719 1453 2744 vero
1472 2707 1581 2756 capti
1596 2713 1690 2742 sunt
1707 2711 1744 2740 et

307 2763 497 2800 carcerali
530 2762 710 2814 squalore
740 2776 822 2799 una
854 2775 944 2799 eum
983 2763 1068 2811 ipso
1105 2762 1334 2812 imperatore
1370 2762 1600 2811 consumpti.
1659 2761 1743 2811 ipse

308 2820 424 2856 etiam
443 2818 659 2857 cardinalis
676 2825 815 2869 captus
833 2825 888 2855 est
906 2825 943 2855 et
961 2817 1148 2856 detentus.
1209 2816 1274 2856 hic
1294 2820 1432 2858 miscet
1452 2818 1582 2857 omnia
1602 2823 1639 2855 et
1656 2823 1742 2855 tur—
