1872 3236
277 162 374 208 200
661 162 917 207 CONSTAN
919 162 1036 206 1³1N1
1063 162 1336 208 'MANASSIS
1354 183 1358 198 ι

407 275 449 317 αἱ
468 272 688 330 τῶνκᾶγίων
711 274 778 316 καὶ
797 275 981 332 Χριστοῦ
997 272 1229 332 μορφώσεις
1245 275 1502 331 ἧσβολοῦντο,

404 340 549 398 τιτάνῳ
566 343 818 399 κατεχρίοντο
827 372 842 393 ,
873 344 967 399 πυρὶ
988 348 1359 400 κατεμπιμπρῶντο,

403 410 674 466 ἀνηρευνῶντο
695 408 872 466 σπήλαια
885 442 898 461 ,
932 413 1159 467 καταγωγαὶ
1180 413 1367 466 σεμνείων

402 479 468 518 καὶ
489 475 774 535 φροντιστήρια
791 481 937 532 ψυχῶν
959 478 1009 520 αἳ
1023 479 1113 520 κατ’
1133 479 1321 534 ἀγγέλους
1336 478 1446 532 ἔζων,

268 541 379 587 4670
402 546 468 587 καὶ
485 549 569 595 πᾶς
589 544 779 600 ἠλαύνετο
803 551 957 589 σεπτῶν
974 547 1248 603 προσκυνητὴς
1273 546 1447 590 εἰκόνων.

217 616 250 651 C
405 614 560 655 ἐπένθει
584 612 670 656 τότε
696 615 763 656 καὶ
787 613 938 669 Σιὼνῆ
962 619 1034 656 τοῦ
1048 618 1150 656 θεοῦ
1172 613 1371 671 θυγάτηρ,

191 1467 223 1501 D

399 682 467 723 καὶ
486 679 660 737 δάκρυον
677 680 956 724 σταλάττουσα
974 682 1149 732 πένθους
1167 681 1301 739 ἐφόρει
1325 681 1488 734 σάκκον,

397 748 484 790 ἀντὶ
507 753 654 804 στολῆς
677 751 719 792 δὲ
742 754 942 806 νυμφικῆς
959 751 1125 806 χηρειάς
1143 752 1390 804 χιτωνίσκον.

392 816 547 858 ἐπένθει
569 816 656 860 τότε
675 819 741 859 καὶ
758 817 887 873 χορὸς
908 818 1085 874 ἀστέρων
1106 819 1316 874 οὐρανίων,

253 879 362 926 4675
383 887 450 928 καὶ
470 884 571 940 πρὸς
591 885 663 940 τὴν
681 890 754 940 γῆν
778 884 1004 941 ἠντράνιζεν
1025 887 1066 927 ἓν
1085 893 1298 936 σκοτεινοῖς
1315 880 1551 942 βλεφάροις.

457 947 587 1003 Οὗτος
606 953 651 995 τὸ
669 954 780 1008 γένος
803 953 975 1008 ΖΙἸιχαὴλ
996 958 1229 1010 φιλονεικῶν
1248 955 1435 1011 ἐκτρῖψαι

386 1019 438 1062 τὰ
457 1019 676 1076 παιδογόνα
694 1025 765 1063 τοῦ
785 1021 929 1071 παιδὸς
950 1022 1102 1075 ἐξέτεμε
1124 1020 1298 1076 Νικήτα,

381 1086 440 1142 μή
462 1105 546 1139 πως
566 1087 769 1132 τεκνώσειέ
786 1106 880 1131 ποτε
901 1091 967 1131 καὶ
988 1094 1129 1132 τοῦτον
1151 1090 1371 1144 ἀμυνεῖται.

387 1153 408 1197 ὅ
435 1158 566 1198 τοίνυν
586 1163 680 1207 παῖς
704 1161 776 1199 τοῦ
800 1157 975 1212 Μιχαὴλ
995 1159 1138 1211 τομίας
1150 1160 1409 1212 χρηματίσας

248 1220 358 1264 4680
386 1226 441 1273 εἷς
459 1224 624 1281 ὕστερον
645 1225 850 1281 ἀρχιερεὺς
866 1224 1023 1279 Ῥώμης
1042 1229 1114 1277 τῆς
1135 1225 1227 1272 νέας
1248 1223 1389 1279 ὤφθη,

379 1294 649 1346 μετακληθεὶς
666 1291 855 1346 Ἰγνάτιος
875 1295 916 1332 ἓν
935 1291 1151 1343 μεταθέσει
1169 1292 1277 1343 βίου.

457 1353 586 1409 Οὗτος
606 1357 627 1400 ὃ
647 1359 732 1415 θὴρ
756 1357 776 1399 ὃ
795 1356 997 1412 χαλεπός,
1025 1356 1046 1399 ὃ
1076 1360 1298 1414 βρυχητίας
1314 1356 1454 1409 Λέων,

383 1425 595 1469 ἄναπολῶν
614 1426 715 1469 καθ’
737 1425 879 1468 ἑαυτὸν
895 1425 968 1475 τὰς
988 1425 1096 1483 ἱερὰς
1116 1425 1357 1483 προρρήσεις

378 1499 451 1536 τοῦ
469 1496 704 1548 θαυμασίου
725 1494 931 1551 γέροντος,
958 1499 1029 1536 τοῦ
1047 1495 1323 1551 χρυσοπτέρου
1341 1491 1501 1544 κύκνου,

239 1556 352 1601 4685
378 1564 445 1605 καὶ
466 1563 606 1613 δεδιώς
627 1562 696 1604 τὸν
717 1562 890 1616 ΖνΙιχαὴλ
907 1562 952 1611 ὃς
974 1557 1023 1616 ἦν
1043 1564 1084 1612 ἐξ
1099 1562 1302 1618 Ἀμοριόυ,

371 1630 430 1685 μὴ
454 1631 555 1687 πρὸς
579 1630 701 1673 αὐτὸν
722 1629 742 1672 ὃ
766 1629 975 1686 κύλινδρος
995 1635 1067 1672 τοῦ
1088 1629 1260 1686 κράτους
1284 1626 1503 1685 μεταπέσῃ,

374 1697 582 1753 δεσμώτην
605 1700 907 1755 ἐγκαθείργνυσι
933 1702 1094 1757 φρουρᾷ
1113 1695 1427 1754 λαβυρινθώδει,

372 1768 441 1809 καὶ
458 1766 562 1808 κατὰ
586 1771 681 1809 νοῦν
706 1767 911 1809 ἐσκέπτετο
931 1770 1016 1816 πῶς
1035 1764 1231 1809 ἀναλώσει
1251 1770 1408 1808 τοῦτον.

335 1906 428 1942 4670
452 1906 594 1949 σεμνοῦν
610 1904 645 1942 R
780 1903 870 1942 4675
893 1902 1119 1950 ἠντροὶνησεν
1137 1904 1177 1940 Μ
1307 1904 1398 1939 4680
1419 1900 1457 1944 ἐς
1477 1903 1530 1948 R,
1551 1898 1594 1944 ὃς
1615 1904 1654 1938 Μ

234 2029 387 2076 passeris
414 2029 539 2075 pullos.
586 2029 720 2064 Christi
753 2032 789 2064 et
820 2029 978 2064 divorum
1009 2027 1177 2073 imagines
1204 2027 1241 2062 in
1271 2026 1408 2062 favillas
1434 2026 1696 2071 redigebantur,

233 2076 331 2109 calce
361 2075 443 2109 viva
466 2077 770 2119 perungebantur,
804 2074 886 2120 igne
921 2076 1240 2109 concremabantur.
1297 2073 1482 2118 speluncae
1511 2073 1694 2118 perquire-

234 2122 373 2163 bantur,
393 2121 545 2165 itemque
569 2132 743 2155 sacrarum
767 2122 901 2154 aedium
927 2121 1099 2165 hospitia,
1135 2119 1211 2153 loca
1235 2117 1540 2152 exercitationibus
1562 2118 1694 2152 animo-

233 2177 309 2200 rum
327 2165 463 2209 dicata,
487 2166 548 2209 q'ui
586 2177 725 2211 quoquo
756 2167 857 2200 modo
889 2166 996 2200 vitam
1020 2165 1210 2210 angelicam
1227 2164 1443 2201 redolebant.
1491 2164 1693 2198 adoratores

232 2211 507 2245 venerandarum
544 2211 729 2255 imaginum
773 2210 1047 2256 expellebantur.
1113 2210 1255 2254 lugebat
1299 2209 1365 2243 hoc
1404 2214 1560 2253 tempore
1594 2208 1693 2253 Sion,

233 2255 369 2291 Christi
391 2255 482 2298 filia,
505 2255 733 2300 lacrimasque
756 2258 971 2301 profundens
1005 2267 1140 2290 saccum
1169 2254 1350 2298 lugubrem
1373 2254 1546 2298 gestabat.
1593 2253 1694 2298 luge-

231 2303 293 2336 bat
324 2301 389 2334 hoc
417 2306 573 2345 tempore
600 2301 752 2335 siderum
782 2301 981 2337 caelestium
1014 2308 1154 2345 coetus,
1191 2307 1227 2335 et
1254 2299 1483 2344 tenebricosis
1514 2298 1693 2344 palpebris

231 2345 361 2381 ten-tun⁴
380 2346 587 2390 aspiciebat.

322 2392 373 2426 Ut
392 2396 506 2426 autem
528 2390 718 2435 imperator
748 2391 822 2425 Leo
852 2396 993 2435 praeter
1028 2396 1165 2426 caetera
1191 2402 1300 2435 genus
1322 2390 1426 2424 etiam
1445 2389 1611 2425 Michaeli
1629 2403 1691 2426 ex-
1729 2426 1733 2432 ,

230 2437 424 2481 tingueret,
457 2436 606 2470 Nicetae
634 2436 799 2469 Michaeli
829 2436 901 2470 filio
936 2439 1088 2472 membra
1118 2438 1291 2471 destinata
1323 2436 1557 2480 procreationi
1589 2448 1690 2472 exse-

231 2483 322 2524 cuit,
344 2494 387 2515 ne
406 2482 535 2516 liberos
558 2481 719 2525 gigneret
732 2507 742 2524 ,
761 2481 821 2525 qui
839 2487 1018 2525 paternam
1040 2488 1076 2516 et
1094 2483 1221 2516 avitam
1242 2481 1402 2516 iniuriam
1426 2481 1688 2517 ulciscerentur.

230 2527 289 2561 hic
308 2527 473 2561 Michaeli
500 2526 611 2569 filius,
636 2537 737 2570 quem
766 2531 950 2561 castratum
977 2527 1086 2562 fuisse
1109 2527 1277 2570 diximus,
1300 2527 1463 2570 deinceps
1483 2539 1596 2562 novae
1614 2527 1688 2562 Ro-

230 2584 308 2607 mae
331 2573 490 2617 pontifex
510 2573 623 2606 factus
643 2576 719 2615 est,
750 2582 825 2605 cum
856 2572 951 2606 vitae
978 2584 1107 2616 genere
1137 2578 1267 2607 mutato
1288 2573 1390 2607 etiam
1411 2572 1549 2607 nomine
1572 2572 1689 2618 prisco

233 2624 271 2653 et
293 2619 422 2662 Ignatii
442 2622 631 2661 assumpto.

323 2664 517 2698 Secundum
539 2662 626 2695 haec
652 2661 798 2696 crudelis
817 2661 876 2698 ille
902 2663 1113 2707 rugiensque
1132 2662 1199 2706 leo,
1219 2674 1335 2697 sacras
1359 2674 1475 2698 secum
1494 2663 1570 2708 ipse
1583 2674 1688 2708 prae-

231 2708 402 2744 dictiones
426 2708 624 2753 expendens
643 2707 734 2741 illius
758 2707 852 2742 senis
874 2709 1065 2742 admirandi
1091 2713 1127 2742 et
1151 2720 1263 2752 cygno
1283 2709 1489 2752 consimilis,
1517 2708 1687 2754 simulque

231 2755 420 2789 formidans
443 2752 649 2788 Michaelum
680 2753 859 2788 oriundum
884 2766 927 2788 ex
954 2754 1116 2797 Amorio,
1148 2765 1191 2787 ne
1215 2755 1259 2787 ad
1287 2754 1399 2799 ipsum
1424 2755 1517 2789 forte
1549 2753 1684 2798 imperii

233 2807 312 2835 rota
329 2800 595 2844 devolveretur,
615 2798 786 2833 hominem
810 2799 961 2835 vinctum
979 2800 1016 2836 in
1034 2811 1207 2835 carcerem
1226 2799 1426 2845 labyrintho
1449 2811 1518 2838 non
1542 2798 1684 2838 absimi-

1822 0 1851 82 „se-⁴
