<?xml version="1.0" encoding="UTF-8"?>
<!DOCTYPE html PUBLIC "-//W3C//DTD XHTML 1.0 Transitional//EN"
    "http://www.w3.org/TR/xhtml1/DTD/xhtml1-transitional.dtd">
<html xmlns="http://www.w3.org/1999/xhtml" xml:lang="en" lang="en">
 <head>
  <title>
</title>
<meta http-equiv="Content-Type" content="text/html;charset=utf-8" />
  <meta name='ocr-system' content='tesseract 3.04.00' />
  <meta name='ocr-capabilities' content='ocr_page ocr_carea ocr_par ocr_line ocrx_word'/>
</head>
<body>
  <div class='ocr_page' id='page_1' title='image "./corpusscriptorum06niebuoft_0434.png"; bbox 0 0 1924 3242; ppageno 0'>
   <div class='ocr_carea' id='block_1_1' title="bbox 343 167 1369 216">
    <p class='ocr_par' dir='ltr' id='par_1_1' title="bbox 343 167 1369 216">
     <span class='ocr_line' id='line_1_1' title="bbox 343 167 1369 216; baseline 0.004 -4"><span class='ocrx_word' id='word_1_1' title='bbox 343 167 407 213; x_wconf 82' lang='lat'>32</span> <span class='ocrx_word' id='word_1_2' title='bbox 731 169 963 216; x_wconf 86' lang='lat' dir='ltr'>GEORGH</span> <span class='ocrx_word' id='word_1_3' title='bbox 991 170 1369 216; x_wconf 82' lang='lat' dir='ltr'><strong>ACROPOLITAE</strong></span> 
     </span>
    </p>
   </div>
   <div class='ocr_carea' id='block_1_2' title="bbox 225 278 1832 1940">
    <p class='ocr_par' dir='ltr' id='par_1_2' title="bbox 285 278 1771 473">
     <span class='ocr_line' id='line_1_2' title="bbox 341 278 1771 344; baseline 0.006 -22"><span class='ocrx_word' id='word_1_4' title='bbox 341 282 410 322; x_wconf 81' lang='grc' dir='ltr'><em>καὶ</em></span> <span class='ocrx_word' id='word_1_5' title='bbox 440 278 634 337; x_wconf 74' lang='grc' dir='ltr'><em>ὁμογενεῖς</em></span> <span class='ocrx_word' id='word_1_6' title='bbox 669 279 803 331; x_wconf 80' lang='grc' dir='ltr'><em>αὐτοῖς</em></span> <span class='ocrx_word' id='word_1_7' title='bbox 835 283 1042 340; x_wconf 76' lang='grc' dir='ltr'><em>παραδοὺς</em></span> <span class='ocrx_word' id='word_1_8' title='bbox 1076 282 1290 340; x_wconf 74' lang='grc' dir='ltr'><em>ἧγεμόνας,</em></span> <span class='ocrx_word' id='word_1_9' title='bbox 1323 284 1524 344; x_wconf 72' lang='grc' dir='ltr'><em>ὑπερέχειν</em></span> <span class='ocrx_word' id='word_1_10' title='bbox 1546 287 1590 329; x_wconf 76' lang='grc' dir='ltr'>δὲ</span> <span class='ocrx_word' id='word_1_11' title='bbox 1613 285 1771 331; x_wconf 80' lang='grc' dir='ltr'><em>πάντων</em></span> 
     </span>
     <span class='ocr_line' id='line_1_3' title="bbox 285 346 1770 409; baseline 0.007 -20"><span class='ocrx_word' id='word_1_12' title='bbox 285 379 287 382; x_wconf 32' lang='lat'><em>⁴</em></span> <span class='ocrx_word' id='word_1_13' title='bbox 341 348 411 390; x_wconf 87' lang='grc' dir='ltr'>τὸν</span> <span class='ocrx_word' id='word_1_14' title='bbox 437 346 757 404; x_wconf 82' lang='grc' dir='ltr'><em>Θεοφιλόπουλον</em></span> <span class='ocrx_word' id='word_1_15' title='bbox 777 350 818 390; x_wconf 93' lang='grc' dir='ltr'><strong>Γ</strong></span> <span class='ocrx_word' id='word_1_16' title='bbox 813 348 974 406; x_wconf 82' lang='grc' dir='ltr'><em>εώργιον</em></span> <span class='ocrx_word' id='word_1_17' title='bbox 993 351 1310 409; x_wconf 78' lang='grc' dir='ltr'><em>παρασκευάσας,</em></span> <span class='ocrx_word' id='word_1_18' title='bbox 1338 353 1411 409; x_wconf 81' lang='grc' dir='ltr'>τὴν</span> <span class='ocrx_word' id='word_1_19' title='bbox 1430 358 1510 398; x_wconf 82' lang='grc' dir='ltr'>τῶν</span> <span class='ocrx_word' id='word_1_20' title='bbox 1529 355 1770 398; x_wconf 78' lang='grc' dir='ltr'><em>ἀνατολικῶν</em></span> 
     </span>
     <span class='ocr_line' id='line_1_4' title="bbox 341 415 1101 473; baseline 0.007 -15"><span class='ocrx_word' id='word_1_21' title='bbox 341 420 473 473; x_wconf 88' lang='grc' dir='ltr'><em>μερῶν</em></span> <span class='ocrx_word' id='word_1_22' title='bbox 493 416 675 472; x_wconf 85' lang='grc' dir='ltr'><em>φυλακὴν</em></span> <span class='ocrx_word' id='word_1_23' title='bbox 696 415 829 467; x_wconf 72' lang='grc' dir='ltr'><em>αὐτοῖς</em></span> <span class='ocrx_word' id='word_1_24' title='bbox 850 419 1101 463; x_wconf 76' lang='grc' dir='ltr'><em>ἒνεπίστευσε.</em></span> 
     </span>
    </p>

    <p class='ocr_par' dir='ltr' id='par_1_3' title="bbox 340 482 1808 748">
     <span class='ocr_line' id='line_1_5' title="bbox 481 482 1767 547; baseline 0.005 -21"><span class='ocrx_word' id='word_1_25' title='bbox 481 482 554 526; x_wconf 88' lang='grc'>17.</span> <span class='ocrx_word' id='word_1_26' title='bbox 625 486 804 526; x_wconf 78' lang='grc' dir='ltr'><em>Τουτουῖ·</em></span> <span class='ocrx_word' id='word_1_27' title='bbox 831 486 874 527; x_wconf 78' lang='grc' dir='ltr'>δὲ</span> <span class='ocrx_word' id='word_1_28' title='bbox 898 490 971 528; x_wconf 81' lang='grc' dir='ltr'>τοῦ</span> <span class='ocrx_word' id='word_1_29' title='bbox 989 487 1115 544; x_wconf 81' lang='grc' dir='ltr'><em>Ἔρρῆ</em></span> <span class='ocrx_word' id='word_1_30' title='bbox 1135 491 1205 542; x_wconf 81' lang='grc' dir='ltr'>τῆς</span> <span class='ocrx_word' id='word_1_31' title='bbox 1224 488 1524 530; x_wconf 79' lang='grc' dir='ltr'><em>Κωνσταντῖνου</em></span> <span class='ocrx_word' id='word_1_32' title='bbox 1547 487 1767 547; x_wconf 85' lang='grc' dir='ltr'><em>κατάρχον-</em></span> 
     </span>
     <span class='ocr_line' id='line_1_6' title="bbox 343 547 1801 614; baseline 0.006 -24"><span class='ocrx_word' id='word_1_33' title='bbox 343 565 411 599; x_wconf 87' lang='grc' dir='ltr'>τος</span> <span class='ocrx_word' id='word_1_34' title='bbox 429 547 629 605; x_wconf 78' lang='grc' dir='ltr'><em>ἀπεστάλη</em></span> <span class='ocrx_word' id='word_1_35' title='bbox 650 552 760 607; x_wconf 81' lang='grc' dir='ltr'><em>παρὰ</em></span> <span class='ocrx_word' id='word_1_36' title='bbox 777 557 848 594; x_wconf 78' lang='grc' dir='ltr'>τοῦ</span> <span class='ocrx_word' id='word_1_37' title='bbox 863 552 977 596; x_wconf 90' lang='grc' dir='ltr'><em>πάπα</em></span> <span class='ocrx_word' id='word_1_38' title='bbox 997 555 1096 611; x_wconf 86' lang='grc' dir='ltr'><em>πρὸς</em></span> <span class='ocrx_word' id='word_1_39' title='bbox 1117 555 1188 608; x_wconf 86' lang='grc' dir='ltr'>τὴν</span> <span class='ocrx_word' id='word_1_40' title='bbox 1208 557 1398 608; x_wconf 78' lang='grc' dir='ltr'><em>βασιλίδα</em></span> <span class='ocrx_word' id='word_1_41' title='bbox 1422 560 1501 598; x_wconf 88' lang='grc' dir='ltr'>τῶν</span> <span class='ocrx_word' id='word_1_42' title='bbox 1523 555 1673 607; x_wconf 68' lang='grc' dir='ltr'><em>πόλεων</em></span> <span class='ocrx_word' id='word_1_43' title='bbox 1693 558 1801 614; x_wconf 67' lang='grc' dir='ltr'><em>(ἔρ-5</em></span> 
     </span>
     <span class='ocr_line' id='line_1_7' title="bbox 341 615 1770 678; baseline 0.006 -20"><span class='ocrx_word' id='word_1_44' title='bbox 341 615 515 674; x_wconf 78' lang='grc' dir='ltr'><em>χιερεύς,</em></span> <span class='ocrx_word' id='word_1_45' title='bbox 551 617 594 660; x_wconf 78' lang='grc' dir='ltr'><em>ὃν</em></span> <span class='ocrx_word' id='word_1_46' title='bbox 614 620 680 660; x_wconf 81' lang='grc' dir='ltr'><em>καὶ</em></span> <span class='ocrx_word' id='word_1_47' title='bbox 699 618 859 675; x_wconf 84' lang='grc' dir='ltr'><em>λεγάτον</em></span> <span class='ocrx_word' id='word_1_48' title='bbox 882 622 998 664; x_wconf 79' lang='grc' dir='ltr'><em>αὐτοί</em></span> <span class='ocrx_word' id='word_1_49' title='bbox 1015 640 1136 678; x_wconf 79' lang='grc' dir='ltr'><em>φασι,</em></span> <span class='ocrx_word' id='word_1_50' title='bbox 1170 622 1346 676; x_wconf 73' lang='grc' dir='ltr'><em>τοῦνομα</em></span> <span class='ocrx_word' id='word_1_51' title='bbox 1368 622 1581 678; x_wconf 86' lang='grc' dir='ltr'><em>Πελάγιον,</em></span> <span class='ocrx_word' id='word_1_52' title='bbox 1613 622 1770 668; x_wconf 81' lang='grc' dir='ltr'><em>ἅπαντα</em></span> 
     </span>
     <span class='ocr_line' id='line_1_8' title="bbox 340 683 1808 748; baseline 0.006 -23"><span class='ocrx_word' id='word_1_53' title='bbox 340 684 392 726; x_wconf 81' lang='grc' dir='ltr'>τὰ</span> <span class='ocrx_word' id='word_1_54' title='bbox 412 683 608 741; x_wconf 86' lang='grc' dir='ltr'><em>προνόμια</em></span> <span class='ocrx_word' id='word_1_55' title='bbox 628 690 698 728; x_wconf 77' lang='grc' dir='ltr'>τοῦ</span> <span class='ocrx_word' id='word_1_56' title='bbox 718 686 831 730; x_wconf 88' lang='grc' dir='ltr'><em>πάπα</em></span> <span class='ocrx_word' id='word_1_57' title='bbox 848 690 1039 745; x_wconf 84' lang='grc' dir='ltr'><em>φέροντα·</em></span> <span class='ocrx_word' id='word_1_58' title='bbox 1076 691 1342 746; x_wconf 75' lang='grc' dir='ltr'><em>ἔρυθροβαφῆ</em></span> <span class='ocrx_word' id='word_1_59' title='bbox 1374 692 1440 732; x_wconf 83' lang='grc' dir='ltr'><em>καὶ</em></span> <span class='ocrx_word' id='word_1_60' title='bbox 1469 690 1544 748; x_wconf 80' lang='grc' dir='ltr'><em>γὰρ</em></span> <span class='ocrx_word' id='word_1_61' title='bbox 1563 689 1771 734; x_wconf 70' lang='grc' dir='ltr'><em>ὑπεδέδετο</em></span> <span class='ocrx_word' id='word_1_62' title='bbox 1805 696 1808 699; x_wconf 68' lang='grc'><strong><em>’</em></strong></span> 
     </span>
    </p>

    <p class='ocr_par' dir='ltr' id='par_1_4' title="bbox 225 752 1831 1418">
     <span class='ocr_line' id='line_1_9' title="bbox 225 752 1773 816; baseline 0.005 -23"><span class='ocrx_word' id='word_1_63' title='bbox 225 759 256 793; x_wconf 85' lang='grc' dir='ltr'>Ρ</span> <span class='ocrx_word' id='word_1_64' title='bbox 280 758 322 795; x_wconf 85' lang='grc'>16</span> <span class='ocrx_word' id='word_1_65' title='bbox 344 752 498 804; x_wconf 77' lang='grc' dir='ltr'><em>πέδιλα,</em></span> <span class='ocrx_word' id='word_1_66' title='bbox 533 754 576 794; x_wconf 71' lang='grc' dir='ltr'>ἐκ</span> <span class='ocrx_word' id='word_1_67' title='bbox 595 758 666 807; x_wconf 80' lang='grc' dir='ltr'>τῆς</span> <span class='ocrx_word' id='word_1_68' title='bbox 687 754 810 809; x_wconf 75' lang='grc' dir='ltr'><em>αὐτῆς</em></span> <span class='ocrx_word' id='word_1_69' title='bbox 835 757 877 797; x_wconf 80' lang='grc' dir='ltr'>δὲ</span> <span class='ocrx_word' id='word_1_70' title='bbox 892 761 1035 813; x_wconf 77' lang='grc' dir='ltr'><em>χροιᾶς</em></span> <span class='ocrx_word' id='word_1_71' title='bbox 1053 759 1118 799; x_wconf 83' lang='grc' dir='ltr'><em>καὶ</em></span> <span class='ocrx_word' id='word_1_72' title='bbox 1138 757 1188 799; x_wconf 83' lang='grc' dir='ltr'>τὰ</span> <span class='ocrx_word' id='word_1_73' title='bbox 1209 756 1408 811; x_wconf 69' lang='grc' dir='ltr'><em>ἐνδύματα</em></span> <span class='ocrx_word' id='word_1_74' title='bbox 1429 756 1518 811; x_wconf 80' lang='grc' dir='ltr'><em>εἶχε,</em></span> <span class='ocrx_word' id='word_1_75' title='bbox 1548 760 1614 800; x_wconf 84' lang='grc' dir='ltr'><em>καὶ</em></span> <span class='ocrx_word' id='word_1_76' title='bbox 1633 757 1659 813; x_wconf 80' lang='grc' dir='ltr'><em>ἦ</em></span> <span class='ocrx_word' id='word_1_77' title='bbox 1680 760 1773 816; x_wconf 73' lang='grc' dir='ltr'><em>ἐφε-</em></span> 
     </span>
     <span class='ocr_line' id='line_1_10' title="bbox 342 821 1773 882; baseline 0.005 -20"><span class='ocrx_word' id='word_1_78' title='bbox 342 822 453 876; x_wconf 81' lang='grc' dir='ltr'><em>στρὶς</em></span> <span class='ocrx_word' id='word_1_79' title='bbox 473 821 516 862; x_wconf 81' lang='grc' dir='ltr'>δὲ</span> <span class='ocrx_word' id='word_1_80' title='bbox 536 825 608 862; x_wconf 80' lang='grc' dir='ltr'>τοῦ</span> <span class='ocrx_word' id='word_1_81' title='bbox 622 822 746 863; x_wconf 72' lang='grc' dir='ltr'><em>ἵππου</em></span> <span class='ocrx_word' id='word_1_82' title='bbox 769 825 833 864; x_wconf 85' lang='grc' dir='ltr'><em>καὶ</em></span> <span class='ocrx_word' id='word_1_83' title='bbox 853 823 903 865; x_wconf 80' lang='grc' dir='ltr'>τὰ</span> <span class='ocrx_word' id='word_1_84' title='bbox 918 825 1064 877; x_wconf 81' lang='grc' dir='ltr'><em>χαλινὰ</em></span> <span class='ocrx_word' id='word_1_85' title='bbox 1084 829 1142 882; x_wconf 74' lang='grc' dir='ltr'>τῷ</span> <span class='ocrx_word' id='word_1_86' title='bbox 1158 823 1322 882; x_wconf 81' lang='grc' dir='ltr'><em>τοιούτῳ</em></span> <span class='ocrx_word' id='word_1_87' title='bbox 1344 824 1560 878; x_wconf 79' lang='grc' dir='ltr'><em>ἕβάπτοντο</em></span> <span class='ocrx_word' id='word_1_88' title='bbox 1575 825 1773 882; x_wconf 82' lang='grc' dir='ltr'><em>χρώματι.</em></span> 
     </span>
     <span class='ocr_line' id='line_1_11' title="bbox 340 886 1829 950; baseline 0.005 -22"><span class='ocrx_word' id='word_1_89' title='bbox 340 886 471 942; x_wconf 66' lang='grc' dir='ltr'><em>’ἤθους</em></span> <span class='ocrx_word' id='word_1_90' title='bbox 492 889 534 930; x_wconf 83' lang='grc' dir='ltr'>δὲ</span> <span class='ocrx_word' id='word_1_91' title='bbox 558 888 688 942; x_wconf 79' lang='grc' dir='ltr'><em>τυχὼν</em></span> <span class='ocrx_word' id='word_1_92' title='bbox 709 889 946 947; x_wconf 68' lang='grc' dir='ltr'><em>ἀγριιοτίρου</em></span> <span class='ocrx_word' id='word_1_93' title='bbox 975 894 1040 933; x_wconf 82' lang='grc' dir='ltr'><em>καὶ</em></span> <span class='ocrx_word' id='word_1_94' title='bbox 1071 892 1274 950; x_wconf 70' lang='grc' dir='ltr'><em>ἀλαζονεία</em></span> <span class='ocrx_word' id='word_1_95' title='bbox 1291 892 1496 949; x_wconf 85' lang='grc' dir='ltr'><em>χρώμενος</em></span> <span class='ocrx_word' id='word_1_96' title='bbox 1516 894 1644 936; x_wconf 72' lang='grc' dir='ltr'><em>πολλοὶ</em></span> <span class='ocrx_word' id='word_1_97' title='bbox 1664 893 1772 936; x_wconf 80' lang='grc' dir='ltr'><em>δεινὰ</em></span> <span class='ocrx_word' id='word_1_98' title='bbox 1785 906 1829 940; x_wconf 87' lang='lat'>10</span> 
     </span>
     <span class='ocr_line' id='line_1_12' title="bbox 342 955 1774 1016; baseline 0.005 -20"><span class='ocrx_word' id='word_1_99' title='bbox 342 955 557 1005; x_wconf 64' lang='grc' dir='ltr'><em>ἐνεδείξατο</em></span> <span class='ocrx_word' id='word_1_100' title='bbox 582 957 643 997; x_wconf 71' lang='grc' dir='ltr'><em>ἐπὶ</em></span> <span class='ocrx_word' id='word_1_101' title='bbox 668 963 751 1006; x_wconf 81' lang='grc' dir='ltr'><em>τοῖς</em></span> <span class='ocrx_word' id='word_1_102' title='bbox 779 963 849 1012; x_wconf 82' lang='grc' dir='ltr'>τῆς</span> <span class='ocrx_word' id='word_1_103' title='bbox 882 960 1181 1001; x_wconf 85' lang='grc' dir='ltr'><em>Κωνσταντίνου</em></span> <span class='ocrx_word' id='word_1_104' title='bbox 1208 959 1419 1016; x_wconf 78' lang='grc' dir='ltr'><em>οἰκήτορσι.</em></span> <span class='ocrx_word' id='word_1_105' title='bbox 1488 963 1553 1002; x_wconf 88' lang='grc' dir='ltr'><em>καὶ</em></span> <span class='ocrx_word' id='word_1_106' title='bbox 1577 959 1603 1015; x_wconf 78' lang='grc' dir='ltr'>ἦ</span> <span class='ocrx_word' id='word_1_107' title='bbox 1625 965 1774 1015; x_wconf 84' lang='grc' dir='ltr'><em>σκῆψις</em></span> 
     </span>
     <span class='ocr_line' id='line_1_13' title="bbox 342 1020 1775 1084; baseline 0.006 -21"><span class='ocrx_word' id='word_1_108' title='bbox 342 1020 399 1072; x_wconf 79' lang='grc' dir='ltr'>ὡς</span> <span class='ocrx_word' id='word_1_109' title='bbox 420 1021 599 1078; x_wconf 65' lang='grc' dir='ltr'><em>εὔλογος·</em></span> <span class='ocrx_word' id='word_1_110' title='bbox 632 1022 821 1079; x_wconf 79' lang='grc' dir='ltr'><em>ἠνάγκαζε</em></span> <span class='ocrx_word' id='word_1_111' title='bbox 856 1028 922 1067; x_wconf 85' lang='grc' dir='ltr'><em>καὶ</em></span> <span class='ocrx_word' id='word_1_112' title='bbox 950 1027 1026 1083; x_wconf 81' lang='grc' dir='ltr'><em>γὰρ</em></span> <span class='ocrx_word' id='word_1_113' title='bbox 1054 1027 1147 1076; x_wconf 77' lang='grc' dir='ltr'><em>τοὺς</em></span> <span class='ocrx_word' id='word_1_114' title='bbox 1171 1026 1321 1077; x_wconf 80' lang='grc' dir='ltr'><em>πάντας</em></span> <span class='ocrx_word' id='word_1_115' title='bbox 1346 1032 1395 1083; x_wconf 83' lang='grc' dir='ltr'>τῇ</span> <span class='ocrx_word' id='word_1_116' title='bbox 1413 1031 1485 1082; x_wconf 83' lang='grc' dir='ltr'>τῆς</span> <span class='ocrx_word' id='word_1_117' title='bbox 1504 1029 1775 1084; x_wconf 75' lang='grc' dir='ltr'><em>πρεσβυτέρας</em></span> 
     </span>
     <span class='ocr_line' id='line_1_14' title="bbox 336 1087 1775 1151; baseline 0.005 -21"><span class='ocrx_word' id='word_1_118' title='bbox 336 1087 492 1144; x_wconf 84' lang='grc' dir='ltr'><em>Ῥώμης</em></span> <span class='ocrx_word' id='word_1_119' title='bbox 510 1089 716 1145; x_wconf 71' lang='grc' dir='ltr'><em>’ὗποκύψαι</em></span> <span class='ocrx_word' id='word_1_120' title='bbox 731 1091 921 1149; x_wconf 69' lang='grc' dir='ltr'><em>ὑποταγῇ.</em></span> <span class='ocrx_word' id='word_1_121' title='bbox 954 1096 1135 1136; x_wconf 67' lang='grc' dir='ltr'><em>ἐντεῦθεν</em></span> <span class='ocrx_word' id='word_1_122' title='bbox 1159 1097 1438 1150; x_wconf 69' lang='grc' dir='ltr'><em>καθείργνυντο</em></span> <span class='ocrx_word' id='word_1_123' title='bbox 1457 1097 1638 1149; x_wconf 84' lang='grc' dir='ltr'><em>μοναχοί,</em></span> <span class='ocrx_word' id='word_1_124' title='bbox 1661 1095 1775 1151; x_wconf 75' lang='grc' dir='ltr'><em>ἱερεῖς</em></span> 
     </span>
     <span class='ocr_line' id='line_1_15' title="bbox 341 1157 1776 1219; baseline 0.003 -20"><span class='ocrx_word' id='word_1_125' title='bbox 341 1158 578 1211; x_wconf 74' lang='grc' dir='ltr'><em>ἕδεσμοῦντο</em></span> <span class='ocrx_word' id='word_1_126' title='bbox 601 1160 667 1199; x_wconf 82' lang='grc' dir='ltr'><em>καὶ</em></span> <span class='ocrx_word' id='word_1_127' title='bbox 683 1159 777 1209; x_wconf 79' lang='grc' dir='ltr'><em>ναὸς</em></span> <span class='ocrx_word' id='word_1_128' title='bbox 797 1159 902 1210; x_wconf 83' lang='grc' dir='ltr'><em>ἅπας</em></span> <span class='ocrx_word' id='word_1_129' title='bbox 921 1161 1149 1203; x_wconf 75' lang='grc' dir='ltr'><em>ἔκέκλειστο.</em></span> <span class='ocrx_word' id='word_1_130' title='bbox 1178 1163 1243 1202; x_wconf 82' lang='grc' dir='ltr'><em>καὶ</em></span> <span class='ocrx_word' id='word_1_131' title='bbox 1266 1157 1315 1215; x_wconf 78' lang='grc' dir='ltr'><em>ἦν</em></span> <span class='ocrx_word' id='word_1_132' title='bbox 1336 1163 1376 1203; x_wconf 75' lang='grc' dir='ltr'><em>ἒν</em></span> <span class='ocrx_word' id='word_1_133' title='bbox 1394 1162 1503 1219; x_wconf 77' lang='grc' dir='ltr'><em>αὐτῷ</em></span> <span class='ocrx_word' id='word_1_134' title='bbox 1524 1164 1633 1204; x_wconf 79' lang='grc' dir='ltr'><em>δυοῖν</em></span> <span class='ocrx_word' id='word_1_135' title='bbox 1650 1161 1776 1205; x_wconf 72' lang='grc' dir='ltr'><em>θάτε-</em></span> 
     </span>
     <span class='ocr_line' id='line_1_16' title="bbox 342 1224 1831 1284; baseline 0.004 -18"><span class='ocrx_word' id='word_1_136' title='bbox 342 1241 437 1281; x_wconf 88' lang='grc' dir='ltr'><em>ρον,</em></span> <span class='ocrx_word' id='word_1_137' title='bbox 483 1224 510 1278; x_wconf 82' lang='grc' dir='ltr'>ἢ</span> <span class='ocrx_word' id='word_1_138' title='bbox 542 1224 784 1281; x_wconf 76' lang='grc' dir='ltr'><em>ὁμολογῆσαι</em></span> <span class='ocrx_word' id='word_1_139' title='bbox 815 1228 883 1269; x_wconf 86' lang='grc' dir='ltr'>τὸν</span> <span class='ocrx_word' id='word_1_140' title='bbox 913 1226 1048 1269; x_wconf 89' lang='grc' dir='ltr'><em>πάπαν</em></span> <span class='ocrx_word' id='word_1_141' title='bbox 1069 1232 1226 1284; x_wconf 86' lang='grc' dir='ltr'><em>πρῶτον</em></span> <span class='ocrx_word' id='word_1_142' title='bbox 1247 1229 1431 1284; x_wconf 79' lang='grc' dir='ltr'><em>ἀρχιερέα</em></span> <span class='ocrx_word' id='word_1_143' title='bbox 1451 1231 1518 1270; x_wconf 82' lang='grc' dir='ltr'><em>καὶ</em></span> <span class='ocrx_word' id='word_1_144' title='bbox 1538 1227 1680 1271; x_wconf 82' lang='grc' dir='ltr'><em>τούτου</em></span> <span class='ocrx_word' id='word_1_145' title='bbox 1702 1229 1774 1284; x_wconf 83' lang='grc' dir='ltr'>τὴν</span> <span class='ocrx_word' id='word_1_146' title='bbox 1787 1241 1831 1277; x_wconf 81' lang='lat'>15</span> 
     </span>
     <span class='ocr_line' id='line_1_17' title="bbox 340 1290 1778 1354; baseline 0.003 -21"><span class='ocrx_word' id='word_1_147' title='bbox 340 1290 501 1346; x_wconf 84' lang='grc' dir='ltr'><em>μνήμην</em></span> <span class='ocrx_word' id='word_1_148' title='bbox 514 1293 554 1333; x_wconf 75' lang='grc' dir='ltr'><em>ἓν</em></span> <span class='ocrx_word' id='word_1_149' title='bbox 568 1293 862 1348; x_wconf 77' lang='grc' dir='ltr'><em>ἴεροτελεστιάις</em></span> <span class='ocrx_word' id='word_1_150' title='bbox 880 1302 1015 1345; x_wconf 81' lang='grc' dir='ltr'><em>ποιεῖν,</em></span> <span class='ocrx_word' id='word_1_151' title='bbox 1041 1294 1067 1348; x_wconf 77' lang='grc' dir='ltr'>ἢ</span> <span class='ocrx_word' id='word_1_152' title='bbox 1087 1293 1266 1336; x_wconf 73' lang='grc' dir='ltr'><em>θάνατον</em></span> <span class='ocrx_word' id='word_1_153' title='bbox 1287 1293 1384 1336; x_wconf 79' lang='grc' dir='ltr'><em>εἶναι</em></span> <span class='ocrx_word' id='word_1_154' title='bbox 1402 1299 1459 1354; x_wconf 74' lang='grc' dir='ltr'>τῷ</span> <span class='ocrx_word' id='word_1_155' title='bbox 1475 1296 1534 1350; x_wconf 82' lang='grc' dir='ltr'><em>μὴ</em></span> <span class='ocrx_word' id='word_1_156' title='bbox 1555 1298 1778 1354; x_wconf 79' lang='grc' dir='ltr'><em>διαπραξα-</em></span> 
     </span>
     <span class='ocr_line' id='line_1_18' title="bbox 342 1357 1778 1418; baseline 0.005 -19"><span class='ocrx_word' id='word_1_157' title='bbox 342 1359 448 1416; x_wconf 86' lang='grc' dir='ltr'><em>μένῳ</em></span> <span class='ocrx_word' id='word_1_158' title='bbox 469 1363 584 1400; x_wconf 79' lang='grc' dir='ltr'><em>τοῦτο</em></span> <span class='ocrx_word' id='word_1_159' title='bbox 610 1359 654 1400; x_wconf 79' lang='grc' dir='ltr'>τὸ</span> <span class='ocrx_word' id='word_1_160' title='bbox 678 1361 882 1414; x_wconf 74' lang='grc' dir='ltr'><em>ἐπιτίμιον.</em></span> <span class='ocrx_word' id='word_1_161' title='bbox 949 1366 1065 1403; x_wconf 80' lang='grc' dir='ltr'><em>τοῦτο</em></span> <span class='ocrx_word' id='word_1_162' title='bbox 1089 1364 1143 1411; x_wconf 80' lang='grc' dir='ltr'>εἷς</span> <span class='ocrx_word' id='word_1_163' title='bbox 1163 1363 1425 1418; x_wconf 71' lang='grc' dir='ltr'><em>βαρυθυμιάν</em></span> <span class='ocrx_word' id='word_1_164' title='bbox 1452 1357 1520 1418; x_wconf 78' lang='grc' dir='ltr'>ἦγε</span> <span class='ocrx_word' id='word_1_165' title='bbox 1548 1363 1642 1413; x_wconf 73' lang='grc' dir='ltr'><em>τοὺς</em></span> <span class='ocrx_word' id='word_1_166' title='bbox 1665 1362 1778 1418; x_wconf 78' lang='grc' dir='ltr'><em>οῗκή-</em></span> 
     </span>
    </p>

    <p class='ocr_par' dir='ltr' id='par_1_5' title="bbox 291 1428 1779 1555">
     <span class='ocr_line' id='line_1_19' title="bbox 291 1428 1779 1487; baseline 0.003 -19"><span class='ocrx_word' id='word_1_167' title='bbox 291 1438 322 1473; x_wconf 88' lang='grc' dir='ltr'><em>Β</em></span> <span class='ocrx_word' id='word_1_168' title='bbox 344 1443 466 1483; x_wconf 87' lang='grc' dir='ltr'><em>τορας</em></span> <span class='ocrx_word' id='word_1_169' title='bbox 487 1430 557 1480; x_wconf 84' lang='grc' dir='ltr'>τῆς</span> <span class='ocrx_word' id='word_1_170' title='bbox 578 1428 894 1479; x_wconf 86' lang='grc' dir='ltr'><em>Κωνσταντίνου,</em></span> <span class='ocrx_word' id='word_1_171' title='bbox 928 1430 993 1470; x_wconf 85' lang='grc' dir='ltr'><em>καὶ</em></span> <span class='ocrx_word' id='word_1_172' title='bbox 1016 1428 1192 1482; x_wconf 89' lang='grc' dir='ltr'><em>μάλιστα</em></span> <span class='ocrx_word' id='word_1_173' title='bbox 1214 1433 1291 1471; x_wconf 88' lang='grc' dir='ltr'>τῶν</span> <span class='ocrx_word' id='word_1_174' title='bbox 1314 1429 1445 1471; x_wconf 77' lang='grc' dir='ltr'><em>ἄλλων</em></span> <span class='ocrx_word' id='word_1_175' title='bbox 1464 1430 1557 1480; x_wconf 77' lang='grc' dir='ltr'><em>τοὺς</em></span> <span class='ocrx_word' id='word_1_176' title='bbox 1580 1429 1779 1487; x_wconf 77' lang='grc' dir='ltr'><em>προύχον-</em></span> 
     </span>
     <span class='ocr_line' id='line_1_20' title="bbox 343 1494 1778 1555; baseline 0.003 -19"><span class='ocrx_word' id='word_1_177' title='bbox 343 1511 429 1546; x_wconf 87' lang='grc' dir='ltr'><em>τας,</em></span> <span class='ocrx_word' id='word_1_178' title='bbox 457 1494 502 1535; x_wconf 72' lang='grc' dir='ltr'><em>οἳ</em></span> <span class='ocrx_word' id='word_1_179' title='bbox 517 1496 584 1535; x_wconf 87' lang='grc' dir='ltr'><em>καὶ</em></span> <span class='ocrx_word' id='word_1_180' title='bbox 607 1494 707 1551; x_wconf 84' lang='grc' dir='ltr'><em>πρὸς</em></span> <span class='ocrx_word' id='word_1_181' title='bbox 728 1495 796 1537; x_wconf 83' lang='grc' dir='ltr'>τὸν</span> <span class='ocrx_word' id='word_1_182' title='bbox 814 1497 982 1549; x_wconf 90' lang='grc' dir='ltr'><em>βασιλέα</em></span> <span class='ocrx_word' id='word_1_183' title='bbox 998 1497 1142 1553; x_wconf 80' lang='grc' dir='ltr'><em>Ἔρρῆν</em></span> <span class='ocrx_word' id='word_1_184' title='bbox 1164 1497 1373 1553; x_wconf 80' lang='grc' dir='ltr'><em>ἀφιγμένοι</em></span> <span class='ocrx_word' id='word_1_185' title='bbox 1390 1495 1532 1552; x_wconf 47' lang='grc' dir='ltr'>(εῆμεῖς</span> <span class='ocrx_word' id='word_1_186' title='bbox 1550 1499 1651 1551; x_wconf 78' lang='grc' dir='ltr'><em>μὲν”</em></span> <span class='ocrx_word' id='word_1_187' title='bbox 1675 1498 1778 1555; x_wconf 66' lang='grc' dir='ltr'><em>ἔφα·-</em></span> 
     </span>
    </p>

    <p class='ocr_par' dir='ltr' id='par_1_6' title="bbox 342 1559 1832 1940">
     <span class='ocr_line' id='line_1_21' title="bbox 345 1559 1832 1621; baseline 0.003 -17"><span class='ocrx_word' id='word_1_188' title='bbox 345 1578 421 1604; x_wconf 90' lang='grc' dir='ltr'>σαν</span> <span class='ocrx_word' id='word_1_189' title='bbox 444 1559 598 1604; x_wconf 68' lang='grc' dir='ltr'>αἄλλου</span> <span class='ocrx_word' id='word_1_190' title='bbox 621 1561 819 1617; x_wconf 82' lang='grc' dir='ltr'><em>γεγονότες</em></span> <span class='ocrx_word' id='word_1_191' title='bbox 839 1564 994 1618; x_wconf 87' lang='grc' dir='ltr'><em>γένους,</em></span> <span class='ocrx_word' id='word_1_192' title='bbox 1030 1566 1095 1606; x_wconf 83' lang='grc' dir='ltr'><em>καὶ</em></span> <span class='ocrx_word' id='word_1_193' title='bbox 1120 1563 1240 1606; x_wconf 77' lang='grc' dir='ltr'><em>ἄλλον</em></span> <span class='ocrx_word' id='word_1_194' title='bbox 1265 1565 1448 1621; x_wconf 78' lang='grc' dir='ltr'><em>ἀρχιερέα</em></span> <span class='ocrx_word' id='word_1_195' title='bbox 1470 1565 1644 1618; x_wconf 52' lang='grc' dir='ltr'><em>ἔχοντες,</em></span> <span class='ocrx_word' id='word_1_196' title='bbox 1681 1564 1832 1615; x_wconf 65' lang='lat' dir='ltr'>{av-20</span> 
     </span>
     <span class='ocr_line' id='line_1_22' title="bbox 342 1627 1778 1687; baseline 0.003 -15"><span class='ocrx_word' id='word_1_197' title='bbox 342 1629 437 1679; x_wconf 74' lang='grc' dir='ltr'><em>τοὺς</em></span> <span class='ocrx_word' id='word_1_198' title='bbox 457 1633 514 1687; x_wconf 77' lang='grc' dir='ltr'>τῷ</span> <span class='ocrx_word' id='word_1_199' title='bbox 535 1627 667 1685; x_wconf 88' lang='grc' dir='ltr'><em>κράτει</em></span> <span class='ocrx_word' id='word_1_200' title='bbox 681 1647 753 1671; x_wconf 90' lang='grc' dir='ltr'>σου</span> <span class='ocrx_word' id='word_1_201' title='bbox 774 1629 1022 1684; x_wconf 72' lang='grc' dir='ltr'><em>ὑπετάξαμεν</em></span> <span class='ocrx_word' id='word_1_202' title='bbox 1044 1630 1142 1673; x_wconf 81' lang='grc' dir='ltr'><em>ὥστε</em></span> <span class='ocrx_word' id='word_1_203' title='bbox 1165 1635 1399 1685; x_wconf 83' lang='grc' dir='ltr'><em>σωματικῶς</em></span> <span class='ocrx_word' id='word_1_204' title='bbox 1417 1631 1628 1687; x_wconf 83' lang='grc' dir='ltr'><em>κατάρχειν</em></span> <span class='ocrx_word' id='word_1_205' title='bbox 1649 1631 1778 1687; x_wconf 75' lang='grc' dir='ltr'><em>ἡμῶν,</em></span> 
     </span>
     <span class='ocr_line' id='line_1_23' title="bbox 345 1695 1780 1759; baseline 0.003 -21"><span class='ocrx_word' id='word_1_206' title='bbox 345 1697 391 1738; x_wconf 81' lang='grc' dir='ltr'><em>οὗ</em></span> <span class='ocrx_word' id='word_1_207' title='bbox 412 1695 494 1751; x_wconf 83' lang='grc' dir='ltr'>μήν</span> <span class='ocrx_word' id='word_1_208' title='bbox 516 1713 558 1752; x_wconf 89' lang='grc' dir='ltr'>γε</span> <span class='ocrx_word' id='word_1_209' title='bbox 581 1701 764 1751; x_wconf 85' lang='grc' dir='ltr'><em>ψυχικῶς</em></span> <span class='ocrx_word' id='word_1_210' title='bbox 787 1700 854 1739; x_wconf 87' lang='grc' dir='ltr'><em>καὶ</em></span> <span class='ocrx_word' id='word_1_211' title='bbox 882 1703 1165 1753; x_wconf 82' lang='grc' dir='ltr'><em>πνευματικῶς.</em></span> <span class='ocrx_word' id='word_1_212' title='bbox 1230 1702 1305 1740; x_wconf 78' lang='grc' dir='ltr'>σοῦ</span> <span class='ocrx_word' id='word_1_213' title='bbox 1332 1699 1405 1752; x_wconf 75' lang='grc' dir='ltr'>μὲν</span> <span class='ocrx_word' id='word_1_214' title='bbox 1434 1699 1511 1755; x_wconf 83' lang='grc' dir='ltr'><em>γὰρ</em></span> <span class='ocrx_word' id='word_1_215' title='bbox 1546 1700 1586 1741; x_wconf 77' lang='grc' dir='ltr'><em>ἓν</em></span> <span class='ocrx_word' id='word_1_216' title='bbox 1619 1700 1780 1759; x_wconf 79' lang='grc' dir='ltr'><em>πολέμῳ</em></span> 
     </span>
     <span class='ocr_line' id='line_1_24' title="bbox 433 1800 1780 1847; baseline 0.002 -9"><span class='ocrx_word' id='word_1_217' title='bbox 433 1803 457 1838; x_wconf 81' lang='grc'>3</span> <span class='ocrx_word' id='word_1_218' title='bbox 473 1800 601 1842; x_wconf 73' lang='grc' dir='ltr'><em>αὐτοῖς</em></span> <span class='ocrx_word' id='word_1_219' title='bbox 616 1801 782 1847; x_wconf 82' lang='grc' dir='ltr'><em>φυλακὴν</em></span> <span class='ocrx_word' id='word_1_220' title='bbox 797 1803 828 1837; x_wconf 95' lang='lat' dir='ltr'>D</span> <span class='ocrx_word' id='word_1_221' title='bbox 918 1802 942 1838; x_wconf 86' lang='lat'>4</span> <span class='ocrx_word' id='word_1_222' title='bbox 956 1802 1108 1838; x_wconf 79' lang='grc' dir='ltr'><em>τουτουῒ</em></span> <span class='ocrx_word' id='word_1_223' title='bbox 1124 1801 1164 1837; x_wconf 81' lang='grc' dir='ltr'>δὲ</span> <span class='ocrx_word' id='word_1_224' title='bbox 1180 1803 1272 1847; x_wconf 81' lang='grc' dir='ltr'><em>τοῦ]</em></span> <span class='ocrx_word' id='word_1_225' title='bbox 1293 1804 1361 1838; x_wconf 76' lang='grc' dir='ltr'>τοῦ</span> <span class='ocrx_word' id='word_1_226' title='bbox 1377 1802 1417 1839; x_wconf 78' lang='grc' dir='ltr'>δὲ</span> <span class='ocrx_word' id='word_1_227' title='bbox 1432 1804 1464 1838; x_wconf 92' lang='lat' dir='ltr'>D</span> <span class='ocrx_word' id='word_1_228' title='bbox 1554 1805 1576 1841; x_wconf 86' lang='lat'><strong><em>5</em></strong></span> <span class='ocrx_word' id='word_1_229' title='bbox 1591 1816 1644 1840; x_wconf 88' lang='grc' dir='ltr'>πα</span> <span class='ocrx_word' id='word_1_230' title='bbox 1667 1803 1692 1840; x_wconf 76' lang='grc' dir='ltr'>ἃ</span> <span class='ocrx_word' id='word_1_231' title='bbox 1708 1806 1780 1841; x_wconf 71' lang='grc' dir='ltr'>τοῦ</span> 
     </span>
     <span class='ocr_line' id='line_1_25' title="bbox 435 1845 1778 1896; baseline 0.004 -14"><span class='ocrx_word' id='word_1_232' title='bbox 435 1845 545 1882; x_wconf 63' lang='grc' dir='ltr'><em>πάντα</em></span> <span class='ocrx_word' id='word_1_233' title='bbox 561 1859 613 1881; x_wconf 90' lang='lat' dir='ltr'>om</span> <span class='ocrx_word' id='word_1_234' title='bbox 627 1849 658 1882; x_wconf 90' lang='lat' dir='ltr'>D</span> <span class='ocrx_word' id='word_1_235' title='bbox 772 1849 854 1896; x_wconf 82' lang='grc' dir='ltr'><em>βασ.</em></span> <span class='ocrx_word' id='word_1_236' title='bbox 871 1849 946 1882; x_wconf 79' lang='grc' dir='ltr'>τῶν</span> <span class='ocrx_word' id='word_1_237' title='bbox 963 1847 1118 1893; x_wconf 81' lang='grc' dir='ltr'><em>πόλεων]</em></span> <span class='ocrx_word' id='word_1_238' title='bbox 1141 1849 1421 1884; x_wconf 82' lang='grc' dir='ltr'><em>Κωνσταντίνου</em></span> <span class='ocrx_word' id='word_1_239' title='bbox 1436 1850 1468 1885; x_wconf 90' lang='lat' dir='ltr'>D</span> <span class='ocrx_word' id='word_1_240' title='bbox 1578 1852 1601 1886; x_wconf 92' lang='lat'><strong>9</strong></span> <span class='ocrx_word' id='word_1_241' title='bbox 1624 1851 1647 1886; x_wconf 81' lang='grc' dir='ltr'><em>δ</em></span> <span class='ocrx_word' id='word_1_242' title='bbox 1679 1863 1732 1886; x_wconf 89' lang='lat' dir='ltr'>om</span> <span class='ocrx_word' id='word_1_243' title='bbox 1745 1852 1778 1886; x_wconf 92' lang='lat' dir='ltr'>D</span> 
     </span>
     <span class='ocr_line' id='line_1_26' title="bbox 438 1892 1778 1940; baseline 0.001 -11"><span class='ocrx_word' id='word_1_244' title='bbox 438 1896 482 1929; x_wconf 90' lang='lat'>10</span> <span class='ocrx_word' id='word_1_245' title='bbox 502 1892 673 1936; x_wconf 83' lang='grc' dir='ltr'><em>τυχόντος</em></span> <span class='ocrx_word' id='word_1_246' title='bbox 697 1894 728 1927; x_wconf 93' lang='lat' dir='ltr'>D</span> <span class='ocrx_word' id='word_1_247' title='bbox 863 1892 963 1928; x_wconf 71' lang='grc' dir='ltr'><em>δεινοὶ</em></span> <span class='ocrx_word' id='word_1_248' title='bbox 991 1897 1068 1933; x_wconf 83' lang='grc' dir='ltr'><em>τοῖς</em></span> <span class='ocrx_word' id='word_1_249' title='bbox 1087 1895 1529 1935; x_wconf 81' lang='grc' dir='ltr'><em>Κωνσταντινουπολίτοιις</em></span> <span class='ocrx_word' id='word_1_250' title='bbox 1548 1893 1724 1940; x_wconf 80' lang='grc' dir='ltr'><em>παρέσχεν</em></span> <span class='ocrx_word' id='word_1_251' title='bbox 1745 1898 1778 1930; x_wconf 87' lang='lat' dir='ltr'>D</span> 
     </span>
    </p>
   </div>
   <div class='ocr_carea' id='block_1_3' title="bbox 437 1935 1778 2029">
    <p class='ocr_par' dir='ltr' id='par_1_7' title="bbox 437 1935 1778 2029">
     <span class='ocr_line' id='line_1_27' title="bbox 437 1935 1778 1983; baseline 0.001 -10"><span class='ocrx_word' id='word_1_252' title='bbox 437 1939 481 1973; x_wconf 81' lang='lat'>14</span> <span class='ocrx_word' id='word_1_253' title='bbox 495 1935 710 1982; x_wconf 80' lang='grc' dir='ltr'><em>ἐγκέκλειστο</em></span> <span class='ocrx_word' id='word_1_254' title='bbox 732 1939 758 1972; x_wconf 90' lang='lat' dir='ltr'>D</span> <span class='ocrx_word' id='word_1_255' title='bbox 830 1941 872 1973; x_wconf 87' lang='lat'>16</span> <span class='ocrx_word' id='word_1_256' title='bbox 887 1940 1020 1983; x_wconf 81' lang='grc' dir='ltr'><em>ποιεῖν]</em></span> <span class='ocrx_word' id='word_1_257' title='bbox 1041 1937 1215 1983; x_wconf 80' lang='grc' dir='ltr'><em>ἐκφωνεῖν</em></span> <span class='ocrx_word' id='word_1_258' title='bbox 1230 1940 1262 1972; x_wconf 91' lang='lat' dir='ltr'>D</span> <span class='ocrx_word' id='word_1_259' title='bbox 1339 1942 1380 1975; x_wconf 88' lang='lat'>17</span> <span class='ocrx_word' id='word_1_260' title='bbox 1399 1940 1511 1974; x_wconf 81' lang='grc' dir='ltr'><em>τοῦτο</em></span> <span class='ocrx_word' id='word_1_261' title='bbox 1528 1944 1606 1974; x_wconf 88' lang='lat' dir='ltr'>ante</span> <span class='ocrx_word' id='word_1_262' title='bbox 1620 1939 1662 1976; x_wconf 85' lang='grc' dir='ltr'>τὸ</span> <span class='ocrx_word' id='word_1_263' title='bbox 1680 1952 1731 1975; x_wconf 89' lang='lat' dir='ltr'>om</span> <span class='ocrx_word' id='word_1_264' title='bbox 1746 1941 1778 1975; x_wconf 92' lang='lat' dir='ltr'>D</span> 
     </span>
     <span class='ocr_line' id='line_1_28' title="bbox 440 1981 1585 2029; baseline 0.002 -11"><span class='ocrx_word' id='word_1_265' title='bbox 440 1984 482 2018; x_wconf 88' lang='lat'>19</span> <span class='ocrx_word' id='word_1_266' title='bbox 500 1981 566 2017; x_wconf 84' lang='grc' dir='ltr'>τὸν</span> <span class='ocrx_word' id='word_1_267' title='bbox 582 1981 819 2029; x_wconf 83' lang='grc' dir='ltr'><em>βασιλεύοντα</em></span> <span class='ocrx_word' id='word_1_268' title='bbox 836 1982 903 2018; x_wconf 89' lang='grc' dir='ltr'>τὸν</span> <span class='ocrx_word' id='word_1_269' title='bbox 919 1985 950 2018; x_wconf 93' lang='lat' dir='ltr'>D</span> <span class='ocrx_word' id='word_1_270' title='bbox 1040 1986 1085 2019; x_wconf 75' lang='lat'>22</span> <span class='ocrx_word' id='word_1_271' title='bbox 1099 1984 1174 2029; x_wconf 81' lang='grc' dir='ltr'><em>καὶ]</em></span> <span class='ocrx_word' id='word_1_272' title='bbox 1193 1981 1215 2029; x_wconf 82' lang='grc' dir='ltr'><em>ἢ</em></span> <span class='ocrx_word' id='word_1_273' title='bbox 1232 1985 1264 2017; x_wconf 96' lang='lat' dir='ltr'>D</span> <span class='ocrx_word' id='word_1_274' title='bbox 1354 1983 1526 2029; x_wconf 80' lang='grc' dir='ltr'><em>πολέμοις</em></span> <span class='ocrx_word' id='word_1_275' title='bbox 1540 1985 1585 2020; x_wconf 91' lang='lat' dir='ltr'>D.</span> 
     </span>
    </p>
   </div>
   <div class='ocr_carea' id='block_1_4' title="bbox 320 2072 1784 2838">
    <p class='ocr_par' dir='ltr' id='par_1_8' title="bbox 349 2072 1778 2165">
     <span class='ocr_line' id='line_1_29' title="bbox 349 2072 1778 2121; baseline 0.003 -15"><span class='ocrx_word' id='word_1_276' title='bbox 349 2074 414 2107; x_wconf 89' lang='lat' dir='ltr'>bus</span> <span class='ocrx_word' id='word_1_277' title='bbox 430 2084 471 2106; x_wconf 85' lang='lat' dir='ltr'>ex</span> <span class='ocrx_word' id='word_1_278' title='bbox 488 2072 604 2106; x_wconf 87' lang='lat' dir='ltr'>eodem</span> <span class='ocrx_word' id='word_1_279' title='bbox 619 2085 741 2117; x_wconf 82' lang='lat' dir='ltr'>genere</span> <span class='ocrx_word' id='word_1_280' title='bbox 755 2074 944 2118; x_wconf 85' lang='lat' dir='ltr'>assignatis,</span> <span class='ocrx_word' id='word_1_281' title='bbox 962 2074 1103 2108; x_wconf 89' lang='lat' dir='ltr'>omnium</span> <span class='ocrx_word' id='word_1_282' title='bbox 1118 2074 1335 2119; x_wconf 81' lang='lat' dir='ltr'>principatum</span> <span class='ocrx_word' id='word_1_283' title='bbox 1349 2074 1611 2120; x_wconf 87' lang='lat' dir='ltr'>Theophilopulo</span> <span class='ocrx_word' id='word_1_284' title='bbox 1627 2075 1778 2121; x_wconf 86' lang='lat' dir='ltr'>Georgio</span> 
     </span>
     <span class='ocr_line' id='line_1_30' title="bbox 349 2117 1390 2165; baseline -0.001 -13"><span class='ocrx_word' id='word_1_285' title='bbox 349 2117 525 2160; x_wconf 73' lang='lat' dir='ltr'>commisit,</span> <span class='ocrx_word' id='word_1_286' title='bbox 548 2123 583 2151; x_wconf 89' lang='lat' dir='ltr'>et</span> <span class='ocrx_word' id='word_1_287' title='bbox 598 2119 804 2153; x_wconf 85' lang='lat' dir='ltr'>orientalium</span> <span class='ocrx_word' id='word_1_288' title='bbox 821 2120 959 2165; x_wconf 87' lang='lat' dir='ltr'>partium</span> <span class='ocrx_word' id='word_1_289' title='bbox 976 2119 1158 2153; x_wconf 79' lang='lat' dir='ltr'>custodiam</span> <span class='ocrx_word' id='word_1_290' title='bbox 1172 2119 1390 2153; x_wconf 81' lang='lat' dir='ltr'>demandavit.</span> 
     </span>
    </p>

    <p class='ocr_par' dir='ltr' id='par_1_9' title="bbox 349 2164 1780 2299">
     <span class='ocr_line' id='line_1_31' title="bbox 440 2164 1779 2209; baseline 0.001 -13"><span class='ocrx_word' id='word_1_291' title='bbox 440 2164 493 2197; x_wconf 89' lang='lat'>17.</span> <span class='ocrx_word' id='word_1_292' title='bbox 542 2164 612 2198; x_wconf 90' lang='lat' dir='ltr'>Sub</span> <span class='ocrx_word' id='word_1_293' title='bbox 626 2165 687 2197; x_wconf 87' lang='lat' dir='ltr'>hoc</span> <span class='ocrx_word' id='word_1_294' title='bbox 702 2165 854 2209; x_wconf 84' lang='lat' dir='ltr'>Byzantii</span> <span class='ocrx_word' id='word_1_295' title='bbox 877 2165 1059 2209; x_wconf 81' lang='lat' dir='ltr'>imperante</span> <span class='ocrx_word' id='word_1_296' title='bbox 1082 2165 1125 2198; x_wconf 88' lang='lat' dir='ltr'>ad</span> <span class='ocrx_word' id='word_1_297' title='bbox 1141 2165 1285 2208; x_wconf 84' lang='lat' dir='ltr'>reginam</span> <span class='ocrx_word' id='word_1_298' title='bbox 1304 2164 1431 2198; x_wconf 87' lang='lat' dir='ltr'>urbium</span> <span class='ocrx_word' id='word_1_299' title='bbox 1447 2175 1467 2198; x_wconf 78' lang='lat' dir='ltr'>a</span> <span class='ocrx_word' id='word_1_300' title='bbox 1481 2174 1605 2198; x_wconf 79' lang='lat' dir='ltr'>summo</span> <span class='ocrx_word' id='word_1_301' title='bbox 1619 2165 1779 2209; x_wconf 85' lang='lat' dir='ltr'>pontifice</span> 
     </span>
     <span class='ocr_line' id='line_1_32' title="bbox 349 2208 1780 2254; baseline 0.002 -14"><span class='ocrx_word' id='word_1_302' title='bbox 349 2208 484 2252; x_wconf 81' lang='lat' dir='ltr'>praesul</span> <span class='ocrx_word' id='word_1_303' title='bbox 501 2208 582 2252; x_wconf 90' lang='lat' dir='ltr'>(ipsi</span> <span class='ocrx_word' id='word_1_304' title='bbox 597 2209 741 2252; x_wconf 88' lang='lat' dir='ltr'>legatum</span> <span class='ocrx_word' id='word_1_305' title='bbox 756 2210 946 2253; x_wconf 83' lang='lat' dir='ltr'>indigitant)</span> <span class='ocrx_word' id='word_1_306' title='bbox 962 2209 1120 2253; x_wconf 82' lang='lat' dir='ltr'>Pelagius</span> <span class='ocrx_word' id='word_1_307' title='bbox 1139 2210 1268 2242; x_wconf 89' lang='lat' dir='ltr'>nomine</span> <span class='ocrx_word' id='word_1_308' title='bbox 1282 2220 1390 2254; x_wconf 89' lang='lat' dir='ltr'>papae</span> <span class='ocrx_word' id='word_1_309' title='bbox 1404 2209 1652 2253; x_wconf 75' lang='lat' dir='ltr'>praerogativas</span> <span class='ocrx_word' id='word_1_310' title='bbox 1667 2221 1780 2248; x_wconf 85' lang='lat' dir='ltr'>omnes</span> 
     </span>
     <span class='ocr_line' id='line_1_33' title="bbox 350 2253 1780 2299; baseline 0.003 -14"><span class='ocrx_word' id='word_1_311' title='bbox 350 2253 500 2286; x_wconf 85' lang='lat' dir='ltr'>referens</span> <span class='ocrx_word' id='word_1_312' title='bbox 516 2254 706 2296; x_wconf 81' lang='lat' dir='ltr'>ablegatur:</span> <span class='ocrx_word' id='word_1_313' title='bbox 731 2265 869 2299; x_wconf 89' lang='lat' dir='ltr'>namque</span> <span class='ocrx_word' id='word_1_314' title='bbox 885 2255 1016 2287; x_wconf 86' lang='lat' dir='ltr'>calceos</span> <span class='ocrx_word' id='word_1_315' title='bbox 1033 2255 1150 2287; x_wconf 84' lang='lat' dir='ltr'>rubros</span> <span class='ocrx_word' id='word_1_316' title='bbox 1167 2254 1346 2296; x_wconf 87' lang='lat' dir='ltr'>induebat,</span> <span class='ocrx_word' id='word_1_317' title='bbox 1369 2265 1476 2298; x_wconf 89' lang='lat' dir='ltr'>neque</span> <span class='ocrx_word' id='word_1_318' title='bbox 1492 2254 1780 2289; x_wconf 79' lang='lat' dir='ltr'>diversicoloribus</span> 
     </span>
    </p>

    <p class='ocr_par' dir='ltr' id='par_1_10' title="bbox 320 2297 1784 2838">
     <span class='ocr_line' id='line_1_34' title="bbox 320 2297 1781 2344; baseline 0.003 -15"><span class='ocrx_word' id='word_1_319' title='bbox 320 2332 327 2338; x_wconf 28' lang='grc' dir='ltr'><em>ι</em></span> <span class='ocrx_word' id='word_1_320' title='bbox 348 2297 548 2330; x_wconf 88' lang='lat' dir='ltr'>indumentis</span> <span class='ocrx_word' id='word_1_321' title='bbox 573 2298 805 2341; x_wconf 73' lang='lat' dir='ltr'>amiciebatur,</span> <span class='ocrx_word' id='word_1_322' title='bbox 836 2299 1011 2344; x_wconf 89' lang='lat' dir='ltr'>quinimmo</span> <span class='ocrx_word' id='word_1_323' title='bbox 1028 2299 1103 2343; x_wconf 88' lang='lat' dir='ltr'>equi</span> <span class='ocrx_word' id='word_1_324' title='bbox 1118 2299 1264 2342; x_wconf 85' lang='lat' dir='ltr'>sagulum</span> <span class='ocrx_word' id='word_1_325' title='bbox 1281 2302 1316 2332; x_wconf 90' lang='lat' dir='ltr'>et</span> <span class='ocrx_word' id='word_1_326' title='bbox 1328 2299 1444 2332; x_wconf 82' lang='lat' dir='ltr'>fraena</span> <span class='ocrx_word' id='word_1_327' title='bbox 1459 2299 1573 2332; x_wconf 91' lang='lat' dir='ltr'>eodem</span> <span class='ocrx_word' id='word_1_328' title='bbox 1587 2299 1781 2334; x_wconf 80' lang='lat' dir='ltr'>inficieban-</span> 
     </span>
     <span class='ocr_line' id='line_1_35' title="bbox 351 2344 1781 2388; baseline 0.003 -14"><span class='ocrx_word' id='word_1_329' title='bbox 351 2345 409 2375; x_wconf 87' lang='lat' dir='ltr'>tur</span> <span class='ocrx_word' id='word_1_330' title='bbox 423 2352 564 2375; x_wconf 79' lang='lat' dir='ltr'>veneno,</span> <span class='ocrx_word' id='word_1_331' title='bbox 589 2347 623 2375; x_wconf 90' lang='lat' dir='ltr'>et</span> <span class='ocrx_word' id='word_1_332' title='bbox 639 2354 709 2376; x_wconf 90' lang='lat' dir='ltr'>cum</span> <span class='ocrx_word' id='word_1_333' title='bbox 725 2344 868 2377; x_wconf 89' lang='lat' dir='ltr'>moribus</span> <span class='ocrx_word' id='word_1_334' title='bbox 884 2349 971 2377; x_wconf 81' lang='lat' dir='ltr'>esset</span> <span class='ocrx_word' id='word_1_335' title='bbox 986 2344 1240 2386; x_wconf 78' lang='lat' dir='ltr'>immanioribus,</span> <span class='ocrx_word' id='word_1_336' title='bbox 1263 2344 1370 2376; x_wconf 83' lang='lat' dir='ltr'>fastus</span> <span class='ocrx_word' id='word_1_337' title='bbox 1386 2354 1425 2376; x_wconf 86' lang='lat' dir='ltr'>ac</span> <span class='ocrx_word' id='word_1_338' title='bbox 1439 2344 1636 2377; x_wconf 79' lang='lat' dir='ltr'>insolentiae</span> <span class='ocrx_word' id='word_1_339' title='bbox 1652 2345 1781 2388; x_wconf 82' lang='lat' dir='ltr'>plenus,</span> 
     </span>
     <span class='ocr_line' id='line_1_36' title="bbox 352 2387 1781 2433; baseline 0.003 -14"><span class='ocrx_word' id='word_1_340' title='bbox 352 2387 484 2420; x_wconf 89' lang='lat' dir='ltr'>nimium</span> <span class='ocrx_word' id='word_1_341' title='bbox 499 2387 533 2420; x_wconf 85' lang='lat' dir='ltr'>in</span> <span class='ocrx_word' id='word_1_342' title='bbox 549 2387 756 2430; x_wconf 83' lang='lat' dir='ltr'>Byzantinos</span> <span class='ocrx_word' id='word_1_343' title='bbox 772 2388 902 2421; x_wconf 85' lang='lat' dir='ltr'>saeviit.</span> <span class='ocrx_word' id='word_1_344' title='bbox 949 2393 981 2421; x_wconf 81' lang='lat' dir='ltr'>et</span> <span class='ocrx_word' id='word_1_345' title='bbox 998 2389 1201 2433; x_wconf 88' lang='lat' dir='ltr'>propositum</span> <span class='ocrx_word' id='word_1_346' title='bbox 1217 2400 1237 2421; x_wconf 87' lang='lat' dir='ltr'>a</span> <span class='ocrx_word' id='word_1_347' title='bbox 1252 2388 1378 2421; x_wconf 87' lang='lat' dir='ltr'>ratione</span> <span class='ocrx_word' id='word_1_348' title='bbox 1392 2389 1547 2422; x_wconf 82' lang='lat' dir='ltr'>aberrare</span> <span class='ocrx_word' id='word_1_349' title='bbox 1562 2400 1628 2422; x_wconf 94' lang='lat' dir='ltr'>non</span> <span class='ocrx_word' id='word_1_350' title='bbox 1644 2389 1781 2423; x_wconf 86' lang='lat' dir='ltr'>videba-</span> 
     </span>
     <span class='ocr_line' id='line_1_37' title="bbox 352 2432 1782 2477; baseline 0.001 -11"><span class='ocrx_word' id='word_1_351' title='bbox 352 2435 428 2466; x_wconf 81' lang='lat' dir='ltr'>tur:</span> <span class='ocrx_word' id='word_1_352' title='bbox 452 2442 563 2464; x_wconf 90' lang='lat' dir='ltr'>omnes</span> <span class='ocrx_word' id='word_1_353' title='bbox 580 2432 675 2475; x_wconf 88' lang='lat' dir='ltr'>enim,</span> <span class='ocrx_word' id='word_1_354' title='bbox 698 2438 736 2465; x_wconf 88' lang='lat' dir='ltr'>ut</span> <span class='ocrx_word' id='word_1_355' title='bbox 752 2433 859 2466; x_wconf 88' lang='lat' dir='ltr'>veteri</span> <span class='ocrx_word' id='word_1_356' title='bbox 874 2433 1000 2466; x_wconf 84' lang='lat' dir='ltr'>Romae</span> <span class='ocrx_word' id='word_1_357' title='bbox 1017 2433 1102 2466; x_wconf 82' lang='lat' dir='ltr'>colla</span> <span class='ocrx_word' id='word_1_358' title='bbox 1116 2433 1327 2474; x_wconf 87' lang='lat' dir='ltr'>subiicerent,</span> <span class='ocrx_word' id='word_1_359' title='bbox 1343 2434 1575 2477; x_wconf 85' lang='lat' dir='ltr'>compellebat.</span> <span class='ocrx_word' id='word_1_360' title='bbox 1620 2434 1695 2467; x_wconf 87' lang='lat' dir='ltr'>hinc</span> <span class='ocrx_word' id='word_1_361' title='bbox 1711 2446 1782 2468; x_wconf 85' lang='lat' dir='ltr'>mo-</span> 
     </span>
     <span class='ocr_line' id='line_1_38' title="bbox 354 2476 1782 2522; baseline 0.003 -13"><span class='ocrx_word' id='word_1_362' title='bbox 354 2476 451 2510; x_wconf 86' lang='lat' dir='ltr'>nachi</span> <span class='ocrx_word' id='word_1_363' title='bbox 467 2476 501 2509; x_wconf 92' lang='lat' dir='ltr'>in</span> <span class='ocrx_word' id='word_1_364' title='bbox 516 2487 682 2510; x_wconf 82' lang='lat' dir='ltr'>carcerem</span> <span class='ocrx_word' id='word_1_365' title='bbox 695 2477 829 2522; x_wconf 90' lang='lat' dir='ltr'>impingi</span> <span class='ocrx_word' id='word_1_366' title='bbox 842 2505 851 2521; x_wconf 87' lang='lat'>,</span> <span class='ocrx_word' id='word_1_367' title='bbox 885 2477 1077 2511; x_wconf 85' lang='lat' dir='ltr'>sacerdotes</span> <span class='ocrx_word' id='word_1_368' title='bbox 1101 2478 1133 2510; x_wconf 90' lang='lat' dir='ltr'>in</span> <span class='ocrx_word' id='word_1_369' title='bbox 1149 2478 1298 2521; x_wconf 84' lang='lat' dir='ltr'>vincula,</span> <span class='ocrx_word' id='word_1_370' title='bbox 1330 2483 1366 2511; x_wconf 89' lang='lat' dir='ltr'>et</span> <span class='ocrx_word' id='word_1_371' title='bbox 1381 2478 1503 2522; x_wconf 88' lang='lat' dir='ltr'>templa</span> <span class='ocrx_word' id='word_1_372' title='bbox 1517 2479 1626 2512; x_wconf 85' lang='lat' dir='ltr'>omnia</span> <span class='ocrx_word' id='word_1_373' title='bbox 1639 2479 1782 2521; x_wconf 85' lang='lat' dir='ltr'>occludi,</span> 
     </span>
     <span class='ocr_line' id='line_1_39' title="bbox 354 2522 1783 2569; baseline 0.002 -14"><span class='ocrx_word' id='word_1_374' title='bbox 354 2533 417 2555; x_wconf 88' lang='lat' dir='ltr'>nec</span> <span class='ocrx_word' id='word_1_375' title='bbox 431 2525 565 2566; x_wconf 85' lang='lat' dir='ltr'>praeter</span> <span class='ocrx_word' id='word_1_376' title='bbox 581 2522 663 2555; x_wconf 84' lang='lat' dir='ltr'>haec</span> <span class='ocrx_word' id='word_1_377' title='bbox 677 2522 743 2555; x_wconf 88' lang='lat' dir='ltr'>duo</span> <span class='ocrx_word' id='word_1_378' title='bbox 759 2522 891 2556; x_wconf 89' lang='lat' dir='ltr'>tertium</span> <span class='ocrx_word' id='word_1_379' title='bbox 907 2522 1028 2555; x_wconf 85' lang='lat' dir='ltr'>statui:</span> <span class='ocrx_word' id='word_1_380' title='bbox 1048 2522 1166 2555; x_wconf 84' lang='lat' dir='ltr'>etenim</span> <span class='ocrx_word' id='word_1_381' title='bbox 1181 2522 1235 2555; x_wconf 86' lang='lat' dir='ltr'>vel</span> <span class='ocrx_word' id='word_1_382' title='bbox 1251 2533 1369 2567; x_wconf 88' lang='lat' dir='ltr'>papam</span> <span class='ocrx_word' id='word_1_383' title='bbox 1386 2525 1524 2567; x_wconf 88' lang='lat' dir='ltr'>primum</span> <span class='ocrx_word' id='word_1_384' title='bbox 1539 2524 1679 2558; x_wconf 82' lang='lat' dir='ltr'>omnium</span> <span class='ocrx_word' id='word_1_385' title='bbox 1696 2535 1783 2569; x_wconf 86' lang='lat' dir='ltr'>pon-</span> 
     </span>
     <span class='ocr_line' id='line_1_40' title="bbox 354 2567 1783 2612; baseline 0.001 -11"><span class='ocrx_word' id='word_1_386' title='bbox 354 2567 478 2601; x_wconf 80' lang='lat' dir='ltr'>tificem</span> <span class='ocrx_word' id='word_1_387' title='bbox 493 2567 689 2610; x_wconf 88' lang='lat' dir='ltr'>faterentur,</span> <span class='ocrx_word' id='word_1_388' title='bbox 710 2567 863 2612; x_wconf 87' lang='lat' dir='ltr'>illiusque</span> <span class='ocrx_word' id='word_1_389' title='bbox 876 2567 964 2600; x_wconf 85' lang='lat' dir='ltr'>inter</span> <span class='ocrx_word' id='word_1_390' title='bbox 979 2578 1146 2600; x_wconf 83' lang='lat' dir='ltr'>sacrorum</span> <span class='ocrx_word' id='word_1_391' title='bbox 1161 2568 1318 2600; x_wconf 83' lang='lat' dir='ltr'>solemnia</span> <span class='ocrx_word' id='word_1_392' title='bbox 1331 2568 1517 2602; x_wconf 82' lang='lat' dir='ltr'>memoriam</span> <span class='ocrx_word' id='word_1_393' title='bbox 1534 2569 1681 2602; x_wconf 81' lang='lat' dir='ltr'>facerent</span> <span class='ocrx_word' id='word_1_394' title='bbox 1691 2595 1702 2611; x_wconf 92' lang='lat'><strong>‚</strong></span> <span class='ocrx_word' id='word_1_395' title='bbox 1725 2568 1783 2603; x_wconf 79' lang='lat' dir='ltr'>vei</span> 
     </span>
     <span class='ocr_line' id='line_1_41' title="bbox 356 2611 1782 2657; baseline 0.001 -13"><span class='ocrx_word' id='word_1_396' title='bbox 356 2611 413 2657; x_wconf 93' lang='lat' dir='ltr'>qui</span> <span class='ocrx_word' id='word_1_397' title='bbox 426 2611 460 2644; x_wconf 93' lang='lat' dir='ltr'>id</span> <span class='ocrx_word' id='word_1_398' title='bbox 476 2611 678 2654; x_wconf 85' lang='lat' dir='ltr'>abnuissent,</span> <span class='ocrx_word' id='word_1_399' title='bbox 701 2618 807 2646; x_wconf 87' lang='lat' dir='ltr'>morte</span> <span class='ocrx_word' id='word_1_400' title='bbox 822 2612 1005 2657; x_wconf 85' lang='lat' dir='ltr'>penderent</span> <span class='ocrx_word' id='word_1_401' title='bbox 1019 2622 1168 2655; x_wconf 87' lang='lat' dir='ltr'>poenam.</span> <span class='ocrx_word' id='word_1_402' title='bbox 1216 2613 1279 2645; x_wconf 85' lang='lat' dir='ltr'>hoc</span> <span class='ocrx_word' id='word_1_403' title='bbox 1296 2612 1450 2655; x_wconf 80' lang='lat' dir='ltr'>Byzantii</span> <span class='ocrx_word' id='word_1_404' title='bbox 1465 2613 1598 2646; x_wconf 83' lang='lat' dir='ltr'>accolae</span> <span class='ocrx_word' id='word_1_405' title='bbox 1609 2641 1619 2655; x_wconf 85' lang='lat'><em>‚</em></span> <span class='ocrx_word' id='word_1_406' title='bbox 1643 2618 1677 2647; x_wconf 88' lang='lat' dir='ltr'>et</span> <span class='ocrx_word' id='word_1_407' title='bbox 1693 2615 1782 2647; x_wconf 80' lang='lat' dir='ltr'>inter</span> 
     </span>
     <span class='ocr_line' id='line_1_42' title="bbox 357 2656 1783 2702; baseline -0.001 -11"><span class='ocrx_word' id='word_1_408' title='bbox 357 2668 415 2691; x_wconf 79' lang='lat' dir='ltr'>eos</span> <span class='ocrx_word' id='word_1_409' title='bbox 430 2656 553 2701; x_wconf 85' lang='lat' dir='ltr'>primas</span> <span class='ocrx_word' id='word_1_410' title='bbox 569 2657 753 2691; x_wconf 84' lang='lat' dir='ltr'>obtinentes</span> <span class='ocrx_word' id='word_1_411' title='bbox 765 2684 774 2698; x_wconf 90' lang='lat'>‚</span> <span class='ocrx_word' id='word_1_412' title='bbox 808 2657 885 2699; x_wconf 83' lang='lat' dir='ltr'>angi</span> <span class='ocrx_word' id='word_1_413' title='bbox 905 2656 1151 2700; x_wconf 77' lang='lat' dir='ltr'>excruciatique</span> <span class='ocrx_word' id='word_1_414' title='bbox 1172 2657 1278 2689; x_wconf 87' lang='lat' dir='ltr'>auimo</span> <span class='ocrx_word' id='word_1_415' title='bbox 1295 2661 1330 2689; x_wconf 90' lang='lat' dir='ltr'>et</span> <span class='ocrx_word' id='word_1_416' title='bbox 1345 2658 1388 2690; x_wconf 90' lang='lat' dir='ltr'>ad</span> <span class='ocrx_word' id='word_1_417' title='bbox 1405 2658 1539 2691; x_wconf 82' lang='lat' dir='ltr'>Ericum</span> <span class='ocrx_word' id='word_1_418' title='bbox 1554 2659 1783 2702; x_wconf 81' lang='lat' dir='ltr'>imperatorem</span> 
     </span>
     <span class='ocr_line' id='line_1_43' title="bbox 356 2698 1782 2747; baseline 0.001 -13"><span class='ocrx_word' id='word_1_419' title='bbox 356 2701 502 2747; x_wconf 81' lang='lat' dir='ltr'>profecti</span> <span class='ocrx_word' id='word_1_420' title='bbox 532 2698 551 2711; x_wconf 69' lang='lat'>‘²</span> <span class='ocrx_word' id='word_1_421' title='bbox 562 2699 650 2734; x_wconf 89' lang='lat' dir='ltr'>nos”</span> <span class='ocrx_word' id='word_1_422' title='bbox 679 2701 831 2746; x_wconf 88' lang='lat' dir='ltr'>inquiunt</span> <span class='ocrx_word' id='word_1_423' title='bbox 860 2698 879 2712; x_wconf 76' lang='lat'><strong><em>“</em></strong></span> <span class='ocrx_word' id='word_1_424' title='bbox 888 2702 952 2735; x_wconf 84' lang='lat' dir='ltr'>alio</span> <span class='ocrx_word' id='word_1_425' title='bbox 979 2713 1101 2744; x_wconf 80' lang='lat' dir='ltr'>genere</span> <span class='ocrx_word' id='word_1_426' title='bbox 1129 2701 1193 2734; x_wconf 79' lang='lat' dir='ltr'>orti</span> <span class='ocrx_word' id='word_1_427' title='bbox 1220 2702 1385 2745; x_wconf 86' lang='lat' dir='ltr'>aliumque</span> <span class='ocrx_word' id='word_1_428' title='bbox 1410 2702 1571 2736; x_wconf 84' lang='lat' dir='ltr'>habentes</span> <span class='ocrx_word' id='word_1_429' title='bbox 1593 2703 1782 2747; x_wconf 80' lang='lat' dir='ltr'>pontificem</span> 
     </span>
     <span class='ocr_line' id='line_1_44' title="bbox 359 2745 1783 2792; baseline 0 -11"><span class='ocrx_word' id='word_1_430' title='bbox 359 2750 487 2781; x_wconf 88' lang='lat' dir='ltr'>nosmet</span> <span class='ocrx_word' id='word_1_431' title='bbox 499 2746 636 2791; x_wconf 90' lang='lat' dir='ltr'>imperio</span> <span class='ocrx_word' id='word_1_432' title='bbox 651 2751 708 2780; x_wconf 91' lang='lat' dir='ltr'>tuo</span> <span class='ocrx_word' id='word_1_433' title='bbox 726 2751 760 2780; x_wconf 84' lang='lat' dir='ltr'>et</span> <span class='ocrx_word' id='word_1_434' title='bbox 775 2746 934 2792; x_wconf 80' lang='lat' dir='ltr'>potestati</span> <span class='ocrx_word' id='word_1_435' title='bbox 948 2746 1154 2784; x_wconf 75' lang='lat' dir='ltr'>subiecimus,</span> <span class='ocrx_word' id='word_1_436' title='bbox 1175 2745 1223 2779; x_wconf 89' lang='lat' dir='ltr'>ita</span> <span class='ocrx_word' id='word_1_437' title='bbox 1239 2751 1275 2779; x_wconf 91' lang='lat' dir='ltr'>ut</span> <span class='ocrx_word' id='word_1_438' title='bbox 1290 2747 1323 2779; x_wconf 92' lang='lat' dir='ltr'>in</span> <span class='ocrx_word' id='word_1_439' title='bbox 1338 2758 1491 2792; x_wconf 84' lang='lat' dir='ltr'>corpora,</span> <span class='ocrx_word' id='word_1_440' title='bbox 1514 2759 1579 2780; x_wconf 89' lang='lat' dir='ltr'>non</span> <span class='ocrx_word' id='word_1_441' title='bbox 1593 2750 1626 2781; x_wconf 91' lang='lat' dir='ltr'>in</span> <span class='ocrx_word' id='word_1_442' title='bbox 1639 2748 1783 2781; x_wconf 83' lang='lat' dir='ltr'>animum</span> 
     </span>
     <span class='ocr_line' id='line_1_45' title="bbox 359 2791 1784 2838; baseline -0.001 -11"><span class='ocrx_word' id='word_1_443' title='bbox 359 2796 394 2827; x_wconf 89' lang='lat' dir='ltr'>et</span> <span class='ocrx_word' id='word_1_444' title='bbox 407 2791 557 2838; x_wconf 82' lang='lat' dir='ltr'>spiritum</span> <span class='ocrx_word' id='word_1_445' title='bbox 570 2792 795 2827; x_wconf 87' lang='lat' dir='ltr'>dominareris.</span> <span class='ocrx_word' id='word_1_446' title='bbox 839 2802 979 2837; x_wconf 87' lang='lat' dir='ltr'>namque</span> <span class='ocrx_word' id='word_1_447' title='bbox 1001 2791 1036 2824; x_wconf 89' lang='lat' dir='ltr'>in</span> <span class='ocrx_word' id='word_1_448' title='bbox 1059 2791 1110 2824; x_wconf 89' lang='lat' dir='ltr'>tui</span> <span class='ocrx_word' id='word_1_449' title='bbox 1132 2791 1374 2835; x_wconf 82' lang='lat' dir='ltr'>defensionem,</span> <span class='ocrx_word' id='word_1_450' title='bbox 1407 2793 1483 2827; x_wconf 88' lang='lat' dir='ltr'>dum</span> <span class='ocrx_word' id='word_1_451' title='bbox 1507 2792 1626 2827; x_wconf 83' lang='lat' dir='ltr'>bellum</span> <span class='ocrx_word' id='word_1_452' title='bbox 1644 2791 1784 2836; x_wconf 79' lang='lat' dir='ltr'>geritur,</span> 
     </span>
    </p>
   </div>
  </div>
 </body>
</html>
