1872 3236
310 184 405 233 142
695 189 1073 237 CONSTANTINI
1112 191 1376 238 MANAssls
1408 234 1411 236 a

440 297 555 343 ἔνθεν
579 317 640 343 τοι
665 302 822 355 με’λλων
835 307 1020 348 τελευτᾶν
1036 306 1103 348 καὶ
1127 310 1254 362 γῆθεν
1273 308 1526 361 μεταβαίνειν

436 368 499 410 ἐπὶ
520 368 588 411 τὸν
614 369 894 426 ἀδελφόπαιδα
912 373 1048 426 βλέπει
1072 373 1141 417 τὸν
1157 375 1382 427 Ἰουστῒνον,

438 438 504 477 καὶ
527 440 669 479 τοῦτον
689 438 967 483 αὗσονάνακτα
989 443 1056 484 καὶ
1081 440 1260 499 κράτορα
1283 442 1460 496 δεικνύει,

300 504 409 547 3295
432 503 576 555 ἶθύνας
600 505 645 548 τὸ
667 509 945 566 καλλίπρωρον
963 513 1035 564 τῆς
1055 512 1264 564 βασιλείας
1283 510 1442 569 σκάφος

250 575 282 609 Ι)
436 574 478 614 ἐν
499 571 600 615 ἔτεσι
623 573 837 631 τριάκοντα
855 577 957 634 πρὸς
977 577 1128 631 ἓννεοξὸι
1151 583 1239 638 μιᾷ.

478 635 573 689 JHv
597 643 641 684 δὲ
652 644 830 700 χρηστὸς
850 648 915 687 καὶ
937 648 1090 696 δίκαιος
1108 645 1128 688 ὁ
1153 647 1239 697 νέος
1256 645 1481 699 ’Ῑουστΐνος,

431 710 498 750 καὶ
522 709 568 751 τὸ
589 711 803 767 φιλάδικον
822 719 953 767 μισῶν
971 716 1037 756 καὶ
1062 714 1135 768 τὴν
1156 716 1438 771 κακοτροπίαν,

433 775 653 834 φιλόκαλος
664 810 678 831 ,
713 779 959 837 φιλόκοσμος
972 814 984 833 ,
1019 781 1336 838 λαμπρόψυχος,
1367 783 1538 836 ἀστεῖος,

296 845 407 885 8300
420 844 644 902 χρημάτων
662 849 971 906 καταφρονητής
982 883 993 900 ,
1021 855 1176 906 στυγῶν
1199 853 1495 907 σμικρολογίαν.

431 916 573 970 δεῖγμα
597 915 877 973 λαμπρότητος
900 918 1027 961 αὐτοῦ
1045 921 1111 960 καὶ
1131 921 1470 976 μεγαλοπρεπείας

429 979 635 1038 ὄχρῦσεός
651 1002 690 1027 τε
708 987 774 1027 καὶ
798 987 964 1043 τερπνὸς
986 987 1027 1029 ἐν
1044 986 1279 1043 ἀνακτόροις
1295 986 1414 1040 οἶκος,

428 1049 473 1100 ὃς
493 1050 548 1092 ἔτι
567 1057 640 1094 τοῦ
657 1051 882 1111 δομήτορος
903 1055 975 1110 τὴν
997 1059 1136 1111 κλῆσιν
1153 1055 1372 1112 περισώζει,

422 1120 602 1174 χαρίτων
624 1123 797 1174 στίλβων
819 1127 1031 1173 καλλοναῖς
1047 1126 1113 1165 καὶ
1134 1126 1386 1180 πυραυγίζων
1402 1122 1546 1180 πάντῃ.

291 1184 402 1227 3305
464 1182 544 1229 Ἠν
561 1188 634 1241 μὲν
655 1184 726 1231 οὖν
747 1189 852 1233 οὕτω
878 1189 1044 1245 κόσμιος
1060 1190 1081 1233 ὃ
1106 1192 1298 1245 βασιλεὺς
1311 1194 1376 1234 καὶ
1403 1197 1533 1248 πρᾶος

429 1256 494 1296 καὶ
517 1256 790 1315 μισοπόνηρον
808 1259 943 1313 αὐχῶν
961 1260 1034 1314 τὴν
1055 1258 1216 1315 γνώμην
1235 1262 1301 1301 καὶ
1322 1262 1480 1302 δικαίαν
1492 1273 1506 1284 ·

172 1324 199 1356 Ρ
222 1325 267 1361 68
429 1323 532 1365 ἀλλὰ
552 1325 629 1380 γὰρ
656 1325 701 1367 τὸ
727 1325 954 1368 πολύπονον
975 1327 1102 1369 αὐτοῦ
1118 1332 1189 1381 τῆς
1212 1328 1395 1384 ὁιαρτίας

423 1391 545 1434 καὶτὸ
563 1392 753 1446 συχνάκις
765 1392 993 1447 βάλλεσθαι
1012 1393 1146 1445 νόσοις
1164 1394 1477 1451 ἀλλεπαλλήλοις

417 1459 490 1514 τὴν
511 1458 709 1515 πρόθεσιν
730 1462 910 1512 ἐξέκοπτε
928 1467 1000 1517 τῆς
1016 1464 1332 1519 δικαιοπραγίας.

287 1528 399 1569 3310
421 1528 467 1569 οὗ
489 1527 566 1585 γὰρ
591 1527 731 1586 προῄει
752 1535 927 1585 συνεχῶς
948 1531 1027 1573 ἀπὸ
1053 1536 1132 1573 τῶν
1151 1532 1380 1584 βασιλείων,

423 1594 479 1646 ὡς
504 1594 601 1639 εἶναι
618 1605 702 1648 τοῖς
719 1599 928 1641 ἐθέλουσιν
954 1599 1065 1656 αὐτῷ
1083 1603 1381 1656 προσομιλῆσαι

422 1666 489 1707 καὶ
510 1667 733 1721 φιλαδίκων
750 1674 948 1709 κατειπεῖν
966 1665 1196 1724 ἀνθρώπων
1212 1665 1496 1724 ἁρπακτήρων,

424 1732 524 1774 ἀλλ’
547 1732 624 1788 εἶχε
650 1739 792 1777 τοῦτον
812 1735 975 1792 νοσερὸν
993 1733 1018 1790 ἦ
1038 1737 1149 1790 κλίνη
1173 1737 1240 1777 καὶ
1264 1735 1310 1778 τὸ
1333 1738 1452 1789 δῶμα

421 1799 556 1858 ὥσπερ
581 1819 618 1844 τι
643 1802 805 1859 δένδρον
825 1803 974 1859 εὐγενὲς
997 1807 1147 1860 βρῖθον
1170 1810 1338 1861 καρποῖς
1362 1802 1527 1860 ὡραίοις

286 1867 396 1911 3315
416 1871 483 1911 καὶ
501 1874 598 1912 πᾶσι
617 1869 906 1927 προισχόμενον
931 1873 1128 1914 πλουσίαν
1149 1871 1221 1927 τὴν
1238 1870 1416 1929 ὀπώραν,

416 1942 585 1992 χειμῶνι
608 1940 651 1980 δὲ
675 1941 741 1981 καὶ
765 1944 919 1999 κρυερῷ
940 1938 1185 1996 πηγνύμενον
1206 1940 1293 1998 ἀέρι

376 2034 468 2069 3299
501 2031 702 2078 φιλόκομος
732 2034 797 2069 AR
952 2035 1044 2071 3300
1071 2034 1318 2079 μακρολογίαν
1351 2034 1385 2070 R
1537 2034 1630 2071 3302
1653 2036 1741 2081 λαμ-

376 2079 471 2125 πρὸς
491 2080 525 2115 R
659 2081 751 2116 3303
770 2076 855 2126 ἄρτι
871 2082 906 2116 R
1040 2092 1077 2116 V.
1096 2083 1188 2117 3313
1207 2082 1275 2116 add
1291 2081 1359 2115 RR

285 2161 322 2191 et
343 2158 448 2192 terris
467 2170 693 2203 excessurus,
721 2159 758 2193 in
790 2164 907 2194 natum
929 2171 973 2194 ex
994 2171 1116 2195 sorore
1137 2159 1305 2194 Iustinum
1328 2158 1496 2194 coniectis
1510 2159 1639 2204 oculis,
1661 2171 1739 2194 eum

282 2203 524 2249 imperatorem
540 2205 713 2248 designat.

373 2250 464 2283 Erat
485 2255 598 2284 autem
619 2251 774 2284 Iustinus
788 2250 846 2284 hic
866 2250 982 2285 iunior
998 2251 1053 2285 vir
1070 2252 1181 2286 bonus
1193 2277 1203 2295 ,
1221 2250 1330 2285 iustus
1342 2277 1353 2294 ‚
1371 2250 1547 2296 iniquitati
1568 2256 1605 2286 et
1625 2250 1740 2285 neele-

281 2294 380 2328 ribus
404 2294 582 2338 infensus,
602 2296 739 2330 honesti
762 2297 1023 2341 modestiaeque
1039 2298 1232 2339 studiosus,
1253 2297 1434 2330 munificus
1447 2322 1457 2340 ,
1481 2297 1629 2339 facetus,
1653 2308 1737 2330 con-

280 2346 432 2385 temptor
451 2341 673 2385 pecuniarum
687 2367 696 2383 ‚
716 2343 760 2375 ab
779 2341 1016 2376 illiberalitate
1031 2354 1072 2376 ac
1092 2343 1253 2376 sordibus
1268 2342 1414 2376 alienus.
1461 2353 1562 2395 quam
1581 2341 1737 2387 splendi-

281 2385 345 2420 dus
376 2398 417 2419 ac
447 2386 649 2430 magnificus
676 2387 804 2430 fuerit,
836 2387 966 2421 indicio
999 2393 1054 2422 est
1083 2399 1189 2422 aurea
1209 2389 1329 2422 domus
1350 2387 1387 2421 in
1409 2399 1530 2432 regia,
1547 2387 1738 2433 gratiarum

279 2432 453 2476 elegantia
473 2432 609 2476 fulgens
631 2436 668 2465 et
694 2432 786 2465 omni
804 2444 847 2465 ex
863 2438 963 2476 parte
990 2434 1090 2478 quasi
1111 2434 1264 2467 radians.

369 2478 460 2511 Erat
483 2489 566 2521 ergo
597 2477 750 2511 Iustinus
780 2477 989 2522 imperator,
1024 2491 1088 2513 ceu
1116 2479 1245 2513 dictum
1273 2482 1346 2522 est,
1381 2480 1601 2522 moderatus,
1627 2479 1735 2523 mitis,

278 2523 391 2557 animo
422 2525 465 2557 ab
493 2523 716 2568 improbitate
745 2523 857 2557 alieno
893 2530 929 2557 et
955 2524 1060 2558 iusto.
1107 2536 1228 2558 verum
1257 2525 1339 2569 quia
1362 2523 1539 2559 laboribus
1561 2526 1735 2559 curandae

276 2568 485 2603 valetudinis
508 2571 716 2603 obrueretur
749 2575 786 2602 et
807 2569 979 2603 continuis
1003 2581 1079 2604 cum
1105 2570 1233 2604 morbis
1261 2570 1541 2615 conflictaretur‚
1570 2571 1732 2616 proposi-

276 2620 346 2648 tum
372 2614 476 2648 animi
498 2614 571 2648 eius
594 2615 630 2649 in
659 2616 881 2658 exsequenda
902 2614 1035 2649 iustitia
1063 2627 1132 2649 non
1155 2627 1276 2660 parum
1299 2616 1566 2661 impediebatur.
1612 2628 1690 2650 nam
1712 2628 1734 2650 e

276 2660 376 2705 regia
397 2672 476 2694 raro
500 2661 682 2705 prodibat,
713 2667 751 2694 ut
774 2660 841 2694 illis
860 2661 920 2704 qui
938 2667 1144 2694 conventum
1164 2661 1318 2705 vellent,
1351 2662 1427 2696 eius
1450 2662 1600 2696 adeundi
1620 2661 1731 2696 homi-

276 2717 407 2751 nesque
429 2718 574 2751 rapaces
599 2712 635 2740 et
654 2706 801 2740 iniustos
826 2706 1008 2741 deferendi
1026 2706 1171 2740 facultas
1190 2719 1260 2740 non
1278 2713 1384 2742 esset.
1432 2708 1590 2742 nimirum
1611 2708 1731 2742 domus

271 2758 308 2786 et
330 2751 474 2786 lectulus
498 2752 689 2786 morbidum
713 2752 937 2796 detinebant,
967 2753 1086 2786 arbori
1114 2752 1313 2797 praeclarae
1339 2753 1507 2798 similem,
1539 2765 1630 2798 quae
1651 2752 1730 2798 pul—

273 2798 365 2832 chris
393 2803 516 2832 onusta
539 2797 711 2832 fructibus
739 2803 935 2832 autumnum
967 2799 1107 2832 uberem
1139 2798 1341 2843 pollicetur:
1367 2810 1487 2833 verum
1518 2799 1645 2834 deinde
1666 2808 1732 2844 per

271 2850 512 2890 tempestatem
534 2850 571 2880 et
595 2845 678 2881 aera
700 2845 864 2891 frigidum
886 2843 999 2890 laesa,
1025 2856 1094 2891 quo
1113 2844 1223 2880 minus
1242 2844 1319 2881 illos
1344 2845 1477 2881 fructus
1500 2856 1582 2880 suos
1604 2855 1729 2891 perco-
