1924 3242
355 177 419 223 92·
748 176 980 221 GEORGII
1012 177 1390 221 ACROPOLITAE

358 292 596 346 Ίζουρουλῷ
625 289 670 331 τὸ
701 294 859 346 πρῶτον
889 289 1066 346 ἄφίκετο.
1132 284 1182 345 ἦν
1203 291 1246 333 δὲ
1266 290 1373 340 ἐντὸς
1392 294 1465 333 τοῦ
1487 290 1636 341 ἄστεως
1659 289 1686 346 ἦ
1707 295 1780 334 τοῦ

351 359 547 410 βασιλέως
571 358 864 414 γυναικαδέλφη
896 358 1091 410 Εὖδοκία,
1126 358 1174 412 ἢν
1204 357 1224 400 ὃ
1252 359 1363 401 Ἀσὲλ
1384 359 1515 401 Δεκαὲ
1537 361 1592 409 εἷς
1610 365 1778 414 γυναῖκα

350 424 514 479 ἠγάγετο
543 427 614 477 τῆς
648 424 824 481 ἀδελφῆς
853 425 976 480 αὐτῆς
999 428 1207 480 βασιλίδος
1223 425 1396 482 Εἰρήνης
1416 424 1480 468 καὶ
1502 430 1574 468 τοῦ
1592 431 1777 483 γαμβροῦ

348 494 414 533 καὶ
433 491 630 544 βασιλέως
648 491 860 546 θελήματι.
925 492 946 535 ὅ
968 495 1041 547 μὲν
1061 489 1130 536 οὖν
1145 495 1258 536 Ἀσὲλ
1279 494 1410 536 Λεκαὲ
1429 494 1500 536 οὒκ
1519 495 1776 550 ἐκαρτέρησεν

233 567 261 600 Ρ
284 567 327 602 47
352 561 391 600 ἐν
419 563 477 616 τῷ
507 557 636 601 ἄστει·
670 560 741 615 τὴν
774 561 851 617 γὰρ
881 565 952 602 τοῦ
978 562 1174 615 βασιλέως
1205 561 1428 616 ἐπεγνωκὼς
1456 561 1601 618 ἔφοδον
1633 562 1808 612 ἓκεῖνοςό

343 627 416 680 μὲν
449 625 571 682 ἐξῄει,
604 626 676 682 τὴν
714 629 757 670 δὲ
794 627 959 684 σύζυγον
989 631 1112 671 αὐτοῦ
1141 629 1339 671 Εὐὸοκίαν
1363 629 1490 672 εἶἀσεν
1513 629 1555 670 ἓν
1574 632 1632 686 τῷ
1652 627 1775 682 ἄστει,

346 694 530 750 φυλακὴν
552 694 688 749 ἱκανὴν
712 695 998 750 συνεπιστήσας
1020 698 1149 753 αὐτῷ·
1183 696 1290 746 ἔδοξε
1310 696 1386 754 γὰρ
1410 697 1519 754 αὐτῷ
1540 694 1594 746 ὥς
1617 694 1683 737 διὰ
1703 695 1778 751 τὴν
1817 708 1820 711 ’

346 763 471 803 αὐτοῦ
500 764 815 819 γυναικαδέλφην
843 765 914 805 οὐκ
939 764 987 806 ἂν
1013 766 1232 819 βουληθείη
1255 763 1275 806 ὅ
1297 764 1485 818 βασιλεὺς
1505 767 1708 820 πορθῆσαι
1729 762 1776 806 τὸ

344 828 459 871 ἄστυ.
525 831 666 880 ἐκεῖνος
701 832 743 872 δὲ
775 832 825 873 τὰ
856 832 985 873 πολλὰ
1009 837 1196 889 παρορῶν
1221 837 1300 874 τῶν
1322 830 1511 874 τοιούτων
1530 829 1782 888 παρεκάθισε

343 901 401 953 τῷ
423 896 544 949 ἄστει,
578 900 643 940 καὶ
664 897 857 948 ἑλεπόλεις
875 898 1011 954 ἔστησε
1034 903 1098 942 καὶ
1119 899 1386 955 μηχανήματα
1405 899 1675 953 καταβλητικὰ
1695 902 1773 941 τῶν
1787 905 1832 939 10

344 963 565 1017 ἐπάλξεων,
599 968 665 1008 καὶ
699 967 765 1008 διὰ
798 969 967 1023 μετρίων
999 967 1102 1010 πάνυ
1135 973 1213 1010 τῶν
1237 967 1395 1024 ἡμερῶν
1423 965 1675 1023 ἐχειρώσατο,
1710 967 1778 1007 καὶ

343 1031 416 1084 τὴν
445 1033 518 1085 μὲν
548 1033 671 1075 αὐτοῦ
691 1036 1006 1092 γυναικαὸέλφην
1029 1039 1083 1085 εἷς
1106 1036 1177 1090 τὴν
1197 1033 1616 1078 Κωνσταντινούπολιν
1635 1033 1776 1084 ἐξαπέ-

344 1103 513 1151 στειλεν,
549 1102 616 1142 ἕνα
643 1103 766 1143 ἵππον
796 1103 897 1158 αὐτῇ
926 1103 1020 1153 δοὺς
1043 1104 1100 1144 ‘lv'
1135 1106 1343 1158 ἕποχῆται,
1371 1101 1522 1152 πάντας
1541 1102 1584 1143 δὲ
1605 1101 1698 1150 τοὺς
1721 1103 1776 1150 εἷς

344 1168 526 1223 φυλακὴν
561 1173 633 1210 τοῦ
665 1169 813 1219 ἄστεως
844 1169 960 1219 ὄντας
990 1171 1129 1222 πεζοὺς
1154 1172 1356 1212 ἀπέλυσεν.
1424 1169 1527 1211 ἀλλὰ
1551 1170 1617 1210 καὶ
1638 1168 1683 1211 τὸ
1704 1172 1776 1222 τῆς

290 1241 320 1275 Β
344 1233 491 1288 Βιζύης
525 1235 624 1277 ἄστυ
660 1237 850 1291 στρατιὰν
882 1238 1090 1291 ἐκπέμψας
1121 1238 1188 1278 διὰ
1221 1238 1393 1294 βραχέος
1423 1238 1674 1293 κεχείρωκεν,
1708 1237 1827 1277 καὶ15

341 1301 535 1357 συνήγαγε
561 1305 627 1344 καὶ
651 1307 767 1344 τοῦτο
791 1308 841 1359 τῇ
861 1302 1002 1345 τούτου
1026 1306 1263 1363 ἐπικρατείᾳ.

478 1367 556 1413 48.
625 1370 746 1412 Κατὰ
777 1370 871 1420 τοὺς
901 1371 1064 1427 καιροὺς
1097 1370 1262 1423 τούτους
1289 1369 1393 1413 ἑάλω
1419 1369 1557 1412 καὶτὸ
1583 1369 1683 1412 ἄστυ
1705 1372 1776 1424 τῆς

341 1435 463 1490 νήσου
490 1435 628 1478 Ῥόδου
659 1436 736 1479 ὑπὸ
767 1440 807 1478 Γ
804 1443 1008 1481 εννουϊτῶν
1037 1439 1176 1489 νυκτὸς
1204 1441 1244 1481 ἐν
1272 1442 1412 1494 κλοπῇ.
1479 1435 1598 1494 ὁγὰρ
1618 1440 1776 1493 κρατῶν

341 1505 467 1545 αὐτοῦ
481 1504 665 1559 Ἰωάννης
684 1503 704 1547 ὃ
725 1507 764 1546 Γ
762 1510 931 1559 αβαλᾶς,
959 1505 980 1549 ὃ
1001 1512 1073 1549 τοῦ
1090 1509 1298 1564 Καίσαρος
1313 1507 1494 1557 Λέοντος
1514 1509 1586 1547 τοῦ
1602 1506 1643 1546 Γ
1639 1507 1775 1558 αβαλᾶ

340 1571 515 1628 ἀδελφός
523 1605 536 1624 ,
573 1571 592 1614 ὃ
625 1575 691 1614 καὶ
712 1574 813 1627 μετὰ
833 1573 1014 1616 θάνατον
1035 1579 1107 1616 τοῦ
1130 1576 1307 1631 ἀδελφοῦ
1329 1575 1453 1616 αὐτοῦ
1471 1577 1542 1627 τῆς
1559 1570 1682 1627 νήσου
1708 1573 1829 1613 δε-ΞΟ

338 1638 506 1692 σπόζων,
540 1641 829 1697 ἀποδεδημήκει
849 1643 951 1696 μετὰ
973 1647 1045 1685 τοῦ
1063 1643 1260 1697 βασιλέως
1276 1642 1378 1684 κατὰ
1397 1645 1475 1683 τῶν
1495 1642 1535 1682 ἐν
1554 1641 1773 1682 Κωνσταν-

431 1759 450 1793 1
474 1752 521 1802 ἦν
540 1755 708 1809 δὲὶἕκεῒσε
727 1756 750 1804 ἦ
772 1759 839 1794 τοῦ
857 1756 1057 1795 Ἀσελδεκαὲ
1079 1757 1190 1803 γυνή,
1215 1756 1354 1802 ἀδελφὴ
1374 1759 1440 1802 τῆς
1459 1755 1645 1803 βασιλίδος
1661 1754 1773 1800 Εἰρή-

429 1815 514 1847 νης,
541 1805 717 1838 Ευδοκία.
754 1801 773 1838 ὁ
802 1825 845 1830 -
871 1806 902 1838 D
1059 1806 1081 1839 6
1103 1802 1142 1838 ἐν
1160 1824 1204 1830 -
1221 1801 1312 1838 ἄστυ
1332 1815 1383 1837 om
1401 1804 1433 1837 D
1593 1803 1614 1836 9
1638 1800 1774 1841 ἐκεῖνος

428 1846 490 1893 δὲ]
517 1846 535 1883 ὁ
555 1847 593 1883 δὲ
608 1847 792 1894 βασιλεὺς,
815 1851 847 1883 D
870 1850 998 1884 omissis
1021 1848 1067 1883 τὰ
1092 1860 1138 1877 -’-
1162 1848 1354 1885 τοιούτων.
1520 1845 1682 1890 llycdvv
1700 1847 1774 1880 τῶν

428 1906 482 1928 om
508 1894 539 1927 D
721 1893 934 1940 ἐχειρώσατο
964 1895 1075 1929 τοῦτο
1102 1894 1164 1929 καὶ
1188 1894 1257 1939 τὴν
1283 1892 1401 1928 αὐτοῦ
1427 1894 1459 1927 D
1533 1905 1546 1917 ¹
1569 1911 1572 1913 >
1643 1894 1686 1927 12
1707 1890 1775 1934 τήν

428 1945 507 1985 post
531 1939 582 1979 εἰς
606 1951 657 1974 om
683 1941 715 1974 D
871 1938 1075 1982 (ἐπέστειλε,
1099 1940 1161 1975 καὶ
1183 1939 1273 1978 τοὺς
1305 1938 1375 1973 σὺν
1405 1936 1513 1983 αὐτῇ.
1550 1934 1640 1972 ἀλλὰ
1667 1956 1713 1962 -
1740 1937 1771 1969 D

430 1986 472 2019 15
496 1984 558 2018 καὶ
587 2006 631 2012 —-
658 1982 864 2031 ἐπικρατείᾳ
898 1998 950 2019 om
978 1986 1008 2018 D
1192 1987 1234 2020 17
1259 1986 1372 2040 Caput
1396 1985 1441 2019 48
1465 1983 1533 2016 tale
1556 1982 1696 2027 praebet
1721 1981 1773 2015 D:

432 2028 526 2064 Τότε
557 2029 620 2063 καὶ
651 2029 693 2065 τὸ
727 2029 817 2065 ἄστυ
853 2029 1000 2074 ἰσχυρὸν
1023 2027 1152 2066 Ῥόδου
1181 2028 1275 2064 ἑάλω
1304 2027 1379 2064 υπὸ
1408 2029 1616 2063 Γενουϊτῶν
1645 2026 1775 2080 ›tl-97:23.

430 2071 452 2110 ὁ
482 2074 553 2119 γὰρ
577 2077 720 2118 κρατῶν
750 2074 842 2111 αὐτὸ
871 2074 1041 2119 Ἰωάννης
1073 2074 1092 2110 ὁ
1122 2074 1295 2121 Γαβαλόις
1324 2073 1344 2110 ὁ
1371 2074 1439 2108 τοῦ
1461 2071 1648 2116 Καίσαρος
1669 2071 1773 2106 αδελ-

429 2118 502 2165 φὸς
538 2118 808 2166 ἀποδεδημήκει
830 2121 920 2165 μετὰ
947 2123 1014 2156 τοῦ
1042 2120 1218 2167 βασιλέως
1244 2120 1327 2166 περὶ
1350 2116 1598 2162 Νικομήδειαν
1626 2117 1770 2161 διάγον-

280 2227 283 2238 ²
339 2221 463 2265 oppido
478 2221 632 2257 Eudocia
646 2234 742 2256 soror
758 2224 871 2257 uxoris
886 2223 1112 2268 imperatoris,
1137 2233 1233 2267 quam
1252 2220 1315 2255 sibi
1330 2220 1534 2262 Azenia-ae,
1557 2219 1606 2252 ita
1626 2219 1770 2263 impera-

338 2266 424 2299 trice
447 2266 544 2299 Irene
572 2272 606 2299 et
629 2280 751 2311 genero
766 2274 801 2301 et
815 2269 1016 2313 imperatore
1031 2273 1215 2311 annuente,
1236 2268 1270 2300 in
1285 2265 1522 2300 matrimonium
1542 2265 1772 2299 coniunxerat.

338 2310 524 2345 Aseldecae
539 2312 662 2356 quippe
676 2313 887 2357 imperatoris
902 2314 1073 2347 invasione
1088 2317 1257 2357 comperta
1272 2323 1337 2344 non
1352 2311 1408 2344 diu
1422 2311 1456 2343 in
1472 2310 1595 2354 oppido
1612 2313 1769 2352 moratus,

336 2355 513 2435 praesidiis
539 2356 614 2389 loco
642 2357 790 2399 firmato,
814 2359 1028 2403 profugerat,
1052 2362 1238 2391 consortem
1262 2366 1353 2390 suam
1374 2356 1554 2389 Eudociam
1575 2354 1698 2388 ibidem
1713 2364 1769 2388 re-

351 2402 502 2445 inquens,
524 2405 616 2434 ratus
631 2402 863 2446 imperatorem
877 2409 1014 2447 propter
1030 2404 1248 2448 propinquam
1264 2401 1494 2444 cognationem
1510 2399 1667 2445 oppidum
1687 2410 1770 2432 neu-

338 2447 464 2491 tiquam
487 2447 723 2491 oppetiturum.
769 2459 883 2481 verum
910 2448 965 2481 ille
988 2448 1172 2481 huiusmodi
1199 2447 1381 2480 rationibus
1403 2445 1600 2491 posthabitis
1614 2444 1770 2490 oppidum

339 2492 463 2531 cinxit,
487 2497 648 2525 tormenta
675 2492 822 2526 admovit
847 2497 881 2526 et
908 2494 1094 2536 machinas,
1118 2493 1236 2537 quibus
1255 2491 1506 2536 propugnacula
1521 2489 1711 2534 disiiceret‚
1734 2493 1771 2523 et

338 2542 416 2582 post
432 2537 501 2570 dies
515 2548 581 2570 non
596 2537 715 2571 multos
731 2538 917 2582 occupavit.
965 2538 1080 2571 uxoris
1104 2549 1183 2579 suae
1207 2548 1353 2570 sororem
1372 2537 1469 2570 unico
1485 2547 1558 2569 cum
1573 2546 1658 2579 equo
1669 2563 1679 2579 ,
1703 2545 1770 2579 quo

339 2583 417 2615 vehi
441 2588 573 2626 posset,
606 2583 735 2626 Cpolim
754 2583 956 2624 transmisit3
990 2583 1156 2627 reliquos3
1182 2583 1238 2626 qui
1255 2582 1288 2615 in
1302 2582 1388 2615 arcis
1404 2581 1556 2615 custodia
1570 2585 1685 2618 erant,
1707 2591 1770 2625 pe-

339 2627 427 2661 dites
445 2627 577 2660 dimisit.
623 2629 687 2661 imo
705 2633 739 2662 et
754 2628 860 2673 Bizye
879 2628 1034 2673 oppidum
1047 2628 1185 2661 incitato
1201 2627 1300 2662 milite
1315 2639 1381 2661 non
1397 2627 1497 2661 multo
1511 2630 1590 2672 post
1604 2625 1694 2670 cepit
1707 2625 1770 2658 do-

339 2673 538 2717 minatuique
552 2683 612 2706 suo
628 2674 772 2717 subegit.
1749 2683 1751 2689 ’

429 2719 482 2753 48.
538 2717 637 2752 Circa
652 2719 736 2752 haec
749 2724 902 2765 tempora
916 2717 1027 2752 Rhodi
1041 2717 1167 2751 insulae
1182 2720 1325 2752 castrum
1340 2729 1360 2752 a
1376 2716 1592 2751 Ianuensibus
1606 2717 1767 2749 nocturno

338 2763 415 2797 dolo
439 2767 633 2809 occupatur.
681 2765 872 2809 praefectus
885 2763 970 2798 enim
986 2764 1127 2797 Ioannes
1144 2764 1315 2806 Gabalas,
1338 2763 1493 2797 Caesaris
1511 2761 1635 2796 Leonis
1650 2760 1768 2793 Gaba-

336 2809 390 2844 iae
413 2810 539 2854 stater,
564 2813 643 2855 post
668 2809 794 2844 obitum
819 2809 934 2844 fratris
947 2808 1086 2844 insulam
1105 2820 1178 2844 cum
1193 2809 1330 2855 imperio
1348 2808 1517 2854 obtinens,
1541 2817 1606 2842 una
1621 2816 1694 2839 cum
1708 2804 1767 2839 im·
