1832 3250
329 207 394 251 20
705 204 1072 249 CONSTANTINI
1111 205 1370 250 MANASSIS

465 316 509 367 ὃς
525 317 667 371 μετιὼν
684 319 754 370 τῆς
773 315 914 372 ἀρετῆς
932 314 1004 370 τὴν
1027 315 1350 374 ἒννομοπραγίαν,

463 386 528 426 καὶ
547 384 617 438 τὴν
635 383 774 425 κακίαν
797 383 839 424 ἐκ
858 387 993 436 ψυχῆς
1010 382 1241 439 ἀποστυγῶν
1259 387 1324 428 καὶ
1340 382 1508 443 φεύγων,

463 452 556 499 τοὺς
575 450 850 506 φαυλουργοὺς
866 451 931 491 καὶ
953 452 1154 504 δυσσεβεῖς
1169 450 1330 495 ἔσπευδε
1347 455 1613 510 σωφρονίζειν.

354 522 436 562 890
463 519 542 559 ἐπεὶ
563 516 604 558 δ’
630 516 701 558 οὗκ
720 515 874 559 ἔπειθεν
894 516 1038 566 αὐτοὺς
1056 521 1134 559 τῶν
1154 516 1319 574 φαύλων
1341 519 1601 574 ἀποσχέσθαι,

460 584 624 637 μετέστη
644 584 716 637 μὲν
733 583 810 625 ἀπὸ
830 588 901 637 τῆς
918 589 988 639 γῆς
1003 582 1103 626 ἔνθα
1119 584 1164 626 τὸ
1185 589 1340 641 πρῶτον
1358 585 1448 643 ἔφυ,

455 651 633 704 μέτοικος
654 651 697 692 δὲ
712 649 917 706 γενόμενος
937 649 1175 702 ἀλλοδαποῖς
1190 653 1231 694 ἓν
1249 651 1357 708 ὅροις

454 717 526 770 τὴν
545 716 790 771 ὑμνουμένην
809 717 976 771 κιβωτὸν
998 716 1154 774 ὡρίσθη
1174 724 1402 774 τεκτονῆσαι

455 786 519 825 καὶ
540 786 639 840 ζῷον
662 783 766 826 ἅπαν
788 785 828 826 ἓν
858 784 959 841 αὐτῇ
971 784 1211 842 χερσόϋγρον
1230 788 1442 842 ἐγκλεῖσαι,

349 852 429 895 395
456 850 510 901 ὡς
531 852 686 907 σπέρμα
698 847 983 908 χρηματίσαιεν
1000 854 1065 894 καὶ
1087 851 1266 910 ζώπυρον
1280 858 1352 896 τοῦ
1368 856 1515 910 γένους.

455 919 618 972 ἐπείσθη
638 922 731 962 Νῶε
751 924 808 975 τῷ
826 924 931 976 θεῷ,
965 919 1009 962 τὸ
1030 922 1236 963 κελευσθὲν
1254 922 1370 963 ε’ποιέι
1379 954 1392 973 ,

454 986 679 1040 ’ξυλοστεγὲς
700 984 893 1042 εἰργάζετο
915 990 984 1040 τῆς
1003 991 1172 1040 κιβωτοῦ
1195 988 1240 1030 τὸ
1257 986 1394 1041 κύτος,

453 1054 619 1108 μυρίους
638 1050 748 1094 ἴνὸον
769 1052 950 1108 ἑλιγμοὺς
969 1053 1281 1110 λαβυρινθώδεις
1300 1056 1433 1113 φέρον.

454 1121 519 1161 καὶ
539 1123 631 1162 Νῶε
649 1120 722 1173 μὲν
740 1120 895 1163 ε’νέθετο
913 1125 964 1176 τῇ
980 1126 1135 1179 κιβωτῷ
1151 1121 1201 1164 τὰ
1221 1124 1314 1179 ζῷα,

270 1187 300 1221 C
344 1185 426 1230 400
451 1191 682 1241 ποντογενῆ,
711 1192 944 1243 χερσογενῆ,
979 1187 1129 1243 πτηνά,
1163 1181 1472 1246 πεζοποροῦντα·

450 1252 472 1296 ὅ
489 1254 532 1295 δὲ
545 1254 644 1303 θεὸς
662 1253 712 1296 τὰ
733 1255 952 1312 στέγαστρα
971 1260 1049 1298 τῶν
1068 1256 1246 1311 οὐρανῶν
1267 1256 1426 1307 ἇνοιξας

448 1320 546 1370 ὅλας
566 1323 714 1363 ἐκεῖθεν
732 1319 855 1364 ὑετῶν
873 1321 1065 1378 κατήγαγε
1085 1322 1312 1373 θαλάσσας,

448 1387 622 1442 ἐκάλυψε
638 1388 710 1438 τὰς
725 1389 905 1446 κορυφὰς
918 1394 994 1432 τῶν
1010 1389 1307 1446 βαθυκρήμνων
1323 1387 1471 1446 λόφων,

449 1454 596 1511 ἔκρυψε
615 1460 686 1510 γῆς
706 1456 749 1498 τὸ
768 1455 991 1513 πρόσωπον,
1024 1456 1220 1512 ἐκάλυψεν
1239 1455 1427 1514 ἀρούρας.

339 1521 420 1565 405
446 1522 490 1564 τὸ
511 1526 589 1564 πᾶν
613 1521 715 1576 ὅμοῦ
735 1525 945 1578 συγκέχυτο
956 1555 969 1575 ,
1003 1526 1207 1566 κεκοίνωτο
1231 1524 1281 1566 τὰ
1299 1523 1440 1567 πάντα.

441 1584 544 1643 ἦσαν
565 1588 877 1644 ὕδατοτζᾷντιστα
898 1595 974 1632 τῶν
994 1591 1165 1646 δένδρων
1184 1591 1233 1632 τὰ
1253 1592 1428 1645 στελέχη,

446 1662 528 1704 τοῖς
546 1654 762 1712 ὗψιλόφόις
780 1656 909 1712 ὄρεσιν
930 1657 1111 1708 ἐπέλαζον
1133 1656 1281 1710 ἰχθύες.

447 1720 468 1762 ὃ
491 1723 587 1766 λέων
605 1721 913 1773 ὖδατόκλυστος,
948 1722 968 1764 ὃ
990 1722 1135 1773 θύννος
1153 1725 1193 1765 ἓν
1215 1728 1264 1779 τῇ
1278 1724 1432 1783 χέρσῳ,

446 1787 552 1830 ἅπαν
571 1787 870 1845 ὗδατοφόρητον
890 1785 939 1843 ἦν
959 1795 1171 1844 τηνικαῦτα
1197 1793 1309 1847 ζῷον,

336 1853 417 1898 410
443 1854 699 1911 ἀεροδρόμον,
724 1857 955 1912 χίρσυγρον,
990 1857 1186 1913 εὔπτερον,
1220 1856 1448 1914 πεζοπόρον.

443 1924 510 1964 καὶ
529 1921 658 1970 πάντα
677 1922 1000 1976 συμποντούμενα
1018 1930 1100 1974 τοῖς
1118 1924 1399 1982 βαθυρρόθοις
1418 1924 1585 1982 ὄμβροις

397 2039 466 2074 410
485 2036 710 2083 πεζοὸρόμον
730 2039 769 2074 Μ

309 2139 429 2175 Adami
455 2140 606 2183 semine,
646 2140 705 2185 qui
729 2139 856 2185 primus
882 2141 995 2175 fuerat
1020 2141 1188 2188 conditus·
1233 2141 1264 2175 is
1290 2141 1426 2176 virtutis
1450 2146 1486 2176 et
1506 2142 1733 2187 legitimarum

307 2185 477 2218 actionum
491 2185 675 2228 studiosus,
703 2197 777 2220 cum
803 2186 881 2220 odio
904 2186 988 2220 vitia
1009 2190 1081 2220 toto
1104 2191 1243 2230 pectore
1266 2187 1407 2221 haberet
1429 2199 1470 2221 ac
1487 2189 1635 2232 fugeret,
1664 2188 1727 2222 im-

306 2231 417 2275 probe
441 2236 580 2273 agentes
606 2234 641 2264 et
664 2231 786 2274 impios
809 2231 982 2275 con-igere
1005 2233 1201 2265 conabatur.
1248 2232 1308 2265 ubi
1332 2244 1416 2266 vero
1438 2234 1646 2277 persuadere
1660 2245 1729 2268 non

306 2280 444 2319 poterat
467 2280 505 2307 ut
530 2286 550 2308 a
568 2274 752 2309 sceleribus
775 2276 996 2319 abstinerent,
1026 2276 1207 2310 translatus
1233 2281 1287 2310 est
1308 2278 1352 2310 de
1367 2283 1471 2321 terra,
1500 2277 1536 2311 in
1552 2289 1618 2322 qua
1632 2278 1727 2323 prius

307 2324 382 2352 erat
396 2325 506 2362 nutus,
536 2320 713 2364 factusque
737 2319 811 2354 aliis
838 2321 873 2354 in
895 2321 1018 2355 finibus
1033 2321 1215 2366 inquilinus
1230 2321 1374 2355 celerem
1388 2322 1477 2356 illam
1490 2334 1601 2356 arcam
1615 2323 1727 2356 iussus

306 2370 361 2397 est
374 2369 561 2407 exstruere,
588 2376 629 2398 ac
649 2364 685 2397 in
706 2364 794 2398 illam
819 2365 940 2399 animal
962 2378 1058 2399 omne
1074 2373 1245 2400 terrenum
1262 2372 1298 2400 et
1311 2366 1459 2411 aquatile
1474 2367 1659 2410 includere,
1690 2373 1728 2402 ut

305 2408 441 2452 generis
464 2409 517 2443 sui
541 2421 655 2442 semen
678 2421 718 2443 ac
741 2411 847 2443 fomes
867 2410 1002 2455 quidam
1018 2416 1120 2444 esset.
1167 2411 1298 2444 obediit
1311 2413 1388 2446 Noa
1403 2413 1480 2455 deo,
1511 2413 1603 2456 quod
1617 2412 1724 2456 impe—

303 2458 412 2487 ratum
437 2460 510 2487 erat
533 2454 698 2497 faciebat,
729 2454 829 2498 lignis
855 2467 951 2488 arcae
975 2456 1194 2499 capacitatem
1218 2457 1435 2497 exstruebat;
1473 2468 1561 2501 quae
1582 2457 1725 2491 interius

303 2497 452 2531 habebat
471 2498 623 2532 infinitos
648 2499 841 2542 amfractus,
870 2500 1064 2543 labyrintho
1091 2499 1294 2534 consimiles.
1340 2501 1464 2535 deinde
1478 2502 1556 2535 Noa
1571 2501 1723 2546 impone-

303 2543 363 2576 bat
383 2542 419 2575 in
441 2554 551 2578 arcam
576 2543 683 2582 omnis
706 2544 842 2588 generis
865 2545 1037 2588 animalia,
1077 2550 1214 2579 terrena
1235 2545 1386 2579 volucria
1406 2547 1592 2591 pedestria.
1639 2547 1723 2580 deus

300 2592 412 2621 autem
427 2587 599 2640 adapertis
616 2588 783 2622 caelorum
797 2590 897 2623 tectis
914 2594 986 2623 tota
1000 2590 1080 2624 inde
1119 2590 1283 2624 luviarum
1298 2591 1403 2624 maria
1417 2591 1563 2632 demisit3
1578 2593 1721 2625 abscon-

300 2631 390 2666 didit
409 2639 556 2666 vernces
577 2633 812 2678 praecipitium
837 2634 981 2678 collium,
1010 2647 1091 2669 occu
1106 2634 1192 2669 tavit
1209 2640 1322 2669 terrae
1334 2636 1560 2681 superficiem,
1591 2636 1724 2670 abdidit

296 2687 393 2711 arva.
439 2677 599 2711 universa
614 2683 649 2712 et
663 2680 803 2712 confusa
820 2684 917 2712 erant
932 2685 966 2713 et
984 2680 1168 2713 commista.
1214 2679 1362 2714 immersi
1384 2681 1481 2725 aquis
1506 2686 1603 2715 erant
1619 2683 1719 2715 arbo—

296 2732 370 2755 rum
384 2722 511 2756 trunci:
526 2723 654 2800 tKiscae
678 2724 720 2757 ad
746 2728 876 2758 montes
900 2735 1007 2769 usque
1031 2725 1191 2759 sublimes
1217 2726 1445 2767 accedebant3
1475 2725 1528 2760 leo
1544 2728 1729 2770 mergeba-.

294 2771 352 2799 tur
379 2768 495 2820 σηπίη
566 2779 675 2811 ynnus
699 2773 773 2802 erat
796 2769 831 2802 iu
853 2774 958 2804 terra.
1005 2781 1102 2803 omne
1127 2769 1248 2803 animal
1269 2770 1306 2803 in
1326 2782 1414 2815 aqua
1437 2777 1508 2805 tum
1532 2772 1721 2813 ferebatur,

293 2811 369 2847 sive
383 2823 463 2850 aera
475 2817 667 2858 permearet
680 2813 755 2849 sive
769 2819 905 2860 terram,
934 2814 1010 2850 sive
1033 2814 1165 2851 volaret
1187 2815 1263 2851 sive
1285 2814 1476 2852 incederet.
1523 2816 1634 2852 omnia
1655 2817 1718 2851 ob-
