1864 3242
360 208 456 254 258
889 210 948 253 IN
981 211 1277 255 GEORGRJM

357 319 576 373 frequentia
595 318 750 356 nullum
763 317 874 356 vidit
894 319 1104 368 illustrius,
1144 318 1242 357 adeo
1267 315 1516 360 obtruncasse
1541 320 1788 361 dean-tuasne·-

360 390 436 429 que
463 383 505 412 ut
536 386 666 426 neque
696 388 771 425 pes·
797 387 926 427 neque
953 383 1068 426 caput
1099 377 1142 412 iu
1170 389 1215 413 eo
1244 384 1445 427 appareat.
1510 379 1580 416 Ge.
1609 377 1785 416 Phranza

356 440 502 470 temere
528 429 730 468 confundit
758 433 908 479 omnia,
949 433 1018 483 qui
1043 430 1233 468 iudicium
1256 430 1331 469 hoc
1356 433 1427 470 sub
1456 434 1612 472 Batacio
1639 434 1787 471 factum

356 489 427 526 sub
454 485 665 524 Theodoro
696 487 802 524 illius
830 487 911 524 filio
939 489 1063 538 ponit.
1129 501 1230 538 qnae
1257 501 1318 524 res
1345 501 1433 524 eum
1458 490 1501 526 in
1531 491 1788 540 suspicionem

344 543 507 594 >captati
534 543 713 592 imperii,
752 543 817 579 oui
841 556 917 593 per
941 543 986 580 id
1010 550 1161 593 tempus
1200 543 1420 581 Theodorus
1445 545 1634 582 Laccuris
1659 546 1789 583 iunior

348 597 618 650 praesidebat,
641 611 714 648 per
735 598 976 636 calumniam
994 600 1160 636 vocavit.
1221 599 1404 648 secundo,
1435 602 1653 651 quaestioni
1671 613 1787 651 prae—

354 656 490 703 fuisse,
523 656 631 691 cuius
651 661 737 691 tum
754 654 859 706 apud
875 657 1150 706 imperatorem
1167 655 1381 705 plurimum
1396 656 1550 693 valebat
1566 657 1786 704 auctoritas,

355 713 565 750 Arsenium
593 709 854 761 patriarcham
882 724 971 747 cum
1002 712 1090 748 aliis
1121 710 1328 748 iudicibus.
1386 718 1425 748 et
1445 718 1577 748 tamen
1598 713 1786 749 Arsenius

354 775 443 819 post
462 765 563 804 illud
581 765 770 803 iudicium
791 779 843 804 ex
863 765 1122 817 Apolloniade
1145 768 1288 804 accitus
1312 766 1674 818 iii-patriarchatum
1693 780 1785 804 eve-

356 831 439 861 ctus
464 829 533 860 est.
591 825 720 871 tertio,
743 824 960 873 episcopus,
983 824 1051 873 qui
1070 823 1129 858 illi
1147 821 1284 859 suadet
1302 829 1344 859 ut
1365 823 1516 860 consilii
1533 825 1593 860 sui
1612 825 1785 860 conscios

354 879 544 927 ediceret,
579 880 698 915 etiam
723 877 972 915 iureiurando
995 880 1186 929 promittit
1206 879 1295 916 illos
1319 880 1423 916 solos
1447 891 1499 916 ex
1517 879 1670 929 legibus
1688 891 1785 929 poe-

339 938 423 974 vnas
447 935 622 982 daturos,
652 933 888 971 Michaelem
910 934 957 971 ab
980 936 1086 971 omni
1102 935 1292 984 supplicio
1320 937 1539 972 immunem
1554 947 1599 972 ac
1617 935 1785 972 liberum

354 993 561 1032 abiturum.
620 997 658 1027 et
677 989 749 1027 hoc
767 990 843 1027 fuit
858 997 1011 1040 praeter
1029 991 1262 1027 sententiam
1279 991 1544 1040 imperatoris3
1573 997 1612 1027 et
1633 992 1785 1041 episco-

352 1062 425 1099 pus
443 1048 634 1098 promittit
650 1059 852 1097 nunquam
873 1053 1005 1096 postea
1026 1045 1280 1082 observanda.
1338 1053 1486 1097 quarto,
1514 1046 1786 1096 probationem

352 1105 446 1141 ferri
469 1101 670 1139 candentis
690 1100 861 1138 Michael
891 1101 941 1137 ad
961 1100 1204 1151 probandam
1230 1114 1341 1138 suam
1367 1103 1631 1139 innocentiam
1645 1102 1783 1152 poscit.

352 1159 492 1211 quodsi
508 1157 581 1195 hoc
601 1171 680 1194 non
699 1164 754 1194 est
767 1159 880 1201 satis,
917 1156 1069 1192 obsecro
1093 1163 1145 1201 te,
1181 1157 1351 1201 domine,
1390 1156 1463 1193 hoc
1482 1157 1586 1193 milzi-
1597 1157 1667 1202 da,
1693 1157 1785 1208 ser—

351 1229 440 1252 rum
456 1216 499 1251 in
518 1214 667 1250 camini
671 1213 869 1262 flammas
888 1213 1101 1248 coniectum
1127 1217 1164 1246 et
1182 1212 1299 1262 ettam
1315 1219 1433 1262 atque
1451 1214 1567 1248 etlam
1583 1212 1785 1249 vehemen-

352 1279 483 1321 terque
498 1268 670 1306 candens
687 1267 870 1304 manibus
887 1267 1147 1316 complectar,
1182 1280 1411 1317 prunasque
1427 1268 1470 1304 in
1491 1268 1622 1304 sinum
1640 1268 1786 1304 immit—

352 1334 451 1371 tens,
483 1338 643 1375 sperans
662 1323 807 1369 deum,
828 1323 898 1373 qai
915 1329 991 1358 tres
1003 1335 1148 1372 pueros
1166 1322 1209 1358 in
1230 1324 1382 1359 camino
1403 1323 1508 1374 ignis
1524 1322 1722 1369 liberavit,
1751 1330 1788 1360 et

351 1381 509 1419 oculum
533 1380 649 1416 illum
669 1380 802 1416 omnia
820 1385 1060 1415 contuentem
1081 1391 1303 1428 semperque
1321 1379 1498 1429 vigilem,
1536 1380 1608 1430 qui
1631 1386 1786 1416 scruta—

353 1445 418 1475 tur
434 1450 542 1474 renes
557 1442 595 1473 et
605 1435 740 1480 corda,
760 1436 904 1485 quique
921 1435 1031 1471 novit
1047 1447 1117 1470 nec
1135 1435 1323 1484 cogitasse
1339 1447 1410 1471 nec
1427 1436 1643 1485 concepisse
1659 1448 1720 1472 me
1738 1435 1786 1472 de

352 1492 494 1545 quibus
503 1494 724 1542 interroges,
736 1490 929 1538 illaesum,
944 1491 979 1526 si
989 1491 1024 1526 ei
1027 1489 1236 1540 placuerit,
1248 1489 1299 1526 ab
1311 1490 1515 1527 adustione
1524 1497 1784 1528 servaturum.

351 1549 427 1586 hoc
441 1561 532 1586 vero
551 1560 706 1585 merum
722 1545 973 1583 mendacium
991 1552 1067 1582 est:
1089 1559 1244 1596 semper
1262 1547 1367 1582 enim
1384 1546 1431 1583 ab
1450 1544 1675 1592 huiusmodi
1691 1547 1785 1583 ferri

353 1604 554 1642 candentis
581 1604 850 1654 experimento
881 1601 1100 1649 abhorruit,
1130 1602 1340 1653 palamque
1367 1601 1490 1639 edixit
1513 1615 1555 1639 se
1577 1608 1621 1638 ut
1638 1603 1785 1640 Roma-

350 1674 448 1698 num
466 1660 620 1710 legibus
637 1660 837 1706 Romanis,
859 1671 940 1695 non
961 1657 1145 1704 barbaris,
1176 1656 1331 1708 quando
1346 1657 1413 1694 ille
1427 1670 1513 1695 mos
1532 1657 1785 1695 barbarorum

344 1723 446 1764 erat,
475 1713 729 1752 iudicandum
746 1727 844 1751 esse.
902 1715 1051 1765 quinto,
1080 1709 1322 1763 ineptissime
1341 1714 1388 1750 ab
1408 1715 1589 1764 episcopo
1611 1712 1785 1750 deterre-

349 1780 413 1809 tur
431 1770 602 1808 Michael
621 1771 668 1807 ab
688 1771 757 1806 illa
773 1770 1015 1820 probatione,
1049 1782 1138 1806 cum
1155 1770 1359 1819 episcopus
1377 1769 1444 1806 ille
1465 1768 1515 1806 ad
1533 1781 1621 1806 eam
1640 1768 1784 1807 suade-

350 1835 428 1875 ret,
477 1829 545 1878 qui
581 1832 776 1876 comperta
804 1832 940 1876 postea
966 1822 1168 1861 Michaelis
1203 1832 1334 1861 mente
1359 1826 1478 1862 verba
1508 1825 1577 1861 illa
1607 1825 1782 1875 protulit.

351 1895 440 1920 cum
460 1884 592 1933 itaque
615 1883 746 1919 omnia
766 1880 979 1918 confundat
1003 1887 1040 1917 et
1057 1881 1212 1916 mutilet
1229 1893 1298 1930 pro
1320 1879 1482 1917 libidine
1501 1879 1691 1928 Phranza‚
1711 1893 1782 1917 nos

351 1952 400 1976 eo
422 1939 600 1989 neglecto
631 1951 682 1974 ex
708 1937 795 1974 aliis
824 1937 1072 1987 scriptoribus
1093 1949 1175 1972 rem
1193 1935 1290 1973 adeo
1311 1937 1550 1986 singularem
1567 1937 1783 1973 illustrabi-

348 2008 450 2033 mus.
508 1994 699 2030 Henricus
727 2005 881 2044 quoque
910 1990 1144 2042 Spondanus
1172 1993 1214 2028 in
1240 1992 1537 2029 Continuatione
1569 1993 1782 2031 Annalium

350 2052 448 2087 miro
477 2048 794 2096 anachronismo,
837 2054 879 2085 ut
909 2061 1064 2098 semper
1091 2048 1207 2094 solet,
1253 2046 1328 2084 hoc
1354 2047 1462 2084 idem
1490 2046 1680 2084 iudicium
1709 2048 1780 2084 sub

349 2104 561 2144 Theodoro
581 2106 704 2155 ponit,
733 2105 803 2141 sub
825 2117 902 2156 quo
920 2103 1120 2140 affectasse
1138 2105 1348 2154 imperium
1364 2102 1599 2140 Michaelem
1615 2104 1783 2140 Palaeo-

348 2162 487 2211 logum
511 2161 655 2198 scribit.
711 2162 812 2197 Am„

459 2241 498 2277 p.
521 2228 600 2268 100
618 2240 657 2263 v.
685 2227 722 2266 1.
782 2221 998 2275 Νικόλαος]
1037 2225 1188 2262 Nicolai
1221 2223 1336 2263 huius
1371 2237 1526 2276 quoque
1557 2226 1703 2262 mentio
1739 2225 1782 2262 fit

349 2295 466 2333 supra
485 2283 571 2319 loco
591 2284 832 2332 nimisquam
849 2288 1041 2332 corrupto.
1072 2282 1333 2333 μαγκλαβίτης
1345 2279 1445 2317 nihil
1464 2278 1573 2316 aliud
1587 2287 1645 2317 est
1661 2293 1781 2332 quam

349 2344 476 2375 custos
494 2336 544 2374 ad
562 2338 674 2373 aulae
691 2339 867 2385 ianuam,
899 2338 1008 2374 clava
1028 2343 1216 2383 armatus,
1257 2349 1374 2387 quam
1392 2331 1634 2388 μαγκλᾶβιον
1650 2338 1781 2373 manb-

350 2394 523 2431 clavium
542 2392 805 2443 appellabant.
863 2392 953 2429 vide
975 2393 1215 2437 Glossarium
1233 2393 1393 2428 Meursii
1419 2393 1461 2428 in
1478 2388 1722 2445 μαγκλᾶβιον
1741 2399 1780 2429 et

349 2449 620 2503 μαγκλαβίτης.
677 2449 836 2485 DousA.

459 2526 512 2563 ib.
572 2529 729 2566 κατεῖπε
762 2521 861 2577 πρός
907 2521 978 2563 τόν
1021 2523 1201 2575 βασιλέα]
1256 2537 1372 2575 saepe
1424 2525 1520 2562 alias
1574 2525 1692 2561 etiam
1735 2527 1777 2562 in

348 2583 611 2633 suspicionem
635 2580 804 2618 affectati
824 2581 980 2631 imperii
1003 2580 1074 2616 sub
1094 2578 1168 2616 hoc
1190 2582 1349 2618 Batacio
1370 2582 1523 2618 venisse
1541 2579 1776 2618 Michaelem

345 2638 627 2687 Palaeologum
646 2636 772 2674 habeo
794 2650 846 2673 ex
864 2637 934 2672 Ge.
955 2633 1195 2686 Pachymere
1224 2636 1293 2673 lib.
1317 2637 1338 2676 1
1358 2649 1443 2687 cap.
1464 2638 1503 2685 7,
1540 2638 1609 2687 qui
1627 2635 1775 2673 ibidem

340 2694 510 2744 exponit
526 2692 722 2744 quomodo
741 2694 922 2730 Batacius
943 2692 1190 2728 securitatem
1206 2692 1280 2729 sibi
1302 2692 1476 2742 parabat.
1532 2693 1632 2730 Am„

411 2767 414 2770 ¹
455 2771 508 2808 ib.
531 2777 613 2808 not.
634 2783 672 2808 v.
691 2773 731 2810 7.
789 2768 819 2822 ἦ
845 2766 911 2810 διὰ
937 2766 1090 2821 μύδρον
1116 2765 1332 2820 ἀπόδειξις]
1363 2770 1456 2806 ferri
1481 2768 1680 2806 candentis
1701 2782 1774 2805 ex—

341 2828 603 2878 perimentum
631 2825 682 2864 ad
708 2828 951 2864 innocentiae
975 2825 1246 2876 probationem
1274 2833 1367 2863 nota
1397 2827 1515 2863 etiam
1537 2826 1694 2863 Graecis
1727 2837 1771 2861 ea
