1832 3250
495 791 889 852 LECTORI
948 790 1058 850 10.
1117 792 1587 852 MEURSIUS.

324 1104 440 1172 Non
466 1135 507 1167 te
532 1130 667 1168 multis
693 1130 894 1179 morabor,
931 1131 1068 1168 lector.
1133 1131 1430 1169 Constantinum
1454 1140 1504 1166 en
1523 1129 1757 1176 Manassem,

273 1235 279 1242 ⁴
325 1228 479 1280 pridem
507 1230 580 1267 tibi
613 1218 641 1267 a*
662 1243 725 1267 me
756 1231 994 1281 promissum
1015 1237 1052 1267 et
1072 1244 1143 1281 per
1164 1233 1433 1283 occupationes
1453 1229 1631 1267 dilatum.
1649 1203 1651 1205 Ι
1687 1227 1759 1269 ‹le-‚-

326 1331 462 1381 scripsi
481 1343 532 1367 ex
549 1328 680 1368 codice
701 1329 961 1368 bibliothecae
980 1331 1181 1368 Palatinae
1194 1361 1205 1380 ‚
1235 1333 1299 1368 cui
1315 1332 1396 1368 iam
1414 1337 1589 1368 auctores
1610 1330 1760 1382 aliquot

324 1437 439 1468 antea
454 1444 534 1468 non
552 1429 677 1467 editos
694 1443 851 1467 mecum
869 1430 1003 1469 debes.
1059 1433 1206 1479 versio,
1237 1442 1356 1482 quam
1375 1428 1531 1479 addidi,
1562 1437 1621 1468 est
1642 1432 1759 1468 Ioan-

323 1532 385 1568 nis
405 1531 656 1579 Leunclavii,
693 1532 768 1569 viri
791 1532 995 1570 clarissimi
1014 1539 1051 1570 et
1070 1531 1118 1569 de
1135 1545 1175 1568 re
1197 1530 1354 1582 publica
1373 1530 1545 1567 literaria
1560 1530 1758 1581 praeclare

323 1633 453 1669 meriti
481 1630 595 1668 editis
618 1637 674 1669 tot
694 1635 957 1671 monumentis
977 1634 1117 1685 quibus
1137 1639 1251 1670 antea
1273 1630 1511 1668 carebaml'm.
1569 1628 1621 1667 ad
1636 1631 1758 1668 Grae-

325 1745 415 1770 cum
438 1738 592 1769 textum
619 1737 730 1769 notas
761 1744 832 1782 ego
861 1734 1048 1783 pauculas
1078 1731 1223 1780 adieci,
1262 1731 1402 1784 quibus
1429 1732 1516 1768 loca
1540 1731 1671 1769 minus
1694 1732 1759 1768 in-

323 1839 433 1882 tegra
464 1832 722 1870 restituerem.
779 1845 873 1869 nam
909 1839 953 1870 ut
987 1831 1247 1870 diffunderem
1277 1844 1342 1869 me
1372 1838 1410 1868 et
1434 1830 1639 1870 historiam
1666 1845 1758 1869 cum

323 1931 484 1971 historia
509 1946 797 1984 compararem,
830 1945 909 1971 non
930 1939 988 1970 est
1005 1933 1133 1970 visum
1155 1946 1294 1985 operae
1315 1934 1497 1985 pretium.
1556 1938 1758 1970 contentus

323 2034 382 2071 fui
403 2035 533 2085 ipsum
550 2035 771 2072 Manassem
787 2039 1090 2086 repraesentare.
1148 2034 1257 2082 vale,
1287 2040 1345 2082 et,
1385 2034 1559 2086 quisquis
1584 2046 1646 2082 es,
1688 2045 1757 2070 ae-

323 2136 546 2173 ternitatem
571 2136 710 2186 cogita.
