1924 3242
324 161 384 210 14
951 165 1134 211 IOELIS

317 282 454 333 λομῶν
465 310 479 331 ,
514 279 556 321 ἐν
589 273 623 337 ᾧ
655 280 722 320 καὶ
754 276 1031 337 συγκατώρυξε
1065 284 1123 340 τῷ
1154 284 1276 339 πατρὶ
1298 282 1450 333 πολλὰς
1469 281 1673 340 μυριάδας
1693 300 1768 327 τα-

315 345 472 390 λάντων
487 348 658 405 χρυσιόυ
669 378 683 399 ,
717 345 773 398 ὥς
792 350 914 404 φησὶν
929 346 1135 404 Ἰώσηπος.
1181 352 1248 392 καὶ
1272 352 1393 406 δῆλον
1413 352 1456 393 ἐκ
1475 356 1557 395 τῶν
1578 355 1636 404 εἰς
1649 351 1767 396 ὕστε-

317 432 389 472 ρον
420 416 662 471 γενομένων·
710 413 732 457 ὅ
764 415 841 473 γὰρ
875 417 1080 474 ἀρχιερεὺς
1102 416 1300 475 “Υρκανὸς
1330 421 1668 477 πολιορκουμένης
1697 425 1768 477 τῆς

312 481 465 533 πόλεως
494 481 569 525 ὑπ’
598 481 802 538 Ἀντιόχου
830 489 904 527 τοῦ
931 486 1170 543 Δημητρίου
1199 486 1344 536 παιδὸς
1371 487 1533 539 ἀνοίξας
1556 489 1603 532 τὸ
1627 493 1768 544 μνῆμα

311 549 491 594 τάλαντα
516 549 552 607 γ’
582 553 734 595 ἐκεῖθεν
763 551 1014 610 ἐξεφόρησεν.
1080 554 1126 596 τὸ
1154 555 1197 596 δὲ
1222 553 1419 597 τάλαντον
1438 555 1516 610 ἕχει
1537 558 1801 611 νομίσματαὸ

314 618 409 676 ρκέ.
441 621 542 674 μεθ’
568 619 613 662 ὃν
627 618 818 677 Ἡρώδης
836 622 955 678 γνοὺς
975 620 1239 679 ὧς“Υρκανὸς
1256 627 1375 666 τοῦτο
1393 625 1614 678 πεποίηκεν,
1637 624 1768 679 ἤνοιξε

313 690 382 730 καὶ
407 688 529 739 αὐτὸς
546 688 616 731 τὸν
637 688 782 746 τάφον,
812 692 879 731 καὶ
896 689 1090 747 χρήματα
1113 691 1186 744 μὲν
1210 691 1285 745 οὐχ
1305 685 1430 748 εὗρεν,
1464 690 1616 746 κόσμον
1638 692 1682 735 δὲ
1701 695 1770 735 καὶ

313 755 499 811 κειμήλια
519 756 675 814 χρύσεα
697 756 917 812 πάμπολλα
939 759 1127 801 ἀνείλετο.
1192 760 1455 816 πειραθέντος
1485 761 1529 802 δὲ
1559 760 1686 804 αὐτοῦ
1703 761 1770 803 ἐν·

263 832 295 867 D
320 826 472 887 ὁοτέρωΙ
490 831 658 882 χωρεῖν,
693 821 743 868 οὗ
762 826 813 868 τὰ
838 825 1008 881 σώματα
1031 827 1171 881 Δαβίδ
1192 845 1234 870 τε
1257 829 1325 869 καὶ
1347 830 1610 882 Σολομῶντος
1634 829 1769 885 ἐτέθη,

313 897 394 951 πῦρ
413 894 580 945 ἐξελθὸν
601 892 674 936 δύο
695 899 776 937 τῶν
798 893 1039 952 δορυφόρων
1060 895 1187 938 αὐτοῦ
1208 896 1426 953 διέφθειρε.
1780 903 1824 939 10

447 1029 573 1073 Μετὰ
595 1024 666 1072 οὖν
683 1030 826 1084 Δαβὶδ
847 1031 1078 1085 ἐβασίλευσε
1100 1033 1297 1084 ,Σολομῶν
1318 1028 1339 1072 ὅ
1363 1029 1452 1081 υἱὸς
1473 1029 1600 1073 αὐτοῦ
1621 1028 1689 1086 ξ’τη
1709 1030 1769 1085 μ’,

314 1094 360 1146 ὃς
390 1096 463 1152 τὴν
495 1096 818 1152 πανθαύμαστον
854 1101 922 1141 καὶ
950 1097 1145 1140 θεόδοτον
1167 1101 1235 1140 καὶ
1255 1097 1355 1154 ὑπὲρ
1380 1098 1599 1155 ἄνθρωπον
1620 1100 1769 1156 σοφίαν

314 1163 529 1219 δεξάμενος
559 1165 791 1223 ᾠκοδόμησε
821 1165 895 1221 τήν
916 1183 958 1209 τε
979 1165 1096 1208 πόλιν
1117 1168 1183 1208 καὶ
1204 1165 1274 1208 τὸν
1297 1166 1396 1208 ναὸν
1417 1168 1556 1223 κυρίου
1579 1167 1620 1208 ἐν
1643 1166 1770 1209 ἔτεσιν

313 1231 437 1286 ἑπτά,
462 1238 593 1289 μῆκος
627 1233 786 1288 πήχεων
816 1233 864 1286 ξ’,
899 1229 1016 1290 εὖρος
1037 1232 1196 1287 πήχεων
1217 1232 1253 1275 κ’
1278 1236 1346 1275 καὶ
1368 1233 1478 1288 ὕψος
1497 1232 1656 1288 πήχεων
1679 1233 1766 1291 ρκ’·

314 1303 483 1359 δίφορος
504 1301 581 1358 γὰρ
605 1297 677 1355 ἦν,
713 1300 769 1351 ὡς
791 1303 914 1358 φησὶν
931 1300 1137 1356 Ἰώσηπος.
1205 1301 1251 1343 τὸ
1284 1301 1327 1343 δὲ
1358 1300 1524 1358 ι’ίριστον
1547 1306 1621 1344 τοῦ
1638 1305 1770 1345 Σολο-
1780 1309 1822 1346 15

311 1373 470 1423 μῶντος
493 1364 544 1423 ἦν
569 1370 672 1411 καθ’
697 1368 853 1425 ἡμέραν
874 1367 986 1425 κόροι
1010 1367 1257 1422 σεμιδάλεως
1277 1367 1328 1421 λ’,
1362 1367 1475 1426 κόροι
1509 1368 1679 1427 ἀλεύρου
1702 1387 1770 1414 κε-

173 1449 203 1484 Ρ
226 1450 294 1486 156
316 1437 609 1491 κοπανισμένου
642 1435 691 1488 ξ’,
723 1435 871 1491 μόσχοι
905 1438 1078 1479 ἐκλεκτοὶ
1116 1435 1156 1489 ι’,
1189 1435 1284 1491 βόες
1313 1435 1487 1491 νομάδες
1515 1435 1552 1480 κ’
1577 1439 1645 1480 καὶ
1667 1437 1771 1496 πρό-

307 1510 417 1560 βατα
449 1504 501 1561 ρ’,
532 1505 644 1555 ἐκτὸς
675 1504 838 1562 ἐλάφων
866 1507 934 1547 καὶ
966 1504 1176 1562 δορκάδων
1199 1507 1268 1547 καὶ
1289 1505 1464 1562 ὀρνίθων
1487 1506 1679 1548 ἐκλεκτῶν
1700 1509 1769 1549 καὶ

308 1577 512 1618 σιτευτῶν.
561 1572 582 1615 ὃ
605 1574 649 1615 δὲ
669 1571 787 1630 κόρος
811 1574 932 1615 ἐποίει
950 1571 1076 1627 μόδια
1098 1572 1147 1616 λ’.
1194 1571 1298 1626 ὅμοῦ
1316 1572 1502 1629 γινόμενα
1521 1571 1646 1627 μόδιοι
1662 1573 1768 1631 sszp'.

309 1642 489 1685 ἀπέθανε
509 1642 553 1684 δὲ
569 1644 766 1695 Σολομῶν
787 1642 886 1684 ἐτῶν
906 1639 978 1697 oy',
1015 1643 1081 1683 καὶ
1098 1638 1227 1698 ἐτάφη
1242 1641 1345 1695 μετὰ
1366 1646 1439 1684 τοῦ
1455 1641 1609 1699 πατρὸς
1627 1642 1824 1686 αὖτοῦ.20

310 1710 380 1767 ἐφ’
406 1704 455 1753 οὗ
474 1705 719 1766 ἦν’Όμηρος
741 1711 808 1752 καὶ
824 1707 1030 1759 ‘Heledus--

314 1917 600 1952 exaedificaverat
610 1942 620 1960 ,
644 1916 817 1963 sepelitur.
863 1916 948 1950 etin
963 1927 1004 1950 eo
1014 1942 1025 1958 ‚
1049 1917 1087 1950 ut
1100 1915 1264 1961 Iosephus
1280 1916 1398 1948 auctor
1412 1917 1486 1956 est,
1508 1915 1630 1950 multas
1643 1924 1767 1950 aureo-

313 1974 388 1998 rum
419 1963 620 1996 talentorum
649 1962 819 2008 myriadas
849 1961 1109 2000 contumulavit.
1130 1961 1221 2006 quod
1247 1965 1281 1994 et
1303 1971 1365 2005 per
1389 1960 1597 2004 posteriores
1622 1964 1765 1995 eventus

314 2008 568 2054 comprobatum
585 2013 648 2042 est.
694 2008 818 2053 quippe
833 2018 977 2041 summus
991 2006 1150 2040 sacerdos
1165 2006 1345 2050 Hyrcanus
1360 2004 1405 2038 ab
1420 2005 1586 2039 Antiocho
1600 2005 1766 2040 Demetrii

312 2055 384 2088 filio
410 2055 496 2088 urbe
519 2054 677 2096 obsessa,
701 2057 854 2087 reserato
879 2057 1087 2087 monumento
1114 2052 1177 2086 tria
1199 2051 1284 2085 milia
1301 2050 1500 2085 talentorum
1512 2050 1593 2084 inde
1607 2051 1764 2086 extraxit.

310 2099 475 2134 talentum
495 2110 579 2133 vero
608 2102 662 2133 est
687 2109 891 2132 nummorum
915 2103 1048 2132 centum
1074 2097 1196 2142 viginti
1223 2096 1380 2142 quinque.
1426 2096 1583 2130 Herodes
1607 2095 1766 2142 deinceps

313 2155 440 2190 gnarus
455 2144 490 2178 id
506 2144 668 2189 Hyrcano
684 2145 832 2188 sactum,
855 2147 1100 2178 monumentum
1116 2147 1152 2177 et
1165 2142 1241 2188 ipse
1254 2140 1450 2187 adaperuit,
1473 2141 1530 2175 ubi
1549 2141 1630 2175 licet
1651 2141 1764 2176 nullae

313 2194 430 2224 essent
453 2190 633 2235 pecuniae,
656 2194 810 2224 ornatum
833 2193 946 2223 tamen
970 2200 1107 2223 aureum
1130 2188 1338 2234 plurimaque
1351 2185 1489 2219 donaria
1504 2198 1546 2221 ex
1561 2197 1603 2221 eo
1618 2187 1766 2224 sustulit.

312 2235 374 2270 sed
397 2246 472 2269 cum
483 2235 631 2269 'ulterius
654 2235 816 2280 progredi
832 2239 996 2278 tentaret,
1020 2234 1079 2268 ubi
1091 2233 1233 2267 Davidis
1249 2236 1283 2266 et
1298 2231 1488 2265 Salomonis
1501 2243 1647 2279 corpora.
1660 2237 1766 2279 repo-

313 2281 380 2315 sita
394 2281 549 2322 fuerant,
572 2279 661 2325 ignis
677 2280 817 2314 exiliens
832 2281 918 2314 duos
934 2292 978 2314 ex
993 2280 1062 2314 eius
1078 2278 1278 2314 satellitibus
1293 2276 1488 2323 absumpsit.

401 2371 488 2406 Post
501 2369 667 2405 Davidem
682 2381 788 2414 regno
804 2370 936 2416 potitur
951 2371 1112 2405 Salomon
1130 2369 1218 2403 filius
1232 2379 1336 2403 annos
1357 2367 1600 2413 quadraginta,
1624 2368 1773 2403 eximiae

311 2415 511 2462 divinaeque
538 2420 573 2450 et
594 2427 633 2450 su
658 2427 696 2449 ra
726 2416 901 2449 humanum
926 2420 1059 2461 captum
1089 2413 1276 2460 sapientiae
1301 2414 1481 2459 particeps.
1527 2414 1582 2448 hic
1596 2414 1712 2448 urbem
1728 2417 1766 2448 et

310 2463 469 2508 templum
498 2461 623 2496 domini
635 2428 852 2505 ‘longitudine
875 2461 1064 2495 cubitorum
1080 2460 1275 2504 sexaginta,
1297 2459 1474 2493 latitudine
1487 2459 1627 2504 viginti,
1649 2458 1766 2493 altitu·

312 2508 393 2542 dine
409 2510 540 2542 centum
555 2506 687 2551 viginti,
711 2511 841 2551 septem
856 2516 1017 2540 annorum
1032 2506 1142 2551 spatio
1157 2504 1324 2539 absolvite
1348 2505 1432 2539 duas
1448 2505 1573 2550 quippe
1589 2504 1766 2549 contigna-

310 2554 420 2588 tiones
443 2553 607 2591 habebat,
631 2555 668 2586 ut
682 2553 790 2586 ret'ert
804 2551 978 2598 Iosephus.
1022 2551 1057 2585 in
1075 2551 1250 2597 prandium
1265 2550 1336 2584 eius
1349 2550 1499 2595 quotidie
1513 2550 1766 2584 insumebantur

311 2599 439 2635 similae
463 2598 535 2632 cori
560 2597 724 2642 triginta,
745 2597 877 2631 farinae
903 2597 1071 2631 cribratae
1098 2597 1166 2630 cori
1190 2595 1385 2640 sexaginta,
1409 2596 1509 2630 electi
1523 2595 1621 2630 vituli
1636 2595 1764 2637 decem,

313 2644 371 2690 qui
385 2647 495 2679 autem
510 2655 573 2690 per
587 2655 721 2689 campos
736 2644 962 2690 pascebantur
976 2642 1083 2676 boves
1098 2641 1239 2686 viginti,
1266 2652 1348 2676 oves
1364 2644 1494 2676 centum
1506 2666 1516 2684 ,
1537 2643 1677 2688 praeter
1688 2648 1763 2675 oer-

312 2701 376 2726 vos
402 2694 438 2725 et
463 2700 603 2735 capreas
618 2693 654 2723 et
668 2700 749 2724 aves
764 2688 890 2723 electas
906 2693 942 2722 et
960 2688 1080 2722 altiles.
1129 2698 1228 2722 corus
1253 2687 1394 2731 triginta
1407 2687 1592 2722 modiorum
1607 2694 1763 2721 menam

313 2739 386 2780 est,
420 2735 470 2770 ita
490 2739 529 2770 ut
552 2745 666 2769 omnes
692 2733 791 2768 modii
812 2734 910 2769 simul
934 2734 1132 2777 colligantur
1157 2733 1222 2766 duo
1247 2733 1336 2767 milia
1358 2736 1394 2766 et
1417 2733 1645 2778 septingenta.
1690 2730 1762 2765 vita

310 2792 414 2827 porro
439 2782 575 2816 functus
601 2784 655 2815 est
678 2779 836 2814 Salomon
862 2779 984 2814 aetatis
1001 2790 1088 2814 anno
1107 2779 1355 2824 septuagesimo
1370 2778 1496 2824 tertio,
1531 2777 1762 2824 sepeliturque

312 2838 387 2862 cam
399 2831 500 2874 patre
513 2826 658 2862 Davide.
704 2826 765 2861 sub
781 2837 822 2861 eo
838 2825 1008 2861 Homerus
1023 2828 1059 2860 et
1072 2824 1245 2860 Hesiodus
1262 2824 1427 2859 claruere.
