1872 3236
264 581 294 614 B

300 185 303 188 ’
325 199 419 245 112
706 200 1079 246 consum
1120 202 1386 248 MANASSIS

515 308 596 356 Ἦν
622 313 663 356 δ’
690 313 845 372 ἀδελφὴ
871 319 930 373 τῷ
951 319 1115 370 βασιλεῖ
1131 315 1266 376 τούτῳ
1284 319 1491 378 Θεοὸοσίῳ

456 380 744 438 σεμνότροπος,
779 382 1011 438 σεμνόβιος,
1045 385 1117 439 τὴν
1138 390 1277 441 κλῆσιν
1299 389 1552 446 Πουλχερία,

319 450 429 494 2575
454 452 520 491 καὶ
541 448 676 492 κάλλει
701 450 986 506 ὄιαλάμπουσα
1004 451 1192 508 σώματος
1212 454 1474 512 εὐπροσώπου
1484 489 1498 507 ,

455 520 522 559 καὶ
545 519 765 572 στίλβουσα
785 526 874 571 ταῖς
890 519 1030 578 χάρισι
1051 526 1125 576 τῆς
1147 521 1259 564 ἔνδον
1282 523 1537 581 εὐπρεπείας·

398 619 404 627 .
454 584 542 640 ἣτις
563 588 767 644 παρθένον
787 596 994 647 συντηρεῖν
1016 588 1140 644 αὑτὴν
1161 591 1404 647 προελομένη

453 656 520 696 καὶ
543 659 616 710 τῆς
639 653 795 711 ἁγνείας
816 657 966 700 ἄσυλον
985 657 1199 715 φυλάττειν
1220 659 1289 701 τὸν
1309 663 1498 714 λειμῶνα,

452 722 628 780 ἀρρένων
648 724 720 778 μὲν
747 725 939 779 ἀπέσχετο
962 725 1158 777 καθάπαξ
1181 725 1353 780 ὁμιλίας,

316 789 429 834 2580
454 795 512 848 τῷ
530 796 703 849 καθαρῷ
725 793 766 836 δ’
789 794 971 851 ἓπέχαιρε
993 796 1060 836 καὶ
1078 799 1137 852 τῷ
1155 797 1308 853 κοσμίῳ
1324 797 1417 853 βίῳ,

453 861 519 901 καὶ
544 861 645 911 ζέσιν
665 862 910 904 ἐπεδείκνυτο
929 862 1030 919 πρὸς
1047 868 1182 905 πᾶσαν
1197 864 1508 921 χρηστουργίαν.

453 928 500 969 οὗ
524 926 647 982 μόνον
669 929 712 971 δὲ
733 929 802 972 τὸν
825 929 971 985 ἑαυτῆς
995 929 1122 981 οὕτως
1145 931 1303 986 ἐκόσμει
1322 935 1428 985 βίον,

452 996 555 1038 ἀλλά
577 1013 619 1052 γε
643 999 709 1039 καὶ
729 998 798 1040 τὸν
822 998 996 1056 ἀδελφὸν
1016 1001 1223 1051 παντοίαις
1242 1002 1433 1051 ἐπινοίαις

453 1066 508 1115 εἷς
530 1065 673 1122 ἀρετὴν
694 1064 908 1123 ε’ρύθμιζεν
930 1069 996 1109 καὶ
1016 1067 1190 1124 τρόπους
1211 1068 1469 1126 φιλοκάλους.

318 1133 428 1175 2585
451 1132 478 1187 ἢ
498 1135 564 1175 καὶ
586 1132 801 1192 συνῴκισεν
821 1135 931 1193 αὐτῷ
949 1135 1050 1193 πρὸς
1066 1134 1200 1192 γάμου
1223 1138 1430 1179 κοινωνίαν

453 1202 526 1255 τὴν
545 1200 729 1244 κάλλεσιν
751 1202 1062 1260 ἄστράπτουσαν
1082 1207 1284 1255 παντοίοις
1304 1206 1519 1256 Εὗόοκίαν,

450 1268 539 1324 ἥτις
561 1274 735 1325 λειμῶνα
759 1272 939 1328 φέρουσα
960 1270 1133 1322 κάλλους
1153 1274 1194 1314 ἓν
1218 1277 1276 1331 τῷ
1294 1271 1497 1332 προσώπῳ

451 1336 615 1394 ὡρμᾶτο
633 1340 707 1392 μὲν
727 1340 770 1389 ἐξ
787 1339 970 1394 Ἀθηνῶν
988 1343 1069 1382 τῶν
1090 1341 1450 1397 περιλαλουμένων,

449 1406 550 1462 πρὸς
572 1407 615 1448 δὲ
634 1407 706 1461 τὴν
728 1405 934 1459 Βύζαντος
955 1408 1145 1465 λαμπρὰν
1168 1408 1389 1465 ἀφικομένη
1409 1407 1539 1460 πόλιν,

261 1473 291 1506 C
312 1475 423 1516 2590
448 1474 518 1531 ἐφ’
546 1468 579 1532 ᾧ
600 1473 906 1533 κατηγορήσειεν
923 1477 1035 1518 ἷὸίων
1056 1474 1251 1532 ὁμογνίων

449 1541 505 1592 ὡς
526 1547 599 1597 τῆς
620 1543 760 1593 οὐσίας
779 1547 853 1586 τοῦ
873 1543 1026 1600 πατρὸς
1047 1545 1150 1601 αὐτῇ
1166 1545 1224 1599 μὴ
1244 1543 1511 1598 μεταὸόντων,

447 1615 585 1668 πολλῷ
606 1610 923 1669 κερδαλεώτερον
942 1612 987 1655 τὸ
1007 1611 1207 1670 πάρεργον
1229 1611 1412 1670 εὗρίσκει.

447 1679 492 1721 τὸ
515 1680 553 1721 δ’
580 1678 688 1730 ὅπως
707 1684 824 1722 τοῦτο
847 1680 978 1736 γέγονε
999 1679 1105 1739 λόγῳ
1126 1679 1312 1738 συντόμῳ
1333 1679 1493 1738 φράσω.

507 1743 590 1789 3Ην
612 1749 654 1789 ἐν
668 1746 863 1803 Ἀθήναις
884 1766 944 1798 τις
965 1747 1066 1806 ἀνήρ
1077 1781 1090 1800 ,
1123 1747 1323 1799 Λεόντιος
1340 1749 1412 1804 τὴν
1434 1751 1589 1803 κλῆσιν,

310 1814 419 1858 2595
447 1816 502 1866 εἷς
524 1814 648 1872 ἄκρον
670 1815 913 1874 ἀφικόμενος
934 1815 1068 1872 πάσης
1090 1819 1346 1874 φιλοσοφίας,

444 1885 511 1925 καὶ
533 1887 694 1940 λογικῆς
713 1886 779 1927 καὶ
802 1889 976 1942 φυσικῆς
998 1887 1065 1928 καὶ
1089 1890 1161 1942 τῆς
1183 1883 1494 1943 ἅστεροσκόπου.

399 2014 491 2049 2573
513 2011 634 2059 τούτω
652 2014 704 2059 τῷ
711 2013 868 2069 βασιλεῖ
880 2014 981 2061 κυρῷ
1005 2015 1049 2049 Θ.
1068 2015 1102 2050 R
1262 2015 1355 2051 9587
1371 2017 1451 2055 τοῖς
1472 2011 1687 2056 προσώποις
1703 2012 1769 2048 AR

401 2061 492 2095 2589
511 2057 765 2105 ἀφικνουμένη
785 2060 851 2095 AR
983 2062 1078 2097 2593
1099 2060 1223 2106 λόγοις
1248 2059 1444 2106 συντόμως
1464 2061 1529 2096 AR

402 2175 566 2209 Ceterum
583 2174 786 2219 imperatori
809 2174 1013 2210 Theodosio
1035 2187 1136 2209 soror
1153 2179 1248 2220 erat,
1282 2175 1388 2210 castis
1415 2174 1583 2228 praedita
1600 2173 1768 2217 moribus,

309 2219 404 2255 vitae
423 2221 540 2264 gravis
560 2232 600 2253 ac
618 2220 778 2264 pudicae,
801 2222 938 2255 nomine
956 2221 1154 2256 Pulcheria.
1202 2202 1361 2267 fulgebat
1383 2234 1425 2256 ea
1446 2220 1586 2255 venusti
1610 2219 1768 2264 corporis

309 2266 504 2310 elegantia,
545 2266 713 2310 simulque
739 2266 879 2300 dotibus
908 2268 1067 2301 internae
1090 2267 1356 2312 pulchritudinis
1383 2267 1574 2301 relucebat.
1621 2275 1769 2310 cumque

308 2312 546 2356 virginitatem
563 2323 658 2345 suam
673 2312 826 2346 retinere
844 2317 880 2346 et
896 2313 1067 2346 castitatis
1084 2325 1239 2358 campum
1255 2313 1422 2348 illibatum
1437 2313 1530 2347 tueri
1537 2311 1766 2355 decrevisset,

307 2369 450 2403 prorsus
474 2369 495 2390 a
519 2358 673 2391 virorum
698 2357 947 2392 consuetudine
966 2364 1077 2392 semet
1094 2359 1308 2401 abstinebat,
1334 2371 1375 2393 ac
1392 2370 1500 2404 purae
1518 2359 1766 2402 modestaeque

307 2405 412 2438 vitae'
423 2403 538 2437 studio
560 2402 680 2437 dedita
702 2404 878 2438 fervorem
897 2404 1002 2438 animi
1020 2416 1105 2448 erga
1122 2405 1266 2449 quaevis
1288 2385 1382 2438 facta
1398 2403 1604 2449 praeclara’
1594 2403 1766 2447 lusignem

307 2450 581 2484 demonstrabat.
629 2460 742 2492 neque
763 2454 897 2482 tantum
919 2451 1140 2503 exornandae
1162 2450 1256 2484 vitae
1278 2461 1361 2484 suae
1378 2449 1514 2484 intenta
1534 2454 1622 2494 erat,
1645 2459 1766 2483 verum

308 2496 413 2529 etiam
431 2496 575 2528 fratrem
594 2493 785 2537 omnigenis
805 2494 1012 2539 rationibus,
1035 2495 1148 2539 iisque
1167 2496 1314 2530 solerter
1335 2496 1563 2540 excogitatis,
1589 2496 1633 2529 ad
1650 2494 1765 2529 virtu-

306 2545 377 2575 tem
400 2542 599 2593 probosque
619 2551 732 2573 mores
750 2539 973 2575 informabat.
1022 2541 1201 2575 coniunxit
1225 2548 1262 2575 et
1281 2542 1384 2575 fratri
1405 2541 1622 2575 matrimonio
1642 2541 1765 2575 Eudo-

306 2587 419 2631 ciam,
444 2586 537 2619 omni
555 2585 749 2619 venustatis
771 2598 901 2629 genere
922 2586 1173 2630 splendentem.
1222 2599 1264 2621 ea
1283 2598 1357 2621 cum
1377 2593 1471 2621 esset
1490 2587 1588 2621 vultu
1606 2587 1769 2632 praedita.

305 2632 568 2674 formosissimo,
592 2632 739 2665 Athenis
759 2631 827 2665 illis
853 2632 1100 2675 celeberrimis,
1124 2633 1185 2666 ubi
1203 2638 1285 2667 nata
1302 2634 1429 2677 fuerat,
1452 2633 1660 2677 Byzantium
1682 2643 1766 2677 pro—

305 2680 412 2723 fecta,
435 2689 516 2712 suos
538 2683 577 2711 ut
593 2678 720 2711 fratres
743 2682 934 2721 accusaret,
959 2677 1017 2723 qui
1036 2684 1257 2722 paternarum
1278 2679 1479 2713 facultatum
1507 2684 1640 2732 partem
1669 2679 1703 2712 ei
1726 2689 1766 2711 se

302 2726 446 2759 daturos
475 2728 726 2769 pernegarent,
772 2723 888 2757 obiter
923 2724 1085 2769 quiddam
1114 2724 1216 2768 longe
1245 2725 1457 2759 fructuosius
1483 2724 1631 2770 reperit.
1676 2723 1765 2759 libet

303 2776 418 2805 autem
434 2770 593 2804 breviter
611 2781 799 2814 exponere,
818 2780 887 2813 quo
905 2774 1007 2814 pacto
1026 2769 1113 2803 haec
1131 2770 1326 2805 evenerint.

393 2817 480 2851 Fuit
499 2815 645 2850 Athenis
670 2816 809 2861 quidam
826 2816 1015 2859 Leontius,
1054 2816 1112 2849 vir
1129 2822 1290 2850 accurate
1311 2816 1445 2860 pentus
1473 2816 1582 2850 omnis
1631 2814 1761 2848 hiloso—

302 2861 408 2908 phiae
435 2874 477 2898 ac
508 2861 696 2907 logicarum
725 2861 930 2898 naturalium
960 2862 1266 2899 astronomicarum
1294 2862 1568 2909 disciplinarum.
1641 2860 1698 2896 uic
1721 2871 1764 2897 ex
