1858 3236
285 705 320 740 D

210 1243 319 1281 1³44

339 185 408 232 92
726 183 1102 230 CONSTANTINI
1139 185 1406 232 MANASSIS

477 294 628 352 ἀνῆπτο
653 295 727 350 μὲν
745 294 771 352 ἦ
793 294 981 352 κάμινος,
1004 297 1123 356 ᾔρετο
1140 300 1337 356 μεταρσία

342 363 494 419 211οἧ
520 362 648 421 φλόξ,
677 364 826 420 ἠπείλει
846 363 1042 423 φοβερόν,
1075 365 1213 425 ἐφόβει
1231 369 1297 410 καὶ
1319 366 1549 426 μακρόθεν·

475 434 674 488 φρικῶδες
696 432 835 488 ἔβρεμε
853 433 898 476 τὸ
916 438 995 491 πῦρ
1007 466 1021 486 ,
1049 434 1150 492 ἀέρα
1172 433 1371 492 περιήχει·

475 497 497 540 ὃ
519 499 560 540 δ’
587 498 828 557 ἀστρολόγος
846 503 1036 557 πεδηθεὶς
1052 501 1172 545 ἔκειτο
1194 504 1319 557 μηδὲν
1343 501 1507 558 πτήξας.

472 566 516 609 τί
531 567 634 620 μετὰ
655 573 782 611 ταῦτα
804 569 850 612 τὸ
874 569 1060 625 συμβάνς
1095 569 1254 627 ἐπήρθη
1279 571 1406 613 ποθὲν
1430 570 1563 627 νέφος,

470 633 541 677 τὸν
563 635 733 693 οὐρανὸν
756 635 994 694 ἠμαύρωσεν
1007 669 1020 689 ,
1053 637 1258 693 ἢχλύωσεν
1279 638 1394 695 ἀέρα.

341 702 451 745 2115
477 704 655 760 ζοφῶδες
681 699 756 759 ἦν,
788 703 1047 762 μελάντερον,
1074 705 1306 762 κάθυγρον,
1340 702 1641 763 ὄμβροφόρον·“

477 770 632 831 εἴκασεν
648 771 698 815 ἄν
717 790 778 824 τις
799 773 1006 826 ποταμοὺς
1030 774 1256 829 ἓγκυμονεῖν
1279 772 1451 816 ὑδάτων.

478 839 662 883 ἐντεῦθεν
680 839 868 898 ῥήγνυται
883 841 1033 897 βροντὴ
1053 843 1120 883 καὶ
1139 842 1358 897 μυκηθμὸς
1375 841 1544 896 ἠχεῖται,

471 908 540 949 καὶ
557 906 702 958 πάντες
718 904 822 964 ἦσαν
843 907 1046 961 ἐκποδών,
1073 909 1239 967 ἔφευγον
1260 909 1338 952 ἀνὰ
1358 908 1518 966 κράτος,

473 972 494 1016 ὃ
510 975 724 1029 βασιλεύς,
758 977 796 1019 οἳ
816 978 983 1029 θεαταί,
1021 976 1216 1032 δημόται,
1244 976 1479 1034 δορυφόροι,

337 1044 448 1085 2120
467 1043 539 1097 τὴν
559 1042 727 1098 κάμινον
745 1045 783 1087 οἳ
798 1045 1010 1102 τρέφοντες
1032 1046 1070 1087 οἱ
1090 1044 1239 1101 δήμιοι.
1306 1047 1372 1087 καὶ
1387 1046 1500 1095 τέλος

474 1109 630 1168 ὄμβρος
653 1113 778 1163 πολὺς
792 1115 1055 1170 καταρραγεὶς
1074 1113 1119 1156 τὸ
1144 1118 1223 1171 πῦρ
1245 1111 1516 1167 ἀποσβεννύει,

471 1181 538 1221 καὶ
556 1178 669 1231 κύνες
688 1179 948 1230 ἐπελάσαντες
965 1183 1030 1223 καὶ
1048 1181 1145 1231 τοὺς
1160 1181 1331 1235 δεσμοὺς
1349 1179 1544 1238 φαγόντες

473 1246 544 1289 τὸν
566 1247 836 1304 ἄστρολέσχην
857 1247 997 1291 λύουσι
1013 1249 1142 1291 πολλὰ
1160 1252 1468 1291 θεοκλυτοῦντα.

473 1316 540 1356 καὶ
561 1320 690 1358 ταῦτα
704 1317 777 1370 μὲν
796 1316 996 1359 τετέλεστο
1021 1318 1109 1373 περὶ
1126 1316 1195 1359 τὸν
1213 1315 1342 1372 ἄνδρα
1363 1320 1525 1358 τοῦτον·

336 1381 446 1423 2125
469 1382 592 1432 αὐτὸς
614 1384 658 1425 δὲ
679 1384 836 1437 μέλλων
857 1388 1043 1426 τελευτᾶν
1064 1382 1085 1426 ὅ
1105 1384 1191 1441 θὴρ
1213 1382 1234 1426 ὅ
1252 1383 1464 1437 θυμολέων

471 1450 512 1491 ἐν
528 1449 668 1501 ὕπνοις
687 1451 848 1505 βλέπειν
867 1450 999 1502 ἔδοξεν
1021 1449 1076 1502 ὥς
1093 1453 1218 1494 ἰ’ππου
1241 1452 1483 1508 μελαντέρου

467 1522 687 1572 βασιλικῶς
703 1520 883 1572 ἐπέβαινε
906 1517 1191 1575 κατάφρακτος
1217 1518 1271 1561 ὢν
1298 1518 1450 1571 ὅπλοις,

469 1585 749 1642 ἀπορρυέντων
770 1589 795 1629 δ
802 1587 814 1603 ²
842 1586 916 1628 ἀπ’
943 1587 1069 1629 αὐτοῦ’
1090 1591 1170 1630 τῶν
1186 1587 1319 1629 ὅπλων
1340 1583 1578 1641 αὐτομάτως

468 1654 524 1703 εἷς
539 1652 682 1707 χάσμα
702 1658 774 1709 γῆς
796 1656 863 1696 καὶ
881 1653 1063 1707 βόθυνον
1083 1655 1238 1704 ἀθλίως
1258 1655 1489 1709 κατηνέχθη

331 1721 442 1763 2130
465 1721 576 1777 αὐτῷ
598 1722 672 1764 σὺν
691 1725 804 1781 ἵππῳ
824 1723 893 1765 καὶ
916 1726 1065 1779 στολῇ,
1098 1724 1164 1764 καὶ
1186 1723 1299 1772 τέλος
1317 1720 1560 1779 ἠφαντώθη.

534 1790 619 1830 Καὶ
641 1791 773 1832 τοίνυν
793 1788 936 1833 τούτου
956 1789 1029 1845 τὴν
1052 1790 1191 1845 ψυχὴν
1210 1788 1450 1848 ε’κρήξαντος
1469 1789 1628 1844 βιαίως,

421 1906 516 1942 2112
531 1905 766 1953 καταπτήξας
786 1906 892 1944 AMR
980 1908 1072 1943 2116
1092 1905 1265 1955 ποταμὸν
1295 1907 1336 1944 Μ
1447 1907 1540 1944 2127
1562 1901 1629 1950 ὢν]
1654 1904 1734 1944 τοῖς
1748 1903 1788 1937 Μ

330 2008 426 2043 illum
447 2008 566 2045 abiici.
612 2013 838 2054 posteaquam
868 2020 955 2054 rogo
977 2009 1154 2045 subiectus
1173 2010 1313 2046 fuisset:
1321 2010 1415 2056 ignis
1440 2009 1578 2054 iamque
1603 2017 1737 2041 sursum
1755 2005 1788 2039 is

331 2066 372 2089 se
392 2054 553 2100 tolleret,
587 2055 746 2090 terribile
771 2055 933 2101 quiddam
956 2056 1085 2089 homini
1110 2057 1246 2090 flamma
1275 2056 1470 2090 minabatur
1489 2067 1533 2090 ex
1558 2054 1660 2097 longo
1683 2051 1787 2086 etiam

331 2099 540 2143 interva1103
571 2101 839 2136 formidabiliter
870 2101 962 2146 ignis
983 2101 1195 2146 crepitabat,
1224 2107 1260 2136 et
1281 2103 1364 2136 aeta
1381 2101 1605 2135 collustrabat
1621 2098 1788 2142 undique,

333 2156 409 2178 cum
441 2146 581 2181 interim
609 2146 804 2191 astrologus
838 2146 889 2181 ita
910 2146 1088 2191 colligatus
1101 2174 1110 2191 ,
1136 2152 1175 2181 ut
1195 2147 1341 2183 diximus
1356 2173 1367 2191 ,
1385 2147 1422 2180 in
1442 2157 1565 2190 magna
1583 2149 1786 2178 consterna-

331 2190 428 2223 tione
449 2191 593 2226 iaceret.
643 2192 727 2236 quid
753 2203 882 2236 quaeso
915 2193 1079 2237 deinceps
1108 2193 1264 2228 accidit?
1294 2194 1402 2227 nubes
1429 2191 1587 2226 alicunde
1618 2189 1787 2234 quaedam

333 2240 412 2269 orta
433 2237 564 2270 caelum
590 2238 736 2272 obduxit
756 2243 792 2272 et
818 2239 900 2272 aeta
924 2243 1033 2273 totum
1061 2238 1273 2273 obscuravit.
1321 2244 1397 2272 erat
1414 2238 1504 2278 enim
1521 2235 1580 2272 illa
1597 2234 1788 2279 caliginosa

331 2281 433 2324 nigra
455 2281 613 2326 humida,
641 2283 853 2327 imbremque
871 2294 987 2317 secum
1008 2285 1166 2318 ferebat:
1192 2283 1423 2319 existimasset
1441 2282 1564 2327 aliquis
1586 2293 1661 2315 eam
1685 2279 1787 2324 quasi

330 2327 500 2370 quaedam
525 2339 689 2372 aquarum
714 2329 855 2362 flumina
879 2329 1068 2373 parturire.
1113 2335 1233 2363 secuta
1259 2334 1340 2363 sunt
1368 2329 1542 2370 tonitrua,
1574 2331 1611 2360 et
1634 2325 1785 2369 mugitus

330 2371 470 2416 quidam
488 2374 624 2408 auditus
644 2378 710 2407 est.
757 2378 829 2407 tum
850 2385 934 2407 vero
953 2375 1108 2409 universi
1126 2382 1235 2409 semet
1259 2375 1297 2408 in
1314 2375 1430 2419 fugam
1448 2373 1640 2416 coniicere,
1672 2371 1783 2416 impe<

329 2423 446 2461 rator,
473 2423 708 2463 spectatores,
742 2418 866 2463 vulgus
894 2420 1086 2464 hominum,
1117 2420 1304 2463 satellites,
1323 2420 1350 2454 ii
1373 2420 1433 2465 qui
1454 2419 1621 2454 caminum
1638 2415 1785 2451 materie

326 2468 493 2507 suggesta
509 2464 777 2507 inflammabant,
795 2464 865 2508 ipsi
886 2465 1035 2510 denique
1054 2467 1246 2500 carnifices.
1276 2466 1319 2499 ad
1339 2473 1526 2499 extremum
1547 2464 1658 2499 imber
1673 2461 1783 2497 maxi-

326 2519 400 2542 mus
414 2509 458 2542 de
479 2509 573 2542 caelo
592 2510 708 2554 lapsus
724 2510 839 2554 ignem
858 2510 1035 2554 exstinxit,
1057 2523 1158 2545 canes
1187 2523 1228 2545 ue
1250 2511 1538 2556 supervenientes
1557 2509 1686 2546 arrosis
1703 2508 1782 2543 vin-

327 2553 413 2589 culis
434 2554 644 2600 astrologum
665 2567 764 2600 opem
786 2555 938 2589 divinam
955 2557 1093 2590 assiduo
1107 2557 1174 2601 imp
1190 2562 1343 2591 orantem
1363 2556 1567 2590 liberarunt.
1615 2553 1783 2589 eiusmodi

325 2599 488 2646 quiddam
513 2601 593 2634 huic
620 2601 695 2636 viro
715 2601 874 2644 contigit.
920 2600 998 2646 ipsa
1020 2613 1104 2636 vero
1128 2601 1259 2645 bellua,
1286 2602 1424 2636 leonina
1447 2601 1580 2637 ferocia
1609 2599 1781 2646 praedita,

326 2657 403 2680 cum
424 2646 567 2681 vivendi
596 2647 700 2680 finem
717 2648 853 2682 factura
871 2652 983 2691 esset,
1009 2659 1074 2692 per
1103 2648 1253 2692 quietem
1280 2647 1403 2682 videre
1421 2646 1499 2682 visa
1524 2652 1579 2681 est
1596 2659 1635 2681 se
1657 2650 1781 2680 ornatu

324 2691 550 2736 imperatorio
579 2692 742 2727 vestitam
772 2693 960 2727 ascendere
991 2693 1126 2736 nigrum
1152 2694 1188 2727 in
1208 2703 1354 2771 eqtqum,
1377 2693 1480 2727 armis
1498 2692 1650 2737 undique
1669 2690 1780 2725 muni—

324 2740 415 2780 tam,
447 2749 536 2782 quae
560 2748 638 2772 cum
664 2749 747 2772 casu
773 2738 920 2782 quodam
946 2738 1138 2782 amisisset,
1170 2739 1206 2772 in
1265 2739 1336 2772 'atu
1356 2744 1472 2773 terrae
1497 2736 1722 2783 praecipitari
1741 2747 1782 2770 se

325 2781 452 2818 misere
470 2784 616 2828 putabat
643 2794 712 2818 una
730 2794 806 2817 cum
833 2794 921 2830 equo
943 2789 980 2818 et
997 2784 1145 2827 amictu,
1164 2784 1371 2829 tandemque
1394 2795 1536 2830 prorsus
1557 2793 1780 2817 evanescere.

415 2828 646 2876 Posteaquam
666 2829 883 2866 Domitzanus
907 2836 1019 2865 morte
1039 2829 1193 2866 violenta
1211 2829 1441 2875 decessisset,
1466 2828 1598 2865 exactis
1616 2828 1653 2862 in
1669 2827 1783 2873 impe-'
