1924 3242
312 191 407 238 282
690 195 1064 240 CONSTANTINI
1103 197 1363 243 MANAssls

441 306 590 361 μαθὼν
608 307 652 348 δὲ
670 308 735 349 καὶ
753 307 822 349 τὸν
835 305 1047 363 Ῥωμανόν
1063 306 1183 352 πάλιν
1197 315 1473 366 βασιλειῶντα,

440 376 505 416 καὶ
526 372 644 416 πάλιν
663 368 713 429 ἧς
735 375 975 420 ἐκπέπτωκεν
994 377 1120 434 ἀρχῆς
1138 378 1373 435 ὃρεκτιῶντα
1381 412 1394 432 ,

256 450 288 484 D
441 443 507 483 καὶ
523 439 700 496 μάχιμον
717 443 912 500 ἐγείροντα
927 447 1100 502 κεντρίον
1119 444 1173 496 ὥς
1189 448 1376 503 σκορπίον

442 509 583 563 πέμπει
604 510 698 560 τοὺς
715 510 1010 566 πολεμήσοντας
1025 515 1090 555 καὶ
1108 513 1202 564 τοὺς
1219 516 1556 569 συλληψομένους.

308 576 416 618 6635
440 579 507 618 καὶ
524 576 643 620 πάλιν
660 583 736 635 φεῦ
755 577 776 621 ὅ
798 580 994 635 δυστυχὴς
1012 580 1234 638 θηράτροις
1252 584 1492 638 περιπίπτει,

440 646 643 707 ζωγριΐται
667 648 732 689 καὶ
750 651 829 690 τῶν
848 648 1076 705 ὀφθαλμῶν
1096 649 1190 699 τοὺς
1207 647 1376 700 κύκλους
1399 651 1655 705 ἀσβολοῦται,

441 713 483 754 ἓν
499 716 727 773 λυπρογαίῳ
747 717 812 757 καὶ
834 720 994 774 σκληρῷ
1012 716 1201 773 ριπτεῖται
1226 719 1402 774 νησιὸίῳ.
1454 746 1457 749 -

501 781 758 838 Ἀπαλλαγεὶς
779 784 822 825 δὲ
844 784 1017 838 Μιχαὴλ
1037 789 1118 826 τῶν
1138 783 1403 841 παρεστώτων
1427 784 1577 842 φόβων,

440 847 678 903 ἄχειζιιαστόν
698 867 740 893 τε
761 856 831 906 τῆς
851 851 976 908 ἀρχῆς
991 852 1239 908 παραλαβὼν
1258 852 1304 895 τὸ
1324 851 1492 911 σκάφος,

307 913 416 957 6640
439 914 645 974 θορύβους
664 919 736 972 μὲν
758 919 939 975 ἄρεὶὶκοῦς
957 921 1023 961 καὶ
1040 922 1353 977 θωρακοφορίας

439 986 505 1026 καὶ
523 989 652 1043 θροῦν
670 986 738 1028 τὸν
758 985 936 1029 ἐνυάλιον
954 989 1019 1029 καὶ
1037 986 1222 1041 μόχθους
1238 989 1305 1029 καὶ
1326 987 1530 1037 κινδύνους

441 1052 532 1094 οὐδ’
557 1051 655 1110 ι’)’ναρ
675 1053 925 1111 ἔφαντάζετο,
960 1054 1164 1110 σχολάζων
1188 1056 1230 1097 δὲ
1254 1061 1340 1105 ταῖς
1361 1057 1519 1109 βίβλοις

438 1118 584 1171 νύκτας
603 1121 778 1172 ἀΰπνους
796 1122 919 1174 ἴαυεν,
954 1122 1075 1172 ἄλλος
1095 1118 1144 1178 ἦν
1165 1123 1433 1177 Δημοσθένης

164 1186 194 1220 Ρ
218 1187 283 1225 135
438 1186 464 1241 ἢ
486 1187 670 1242 Δίδυμος
687 1190 959 1246 χαλκέντερος,
987 1189 1267 1246 Ἀλεξανδρεὺς
1283 1189 1328 1232 τὸ
1349 1190 1472 1245 γένος,

304 1253 414 1297 6645
439 1253 484 1297 ὃν
506 1255 632 1306 οὕτως
652 1256 914 1311 ἐπωνόμασαν
933 1256 987 1306 ὥς
1007 1259 1048 1299 ἒν
1072 1262 1130 1314 τῷ
1144 1259 1299 1313 χαίρειν
1321 1255 1452 1312 λόγοις

439 1321 629 1365 ἀπόσιτον
648 1322 854 1379 γενόμενον
868 1323 1019 1381 ἡμέρας
1041 1325 1101 1366 ἐπὶ
1123 1326 1292 1374 πλείους.

437 1390 620 1432 ἐντεῦθεν
643 1391 916 1448 ἀνερράγησαν
937 1393 1133 1448 ἓπίρροιαι
1149 1390 1385 1447 βαρβάρων,

438 1459 505 1499 καὶ
523 1456 643 1500 πάλιν
663 1458 928 1515 ἒφυσήθησαν
943 1461 1134 1515 λαίλαπες
1151 1457 1415 1512 πανταχόθεν,

442 1527 510 1566 καὶ
530 1527 749 1582 φλοίσβους
767 1525 995 1609 ἀνωρυοντο
1017 1529 1084 1569 καὶ
1105 1526 1375 1583 παφλασμους
1394 1525 1570 1568 ἐποίουν·

308 1591 419 1634 6650
443 1593 490 1635 οὗ
508 1593 585 1650 γὰρ
606 1599 739 1677 παρῆν
763 1592 783 1636 ὅ
799 1611 1001 1651 ναυαρχος
1018 1593 1038 1636 ὃ
1059 1593 1208 1644 ταύτας
1226 1592 1441 1648 ἀλεξήσων,

443 1663 509 1703 καὶ
531 1666 656 1716 γῆθεν
674 1660 904 1718 ανεφύησαν
921 1660 1160 1716 βλαστησεις
1183 1660 1431 1718 ἄχερδώὸεις.

443 1727 464 1770 ὃ
485 1729 560 1785 γὰρ
580 1734 651 1783 τῆς
663 1728 802 1809 χώρας
823 1729 996 1786 γεωργὸς
1015 1729 1079 1784 ἴζη
1103 1731 1261 1783 κοχλίου
1277 1730 1380 1782 βίον,

399 1870 436 1893 v.
458 1860 547 1894 6634
569 1871 623 1893 om
645 1859 679 1893 R
766 1860 856 1894 6637
879 1857 1045 1902 §tarnat
1066 1858 1106 1893 Μ
1173 1859 1263 1894 6639
1284 1856 1420 1903 κράτος
1441 1858 1481 1893 Μ
1549 1858 1640 1894 6650
1661 1856 1750 1893 ναύ-

398 1916 508 1949 αρχος
526 1916 666 1945 ταυτας
686 1900 924 1950 ἐπαλεξήσων
939 1904 1005 1940 AR

310 2020 515 2052 commutato
548 2016 694 2052 addixit.
748 2020 932 2062 praeterea
959 2022 1135 2062 comperto
1163 2019 1352 2052 Romanum
1379 2018 1423 2051 de
1447 2016 1585 2060 integro
1608 2026 1750 2062 regnum

309 2063 494 2106 affectare,
520 2064 633 2108 deque
656 2063 813 2106 imperii,
849 2076 916 2109 quo
939 2063 1044 2098 semel
1062 2063 1266 2107 excidisset,
1297 2061 1561 2115 recuperatione
1584 2063 1750 2106 cogitare,

309 2090 557 2186 bclpuugnacem
577 2108 669 2142 illum
686 2108 890 2144 stimulum·
879 2122 916 2143 ιιι
943 2120 1072 2142 morem
1098 2109 1227 2154 scorpii
1246 2118 1365 2142 rursus
1389 2107 1545 2152 erigere,
1577 2107 1671 2142 misit
1691 2108 1751 2153 qui

381 2164 435 2186 um
457 2166 490 2187 e1
508 2155 666 2188 facerent
683 2153 924 2209 hominemque
947 2155 1290 2208 comprehenderent.
1335 2153 1401 2186 hoc
1423 2153 1524 2185 modo
1542 2152 1751 2187 miserrimus

309 2154 435 2231 ibterum
456 2199 494 2232 in
517 2199 658 2244 laqueos
680 2198 822 2243 incidit,
846 2202 947 2235 vivus
967 2200 1118 2246 capitur,
1142 2199 1248 2234 oculis
1266 2197 1452 2244 spoliatur,
1482 2197 1519 2231 in
1535 2198 1687 2232 sterilem
1711 2209 1752 2232 ac

308 2245 427 2278 duram
447 2244 591 2279 insulam
614 2246 829 2287 deportatur.

401 2290 563 2323 Ceterum
584 2290 774 2323 Michaelus
809 2291 1003 2324 terroribus
1040 2294 1076 2323 et·
1106 2288 1268 2334 periculis
1298 2288 1464 2321 liberatus
1496 2288 1751 2333 praesentibus,

308 2333 523 2378 imperioque
544 2335 611 2368 iam
628 2335 813 2379 tranquillo
831 2335 983 2380 potitus,
1016 2334 1157 2368 bellicos
1183 2333 1365 2376 tumultus,
1399 2343 1567 2366 armorum
1585 2334 1752 2378 gestatio—

309 2391 389 2422 nes,
413 2379 555 2414 classica
570 2380 750 2422 militaria,
774 2380 930 2423 labores,
953 2380 1125 2425 pericula,
1151 2391 1194 2413 ne
1214 2390 1278 2423 per
1297 2388 1449 2413 somnum
1471 2377 1607 2421 quidem
1630 2379 1753 2423 imagi-

310 2426 457 2459 nabatur
478 2430 536 2458 aut
557 2427 741 2467 tractabat,
764 2426 826 2458 sed
849 2406 948 2459 libris
969 2426 1167 2459 incumbens
1192 2429 1283 2458 totas
1305 2427 1423 2457 noctes
1442 2423 1614 2458 insomnes
1633 2425 1752 2469 exige-

309 2471 384 2503 bat.
432 2469 517 2504 alius
536 2470 669 2504 scilicet
688 2470 938 2505 Demosthenes
965 2471 1103 2515 quidam
1131 2474 1226 2512 erat,
1259 2468 1390 2503 aliusve
1412 2468 1580 2511 Didymus
1603 2470 1753 2505 Alexan—

310 2515 448 2559 drinus,
480 2520 704 2559 cognomento
730 2515 997 2558 Chalcenterus,
1030 2516 1082 2548 sic
1099 2496 1239 2548 aheneis
1264 2516 1307 2548 ab
1331 2514 1505 2548 intestinis
1521 2519 1752 2568 nuncupatus,

307 2566 495 2614 propterea
516 2562 608 2604 quod
634 2561 811 2595 mirificam
840 2573 860 2594 e
878 2560 1054 2599 literarum
1075 2560 1198 2594 studiis
1222 2559 1434 2612 voluptatem
1456 2560 1595 2614 capiens
1612 2561 1650 2594 in
1667 2560 1751 2594 mul-

308 2611 363 2640 tos
387 2606 462 2640 dies
482 2606 568 2640 cibis
590 2606 753 2640 caruerit.
789 2617 863 2639 eam
887 2607 931 2642 ob
955 2617 1028 2640 rem
1051 2606 1176 2639 accidit
1199 2610 1238 2639 ut
1259 2604 1401 2639 barbari
1424 2605 1551 2649 passim
1568 2606 1752 2649 irruerent,

315 2663 356 2685 ac
376 2651 527 2696 undique
549 2663 682 2685 rursum
704 2651 878 2696 procellae
904 2662 943 2684 se
972 2655 1225 2685 commoverent
1246 2661 1438 2694 gravesque
1461 2652 1580 2687 turbas
1604 2653 1640 2685 et
1662 2655 1750 2684 stre-

315 2697 409 2751 pitns
429 2697 632 2731 excitarent.
679 2709 743 2730 nec
770 2697 861 2730 enim
884 2698 1081 2742 praefectus
1109 2696 1233 2742 aliquis
1262 2696 1399 2730 navium
1430 2697 1474 2729 ad
1502 2706 1635 2730 manum
1665 2700 1751 2738 erat,

315 2742 375 2797 qui
397 2742 435 2776 in
460 2743 556 2776 hisce
573 2743 837 2787 tempestatibus
858 2752 995 2776 suorum
1017 2741 1118 2776 saluti
1141 2740 1335 2776 consuleret
1357 2752 1485 2785 easque
1506 2745 1751 2786 compesceret.

314 2786 434 2821 itidem
466 2801 486 2822 e
517 2793 613 2822 terra
641 2788 796 2832 germina
823 2789 990 2832 quaedam
1012 2788 1210 2832 herbaeque
1231 2787 1340 2820 malae
1357 2786 1627 2840 proveniebant,
1661 2785 1751 2831 quod

314 2833 425 2868 cultor
442 2834 519 2879 agri
539 2833 723 2868 testudinis
744 2834 851 2868 vitam
874 2837 1014 2878 ageret,
1046 2844 1125 2867 raro
1147 2833 1184 2867 in
1207 2832 1378 2878 publicum
1402 2831 1580 2878 prodiret,
1615 2841 1692 2865 mox
1715 2840 1752 2863 se
