1864 3242
0 2114 7 2208 ἰ.

0 2210 7 2326 ξ

0 2403 7 2465 ἓ

0 2468 7 2652 ἓ

0 2653 7 2728 ,ἶ

0 2728 32 2795 f.

0 2800 7 2952 ἓ

0 2984 6 3055 ἓῖ

0 3060 8 3114 Γ

559 166 962 211 ACROPOLITAM
993 166 1196 212 NOTAE.
1506 170 1603 217 275

248 275 404 326 ·p.192
426 288 465 318 v,
482 278 523 319 7.
581 273 630 317 οἱ
651 271 694 317 δ’
721 273 835 326 ἐντός
855 278 912 333 τῷ
931 276 1124 334 αἰφνιδίῳ
1147 277 1494 333 κατασεισθέντες]
1523 282 1603 319 Pa-

149 329 284 384 chym.
306 343 347 382 Ρ.
370 331 448 374 147
476 333 679 375 8.A1.1..

259 385 315 425 i.b
338 390 466 431 v·12.
523 383 1103 441 Ba260v5v03]Pachyme1-ius
1121 403 1163 442 Ρ.
1184 390 1264 434 144
1298 393 1364 433 11.
1419 394 1522 432 Am..

223 442 804 498 ib.v.18.110vemiwg]
831 445 1114 498 Pachymerius
1135 461 1176 499 Ρ.
1203 450 1280 489 162
1312 451 1537 490 17.A1.1..

240 490 317 538 ib
339 513 380 538 v·
401 500 466 542 14.
525 500 657 554 μηδέν
666 517 706 544 τι
721 504 803 542 τῶν
819 502 1064 555 γινομένων]
1095 505 1288 555 Gregoras
1307 517 1348 556 p.
1369 507 1422 547 86
1454 507 1506 548 13
1538 504 1602 544 di-

148 556 204 594 cit
228 554 372 595 eodem
399 554 464 596 die
492 557 543 595 ad
568 571 655 608 eos,
700 560 770 612 qui
798 558 1076 611 Daphnusiam
1108 560 1362 610 obsidebant,
1404 560 1453 600 de
1488 569 1602 615 capta

131 612 264 664 ,Cpoli
299 613 452 654 famam
488 615 664 654 allatam.
721 628 796 654 nec
821 615 980 655 videtur
1011 615 1219 656 dissentire
1246 616 1531 670 Pachymerius
1557 633 1626 671 Ρ.-

145 669 229 712 146
255 670 298 710 8.
352 670 456 712 Au..

257 724 312 763 ib·
335 739 377 765 V·
396 730 467 770 21.
522 730 604 781 πῦρ
632 731 721 777 ταῖς
750 728 917 781 οἰκίαις]
964 730 1159 782 Gregoras
1190 736 1230 767 et
1256 728 1438 770 Phranza
1469 731 1603 769 statim

143 781 187 821 in
216 782 304 834 ipso
332 781 385 821 nd
409 784 586 823 urbem·
575 798 776 837 ingressu,
806 792 1021 838 antequam
1043 788 1113 839 qui
1129 789 1172 824 in
1189 785 1465 837 Daphnusiam
1490 787 1602 825 abie-

145 844 235 877 rant
280 846 590 890 reverterentur,
618 814 848 881 ”Caesarem
888 844 1127 894 Byzantium
1167 842 1390 880 incendisse
1427 851 1602 892 narrant,

142 895 373 947 Acropolita
403 905 494 950 post
533 897 706 936 reditum
738 901 972 937 Latinorum
997 914 1051 938 ex
1076 901 1207 938 insula
1237 898 1484 951 DaphnuSIa.
1541 901 1601 938 illi

142 958 331 1003 quattuor
359 953 403 992 in
429 954 528 992 locis
550 955 701 993 urbem
726 956 954 1004 incensam,
982 969 1150 1008 eamque
1180 957 1351 995 fiammis
1377 955 1599 994 circumda-

141 1014 249 1055 tmn3
277 1009 506 1060 Acropolita
533 1011 672 1061 ignem
695 1013 922 1050 immissmn
939 1014 981 1049 in
998 1014 1231 1051 Latinorum
1252 1011 1368 1050 aedes
1389 1026 1513 1063 prope
1531 1014 1600 1050 lit-

140 1069 208 1102 tus
230 1065 428 1116 iacentes,
469 1078 570 1119 quas
596 1068 767 1118 Campos
797 1069 1065 1119 appellabant.
1123 1068 1244 1120 idque
1265 1070 1416 1106 factum
1435 1070 1599 1107 consilio

141 1119 350 1161 cuiusdam
381 1124 560 1173 Ioannis,
594 1125 665 1175 qui
692 1124 823 1163 fuerat
850 1124 1027 1164 famulus
1059 1125 1313 1175 Balduini‚t
1297 1123 1418 1163 tradit
1439 1124 1599 1178 Pachy-

140 1177 290 1216 metius
307 1191 350 1229 Ρ.
373 1179 454 1221 146
483 1181 684 1221 1.A1.1..

251 1233 308 1271 ib·
332 1246 373 1272 V·
393 1234 461 1276 24.
519 1235 605 1277 ἐπεὶ
630 1235 672 1278 δὲ
691 1233 826 1288 εἶδον]
855 1238 1051 1288 Gregoras
1073 1251 1115 1288 p.
1135 1239 1190 1278 86
1221 1239 1287 1278 13.
1343 1238 1447 1275 Am..

251 1303 295 1343 p-
323 1291 404 1332 193
435 1305 477 1333 v.
503 1294 547 1333 2.
616 1295 710 1345 μιᾶς
745 1289 960 1346 τριήρεως]
1005 1295 1201 1344 Gregoras
1227 1307 1269 1344 Ρ.
1297 1295 1351 1336 86
1383 1294 1437 1334 10
1464 1292 1598 1331 scribit

138 1344 385 1384 Balduinum
405 1348 548 1400 cymba
570 1356 724 1401 arrepta
741 1350 837 1400 fuga
854 1350 1024 1387 salutem
1041 1351 1272 1402 quaesiisse.
1327 1351 1430 1387 Au..

252 1401 308 1441 ib.
329 1417 369 1442 v.
385 1403 427 1445 4·
485 1404 555 1446 καὶ
582 1409 708 1446 ταῦτα
732 1404 805 1458 μὲν
825 1403 929 1446 οὕτω
950 1405 1119 1458 ξυνέβη]
1148 1404 1351 1443 Phranza:
1382 1405 1461 1442 tali
1484 1405 1598 1443 modo

138 1459 235 1501 urbs
262 1460 403 1511 ampla
425 1460 500 1499 illa
523 1469 562 1499 et
577 1462 737 1500 zor-bium
759 1463 990 1512 imperatrix
1013 1462 1163 1502 aua-ctio
1184 1463 1248 1500 dei
1268 1463 1542 1512 omnipotentis
1562 1469 1599 1499 et

144 1518 325 1556 Caesarie
357 1519 508 1568 peritia
538 1519 774 1570 solertiaque
807 1519 976 1556 militati
1004 1518 1056 1556 ab
1087 1519 1284 1557 Italorum
1312 1519 1599 1556 Latinorumve

137 1572 326 1613 manibus
349 1574 575 1621 vindicata,
602 1576 662 1614 ad
677 1576 882 1613 Romanos
902 1575 1062 1612 tandem
1073 1582 1169 1626 post
1184 1588 1381 1615 annorum
1399 1587 1536 1612 novem
1561 1582 1597 1611 et

136 1631 453 1682 quinquagenta,
481 1633 677 1669 mensium
707 1633 846 1677 trium,
875 1632 1028 1672 dierum
1048 1639 1235 1683 quattuor
1253 1631 1510 1670 intervallum
1532 1644 1596 1668 re-

136 1687 225 1726 diit.
288 1700 380 1725 cum
416 1689 647 1739 Acropolita
684 1690 877 1726 consentit
909 1687 1216 1740 Pachymerius.
1256 1688 1301 1729 ἐν
1331 1684 1429 1728 dmm*
1455 1683 1596 1739 μόνοις

135 1740 235 1795 πρὸς
255 1747 343 1793 τοῖς
364 1740 615 1798 πεντήκοντα
646 1743 747 1786 ἔτεσι
776 1743 1038 1797 κατεχομένης
1060 1747 1131 1797 τῆς
1151 1742 1300 1793 πόλεως
1320 1748 1403 1794 τοῖς
1421 1743 1595 1798 ἐχθροῖς.

135 1801 238 1839 Au..

247 1855 303 1894 ib.
326 1869 367 1894 v.
391 1859 457 1898 12.
513 1854 544 1910 ἦ
561 1854 604 1897 δὲ
621 1853 764 1910 φήμη]
789 1856 1074 1909 PachymerIus
1089 1857 1160 1894 lib.
1177 1859 1205 1898 2
1226 1870 1261 1894 c.
1278 1858 1348 1898 29.
1404 1857 1508 1893 Au„

246 1926 288 1964 p.
311 1911 390 1954 194
407 1925 446 1950 v.
468 1915 506 1954 1.
563 1916 707 1955 τοῦτον
727 1912 800 1966 μὲν
819 1913 922 1965 ἔφη]
953 1915 1147 1965 Gregoras
1167 1927 1212 1964 Ρ.
1229 1915 1281 1954 86
1311 1915 1380 1953 21.
1439 1919 1478 1949 et
1499 1917 1592 1949 nota

135 1970 355 2020 Gra-goram
372 1967 439 2008 hic
461 1968 591 2008 dicere
613 1976 769 2022 captam
787 1971 943 2022 Cpolim
964 1984 987 2008 a
1007 1972 1101 2008 viris
1123 1971 1356 2019 octingentis
1370 1998 1380 2017 ‚
1411 1981 1503 2005 cum
1522 1981 1591 2005 su-

134 2038 207 2078 pra
232 2024 401 2064 dixisset
422 2039 511 2064 eam
532 2034 688 2078 captam
710 2040 732 2064 a
752 2028 918 2065 Caesare
931 2057 942 2076 ‚
974 2040 1064 2064 cum
1086 2040 1137 2063 ne
1154 2027 1408 2063 milenarium
1427 2023 1591 2076 quidem

134 2083 357 2120 exercitum
384 2081 616 2132 adduceret,
646 2097 720 2121 nec
749 2084 852 2122 ullas
884 2082 1089 2121 machinas
1117 2081 1168 2120 ad
1192 2080 1433 2121 deiiciendos
1456 2093 1589 2118 muros

133 2145 291 2190 paratas
319 2137 499 2178 haberet.
554 2139 820 2193 Pachymeres
840 2154 882 2192 Ρ.
909 2141 986 2183 151
1018 2143 1086 2182 16.
1140 2139 1299 2178 brevius
1324 2136 1425 2176 haec
1449 2135 1589 2174 eadem

129 2194 325 2236 Phranza.
381 2198 485 2235 Am..

246 2251 302 2289 ib.
323 2265 363 2292 v.
385 2254 451 2294 19.
508 2250 648 2300 ννκτός
674 2249 892 2304 ἐπιούσης]
918 2250 1122 2290 Phranza:
1151 2251 1226 2291 sed
1240 2257 1456 2302 postquam
1481 2262 1587 2285 ηιιη-

134 2309 216 2346 tius
231 2308 334 2346 alter
350 2310 470 2346 etiam
493 2324 584 2347 cum
601 2310 740 2349 litteris
757 2324 785 2347 a
810 2310 975 2347 Caesare
993 2310 1077 2359 ipso
1098 2309 1328 2358 conscriptis
1346 2319 1489 2356 superi
1491 2305 1588 2349 enit,

134 2366 185 2403 iis
209 2365 308 2402 m‘sis
334 2365 618 2404 dubitationem
646 2381 673 2403 a
700 2380 741 2403 se
765 2380 874 2403 amo»
876 2367 932 2411 it,
968 2365 1115 2417 deoque
1137 2366 1296 2416 gratias
1324 2364 1420 2413 egit,
1449 2369 1485 2399 et
1503 2375 1584 2411 pa-

134 2420 315 2459 triarcha
339 2428 492 2474 totoque
509 2430 650 2461 senata
669 2421 971 2460 assentientibus
984 2429 1149 2473 propter
1170 2421 1376 2458 tietoriam
1396 2418 1492 2456 adeo
1509 2417 1585 2454 acl—

134 2476 358 2515 mirabilem
386 2486 424 2515 et
439 2480 563 2531 sacta
594 2480 774 2518 Caesaris
798 2480 994 2530 ingentia,
1030 2478 1175 2530 quibus
1199 2477 1429 2514 Romanam
1460 2475 1585 2523 impe-

133 2535 240 2572 rium
258 2533 387 2585 ampl
375 2535 554 2583 fica-sset
614 2535 880 2588 Pachymeres
898 2549 939 2587 p.
963 2535 1043 2576 152
1075 2535 1125 2575 15
1155 2534 1209 2570 ait
1228 2531 1370 2570 eodem
1388 2530 1475 2579 die,
1507 2542 1585 2582 quo

135 2597 251 2642 capta
275 2597 334 2628 est
354 2591 514 2643 Cpolis,
540 2594 681 2631 allatas
701 2594 822 2630 etiam
839 2593 961 2630 fuisse
980 2591 1131 2629 litteras
1150 2589 1340 2627 Caesaris.
1396 2589 1498 2625 Am..

246 2660 289 2698 Ρ.
311 2648 391 2688 195
416 2661 457 2689 V.
478 2649 517 2689 1.
572 2665 648 2701 την
674 2649 982 2690 Κωνσταντίνου
1011 2644 1196 2698 φθάσαι]
1237 2646 1431 2697 Gregoras
1458 2657 1500 2695 Ρ.
1529 2644 1582 2684 87

134 2703 203 2744 11.
260 2701 543 2756 Pachymerius
559 2707 630 2744 lib.
646 2709 673 2747 2
694 2720 730 2747 c.
745 2708 813 2748 31.
871 2707 972 2743 Ant..

247 2759 301 2797 ih.
321 2773 362 2798 v.
380 2762 420 2801 9.
478 2764 552 2802 τοῦ
576 2761 831 2803 Βαλδουΐνου
859 2764 932 2801 τοῦ
964 2756 1087 2812 τᾶχα]
1127 2759 1271 2798 seriem
1302 2759 1584 2809 imperatorum

135 2816 368 2855 Latinorum
386 2818 430 2856 iu
449 2819 640 2872 Byzantio
662 2818 854 2871 disposuit
874 2819 1067 2869 Gregoras
1085 2830 1125 2868 Ρ.
1145 2815 1197 2858 85
1220 2818 1316 2854 ima.
1373 2815 1473 2853 Am..
