1858 3236
170 583 264 621 P38

283 191 348 239 80
671 194 1042 240 CONSTANTINI
1073 196 1334 243 MANASSIS
1361 219 1366 223 ·

475 309 587 364 ·Περὶ
606 307 679 362 μὲν
699 305 851 350 τούτων
871 307 1037 360 ἱκανῶς·
1069 306 1165 363 ἡμῖν
1184 310 1226 353 δ’
1248 311 1449 355 ἐπανιτέον

417 375 479 418 ἐπὶ
495 380 568 419 τοῦ
585 374 704 431 λόγου
724 376 793 418 τὸν
811 374 960 433 εἷρμόν.
1025 377 1240 431 μέλλοντος
1255 379 1332 436 γὰρ
1354 376 1584 434 ἓκθνήσκειν

413 447 486 486 τοῦ
507 445 731 486 καλλινίκου
753 445 963 502 Καίσαρος
980 449 1053 487 τοῦ
1073 449 1431 503 τολμηροκαρδιόυ,

284 510 388 554 1825
415 510 523 561 ἔδοξε
540 511 699 565 βλέπειν
721 509 746 567 ἦ
770 511 867 568 γυνὴ
890 510 1033 555 τούτου
1057 514 1161 556 κατὰ
1186 514 1281 564 τοὺς
1301 513 1450 567 ὕπνους

417 578 520 621 κατὰ
542 584 613 633 τῆς
632 577 776 623 τούτου
793 583 970 637 κεφαλῆς
986 585 1185 623 πεσοῦσαν
1204 581 1277 636 τὴν
1299 583 1425 625 οἲκιάν
1433 614 1448 636 ,

415 646 485 689 τὸν
508 646 636 704 ἄνδρα
653 648 696 690 δὲ
718 646 967 705 κατάρρυτον
985 650 1127 702 αἵμασι
1142 647 1329 704 γεγονότα

417 713 653 771 οἰκτρότατα
675 722 910 758 καταπεσεῖν
928 717 990 758 ἐπὶ
1013 716 1108 767 τούς
1127 715 1275 772 ταύτης
1294 716 1479 771 κόλπους.

417 781 572 839 ἐσφάγη
594 788 689 839 γοῦν
711 785 884 833 ἐλεεινῶς
901 787 972 837 τῆς
994 782 1144 840 ἀγορᾶς
1163 786 1205 826 ἐν
1223 786 1354 843 μέσῳ,

287 851 393 892 1830
420 851 663 905 ἐπιθεμένων
682 853 854 908 δολερῶς
876 852 1033 893 Κασίου
1055 869 1096 894 τε
1117 855 1184 894 καὶ
1206 852 1406 910 Βρούτου.

484 920 526 959 Γ
522 921 612 960 α”ι’“ου
637 920 770 961 τοίνυν
791 920 998 976 Καίσαρος
1022 918 1150 970 οὕτως
1168 920 1423 973 ἀπολωλότος

419 985 660 1043 ἀδελφιδοῦς
678 988 899 1042 εἴσποιήτος
914 986 1002 1039 υἱὸς
1022 988 1184 1041 ἐκείνου,
1219 990 1382 1047 Καῖσαρ

420 1051 441 1096 ὃ
463 1055 658 1108 σεβαστὸς
677 1056 903 1110 ἐπικληθείς
910 1087 923 1106 ,
957 1053 1120 1109 ἐλάβετο
1143 1060 1222 1099 τῶν
1240 1056 1465 1114 σκήπτρων,

421 1122 466 1164 τὸ
482 1124 554 1175 μὲν
571 1121 783 1177 Ὀκτάβιος
799 1123 933 1177 αὐχῶν
951 1121 1006 1173 ὥς
1026 1121 1162 1180 κύριον
1183 1125 1227 1167 ἓκ
1244 1126 1439 1182 βρέφους,

285 1188 391 1234 1835
414 1189 650 1246 Αὔγουστος
667 1191 770 1244 μετὰ
791 1195 918 1233 ταῦτα
941 1191 984 1233 δὲ
1007 1193 1171 1246 κληθεὶς
1192 1190 1247 1242 ὡς
1266 1193 1498 1248 ηὐξημένος.

419 1252 536 1308 οὗτος
553 1256 701 1315 ὑπῆρξε
720 1256 923 1315 μόναρχος
944 1261 999 1309 εἷς
1016 1260 1136 1301 πλέον
1156 1260 1392 1317 ἓκταθᾷτης

418 1327 484 1367 καὶ
502 1330 574 1380 τῆς
595 1328 698 1380 ζωῆς
713 1328 780 1369 καὶ
796 1331 869 1381 τῆς
886 1327 1013 1383 ἀρχῆς
1032 1329 1087 1376 εἷς
1108 1326 1214 1384 ἄκρα
1231 1332 1304 1383 γῆς
1324 1325 1560 1385 φθασάσης.

414 1397 555 1435 τοῦτον
574 1392 600 1448 ἡ
619 1392 752 1451 μήτηρ
769 1392 923 1436 κύουσα
945 1397 1120 1436 κατεῖδεν
1140 1396 1182 1436 ἓν
1202 1395 1367 1452 ὀνείροις

416 1459 641 1516 σπλάγχνον
660 1462 784 1517 αὐτῆς
801 1463 857 1511 εἷς
874 1461 1043 1518 οὐρανὸν
1065 1460 1120 1512 ὥς
1138 1460 1313 1520 ἆρπαγέν
1332 1463 1493 1519 ἀνέπτη.

280 1526 388 1570 1840
412 1527 503 1584 ἄρτι
534 1529 575 1570 δ’
610 1528 870 1580 ε’κκύπτοντος
891 1527 1023 1585 ὑγρῶν
1043 1529 1086 1571 ἔκ
1105 1534 1308 1587 μητρικῶν
1323 1530 1538 1586 θαλάμων,

413 1595 522 1647 ἔδοξε
542 1597 700 1650 βλέπειν
721 1595 742 1639 ὃ
763 1596 895 1654 πατὴρ
920 1597 1046 1639 αὐτοῦ’
1065 1598 1168 1640 κατὰ
1188 1598 1282 1649 τοὺς
1303 1596 1451 1650 ὕπνους

414 1661 469 1713 ὥς
491 1665 534 1706 ἐκ
552 1669 631 1707 τῶν
649 1663 806 1707 κόλπων
827 1664 976 1721 έφαυσε
998 1669 1070 1719 τῆς
1088 1663 1215 1724 τούτῳ
1237 1665 1495 1722 συνοικούσης

415 1730 528 1786 ἥλιος
547 1730 569 1774 ὅ
590 1733 886 1789 τερψιζιιβροτος
909 1730 930 1774 ὃ
950 1732 1074 1788 μέγας
1093 1731 1336 1791 ἦμεράρχης.

418 1797 473 1849 ὧς
495 1801 537 1842 δὲ
557 1804 738 1856 προῆλθε
757 1798 929 1857 βράδιον
951 1801 993 1842 ἐκ
1013 1805 1085 1855 τῆς
1107 1803 1234 1852 οἰκίας
1253 1800 1355 1854 τότε,

287 1864 392 1909 1845
418 1866 699 1926 ἀστεροσκόπῳ
719 1867 891 1922 ἐντυχὼν
907 1867 1024 1924 ἤρετο
1046 1868 1118 1923 τὴν
1135 1871 1280 1911 αῗτίαν.

418 1935 565 1978 ἐκείνου
587 1937 632 1978 δὲ
648 1937 719 1991 τὴν
736 1936 912 1992 γέννησιν
931 1940 1002 1979 τοῦ
1021 1936 1199 1994 βρέφους
1214 1932 1439 1986 ἐπειπόντος

377 2031 795 2076 18241καρτεροκαρδίου
815 2031 914 2067 ARR
1070 2032 1159 2066 1828
1181 2029 1275 2066 κατὰ
1298 2031 1338 2065 Μ
1502 2027 1591 2064 1837
1610 2024 1725 2072 ἀρχῆς

373 2075 437 2111 καὶ
459 2077 523 2121 τῆς
546 2078 639 2120 ζωῆς
661 2078 712 2118 εἰς
735 2075 850 2122 ἄκρον
867 2078 901 2111 R
1081 2077 1170 2112 1840
1192 2074 1230 2111 δὲ
1252 2076 1460 2115 κύπτοντας
1479 2073 1570 2119 ΑΜ,
1601 2071 1643 2108 δ’
1664 2070 1720 2108 ἐκ-

372 2123 575 2163 πίπτοντος
595 2124 629 2157 R
787 2123 874 2158 1845
898 2119 1194 2168 ἆστεροσκόποςῒ

373 2201 424 2234 Ac
444 2201 488 2234 de
509 2201 562 2234 his
588 2200 726 2246 quidem
743 2201 870 2236 dictum
887 2201 993 2235 satis:
1025 2212 1115 2235 nunc
1132 2201 1177 2236 ad
1199 2198 1364 2234 orationis
1382 2198 1508 2233 seriem
1526 2198 1720 2232 redeamus.

283 2256 357 2280 cum
380 2246 483 2279 morti
500 2246 635 2280 vicinus
654 2253 749 2281 esset
767 2247 975 2281 victoriosus
994 2246 1053 2280 ille
1075 2246 1245 2290 fortisque
1267 2246 1417 2287 Caesar,
1452 2255 1540 2277 uxor
1559 2243 1633 2277 eius
1657 2254 1722 2288 per

283 2292 434 2336 quietem
457 2291 579 2325 videre
602 2291 677 2326 visa
705 2298 760 2326 est
785 2291 934 2336 gladium
961 2292 997 2325 in
1026 2297 1129 2336 caput
1158 2291 1268 2336 ipsius
1294 2289 1527 2332 delabentem,
1563 2288 1722 2322 maritum

280 2349 365 2371 vero
385 2337 551 2380 sanguine
574 2338 750 2381 perfusum
769 2337 805 2370 in
828 2336 940 2370 sinum
961 2337 1077 2370 uxoris
1100 2336 1289 2370 miserrime
1307 2347 1346 2369 se
1367 2334 1615 2368 demittentem.
1661 2345 1720 2367 se-

279 2384 425 2416 cundum
455 2383 540 2415 haec
566 2382 603 2415 in
634 2382 746 2416 medio
775 2383 852 2415 foro
878 2381 1121 2416 miserabiliter
1147 2392 1267 2416 caesus
1290 2385 1365 2424 est,
1391 2379 1529 2414 insidiis
1552 2391 1574 2413 a
1597 2379 1722 2414 Cassio

278 2429 456 2471 Brutoque
474 2427 630 2461 structis.

369 2474 447 2507 Hoc
467 2474 566 2507 modo
585 2484 660 2507 cum
680 2470 790 2505 Gaius
814 2472 945 2506 caesar
965 2472 1177 2515 interiisset,
1209 2471 1300 2505 filius
1319 2470 1392 2504 eius
1411 2470 1617 2515 adoptivus,
1647 2469 1721 2504 Au-

278 2522 399 2565 gustus
418 2519 549 2552 caesar
569 2530 587 2551 e
606 2517 676 2551 Gai
696 2528 817 2550 sorore
838 2523 950 2560 natus,
969 2517 1005 2551 in
1022 2517 1168 2562 imperio
1186 2516 1372 2557 successit3
1394 2516 1454 2561 qui
1475 2527 1550 2550 cum
1571 2527 1592 2549 a
1612 2527 1722 2561 puero

279 2576 403 2599 nomen
427 2564 568 2598 Octavii
589 2567 751 2607 tanquam
772 2562 841 2596 sibi
862 2563 1040 2607 proprium
1063 2563 1258 2606 habuisset,
1283 2561 1447 2606 deinceps
1469 2562 1644 2604 Augustus
1665 2561 1722 2595 di-

279 2616 354 2644 ctus
386 2614 441 2643 est
469 2608 565 2642 velut
594 2614 728 2642 auctus.
775 2607 868 2641 solus
894 2608 1069 2641 dominatu
1090 2608 1221 2652 potitus
1249 2612 1303 2641 est
1327 2607 1364 2640 in
1393 2606 1468 2640 vita
1489 2606 1660 2650 longaeva
1685 2610 1722 2641 et

279 2655 425 2703 imperio
449 2656 491 2688 ad
516 2658 687 2688 extremos
707 2659 823 2687 terrae
840 2653 927 2686 fines
948 2659 1148 2698 prorogato.
1196 2664 1271 2686 cum
1293 2658 1403 2686 mater
1431 2664 1472 2686 eo
1499 2651 1644 2696 gravida
1663 2653 1720 2686 fo-

280 2708 360 2747 ret,
397 2700 488 2735 vidit
509 2700 546 2733 in
568 2699 695 2733 somnis
723 2699 837 2732 viscus
863 2709 960 2732 suum
982 2699 1019 2732 in
1042 2698 1172 2732 caelum
1193 2704 1327 2743 raptum
1350 2697 1548 2732 subvolare.
1595 2697 1723 2741 deinde

280 2749 340 2783 illo
362 2747 438 2792 ipso
462 2750 632 2778 momento
655 2756 723 2789 quo
747 2756 791 2778 ex
810 2743 886 2777 alvo
911 2748 1066 2777 materna
1085 2743 1259 2788 prodibat,
1283 2748 1384 2788 pater
1405 2743 1528 2778 videre
1547 2742 1644 2777 visus
1665 2746 1722 2778 est

284 2807 304 2828 e
326 2793 403 2828 sinu
430 2790 585 2834 coniugis
603 2790 709 2824 solem
730 2795 840 2824 ortum
862 2788 991 2823 lucere.
1038 2800 1182 2834 cumque
1210 2789 1343 2824 tardius
1370 2789 1428 2822 illo
1457 2789 1515 2823 die
1533 2789 1634 2823 domo
1658 2799 1722 2822 ex-

282 2839 370 2884 iret,
404 2837 541 2883 quidam
564 2835 758 2882 astrologus
782 2834 919 2871 obviam
941 2835 1052 2870 factus
1076 2846 1137 2870 cur
1160 2835 1271 2870 serius
1291 2834 1450 2883 prodiret
1464 2834 1721 2880 interrogabat:
