1924 3242
471 168 958 213 CHRONOGRAPHIA
993 169 1425 214 COMPENDIARIA.
1624 171 1646 215 1
1655 170 1686 216 9

0 275 28 329 {²5
202 288 217 308 “-
282 299 283 303 ’
347 281 474 325 Insui
506 281 551 324 δὲ
577 282 756 326 Βαασσᾶ
780 284 1038 338 ἐβασίλευσεν
1053 285 1166 328 Ἠλά
1182 285 1271 336 υἱὸς
1289 284 1416 328 αὐτοῦ
1440 283 1507 341 ἴτη
1526 283 1582 341 β’,
1618 288 1684 328 καὶ

210 349 371 405 ἐποίησε
393 349 439 393 τὸ
462 349 660 407 πονηρόν,
695 353 764 394 καὶ
785 351 942 410 ἐσφάγη
963 352 1043 396 ὑπὸ
1062 358 1258 412 Ζαμβρῆ.
1433 352 1435 354 ’

346 419 475 463 Μετὰ
504 420 548 462 δὲ
571 419 682 462 Ἠλὰ
709 421 942 476 ἐβασίλευσε
966 426 1149 479 Ζαμβρῆ
1170 423 1237 479 ἔτη
1260 422 1315 478 ιβ’
1315 457 1329 477 ,
1360 425 1428 467 καὶ
1452 424 1612 480 ἐποίησε
1633 424 1678 467 τὸ
1703 427 1733 460 C

209 485 409 546 πονηρόν,
443 490 511 531 καὶ
530 487 687 545 ἐκαύθη
706 487 785 532 ὑπὸ
807 494 888 533 τῶν
909 493 1112 545 πολεμίων
1130 492 1228 549 οἴκῳ
1250 491 1511 550 προσφυγών.

173 567 197 604 5
345 557 473 601 Μετὰ
507 558 551 600 δὲ
585 562 769 616 Ζαμβρῆ
802 560 1060 614 ἐβασίλευσεν
1075 560 1234 615 Ἀχαάβ
1252 562 1340 611 υἱὸς
1361 562 1488 604 αὐτοῦ
1509 561 1577 618 ἴτη
1602 560 1681 617 κβ’,

206 626 276 668 καὶ
293 625 454 682 ἐποίησε
470 626 518 670 τὸ
535 626 734 686 πονηρόν,
762 630 830 670 καὶ
850 626 1008 686 ἐσφάγη
1018 661 1032 682 ,
1069 630 1136 671 καὶ
1156 629 1360 673 ἀπέθανεν
1379 632 1421 672 ἐν
1438 637 1527 681 ταῖς
1545 629 1682 689 ἆμαρ-

205 695 312 746 τίαις
335 695 478 739 αὐτοῦ.

340 764 470 808 Μετὰ
502 764 547 807 δὲ
573 763 732 819 Ἀχαᾶβ
763 765 1020 819 ἐβασίλευσεν
1050 764 1235 821 Ὀχοζίας
1266 765 1356 817 υἱὸς
1384 766 1511 810 αὐτοῦ
1537 767 1604 822 ἔτη
1626 766 1682 822 β’,

203 833 273 874 καὶ
309 833 470 889 ἐποίησε
506 833 553 876 τὸ
590 831 788 892 πονηρόν,
827 836 895 877 καὶ
927 834 1062 878 πεσὼν
1092 836 1136 878 ἔκ
1169 839 1243 878 τοῦ
1264 833 1451 893 ὖπερώου
1475 841 1549 879 τοῦ
1570 836 1681 879 οἴκου

148 914 193 950 10
204 900 332 944 αὐτοῦ’
354 901 572 945 ἀπέθανεν.

338 971 467 1015 Μετὰ
486 972 530 1014 δὲ
547 971 736 1026 Ὀχοζίαν
758 971 1018 1026 ἐβασίλευσεν
1036 972 1190 1030 Ἰωρὰμ
1213 970 1234 1014 ὃ
1261 971 1440 1029 ἀδελφὸς
1464 973 1593 1016 αὖτοῦ
1613 972 1680 1028 ε’τη

197 1034 256 1092 β’,
285 1041 353 1082 καὶ
377 1041 535 1095 ἐποίησε
557 1040 603 1082 τὸ
622 1039 821 1098 πονηρόν,
851 1043 918 1083 καὶ
939 1040 1098 1099 ἐσφάγη
1120 1040 1199 1083 ὑπὸ
1218 1041 1339 1096 Ἰηοῦ.
1411 1041 1484 1099 ἐφ’
1511 1037 1561 1084 οὗ
1587 1043 1679 1085 ἀνε-

197 1105 344 1165 λήφθη
364 1106 385 1151 ὅ
401 1109 528 1165 μέγας
542 1108 692 1159 Ἠλιάς
701 1141 715 1161 ,
751 1107 772 1151 ὅ
798 1110 842 1152 δὲ
857 1110 1088 1161 Ἐλισσαῖος
1109 1110 1155 1153 τὸ
1168 1108 1447 1167 ζΙεριχούντιον
1470 1109 1582 1169 ὕδωρ
1605 1129 1671 1153 πι-
1697 1114 1729 1149 D

198 1175 297 1233 κρὸν
321 1175 367 1220 ὃν
391 1175 513 1235 φύσει
536 1179 605 1220 καὶ
628 1176 830 1220 δύσποτον
852 1177 1012 1222 ἰάσατο.

143 1259 188 1295 15
335 1246 462 1289 Μετὰ
493 1247 538 1288 δὲ
560 1246 714 1303 Ἰωρὰμ
742 1248 1001 1300 ἐβασίλευσεν
1026 1247 1136 1302 Ἰηοῦ
1167 1246 1256 1297 υἱὸς
1281 1245 1469 1301 Ἀμεσίου
1500 1246 1568 1303 ἴτη
1598 1246 1675 1303 κη’,

197 1313 267 1355 καὶ
290 1312 567 1372 εἰσερχόμενος
585 1315 627 1357 ἓν
645 1319 697 1372 τῇ
717 1313 830 1357 πόλει
850 1317 1089 1373 Σαμαρείας
1111 1313 1189 1358 εἶδε
1209 1313 1485 1371 προκύψασαν
1503 1314 1676 1370 Ἰεζάβελ

198 1381 268 1423 διὰ
298 1387 371 1437 τῆς
399 1385 574 1441 θυρίδος
601 1385 1001 1439 κεκαλλωπισμένην,
1037 1384 1350 1440 καὶ,προσε’τα“ξε
1370 1391 1455 1434 τοῖς
1471 1382 1677 1438 εὐνούχοις

196 1449 324 1505 αὐτῆς
350 1453 673 1508 κατακρημνίσαι
702 1450 849 1505 αὐτήν,
883 1451 911 1507 ἢ
940 1450 1206 1506 κατεπατήθη
1237 1449 1316 1493 ὑπὸ
1351 1456 1431 1493 τῶν
1446 1453 1583 1495 ἵππων
1606 1456 1673 1495 καὶ

194 1517 440 1577 κατεβρώθη
472 1518 552 1562 ὑπὸ
581 1524 663 1562 τῶν
694 1524 838 1563 κυνῶν.
911 1518 1082 1571 ἐπάταξε
1106 1521 1149 1562 δὲ
1171 1522 1238 1562 καὶ
1260 1519 1356 1570 τοὺς
1375 1520 1490 1571 υἱοὺς
1502 1520 1674 1576 Ἀχαάβ,

136 1588 261 1640 maeoti
282 1588 388 1642 μετὰ
408 1589 658 1645 πανουργίας
678 1589 960 1646 συναθροίσας
981 1587 1138 1639 πάντας
1157 1588 1253 1639 τοὺς
1275 1589 1392 1646 ἱερεῖς
1414 1591 1481 1631 καὶ
1507 1588 1673 1647 προφή-

173 1672 268 1706 ·τας
298 1660 374 1699 τοῦ
407 1654 531 1698 Βάαλ
562 1655 719 1706 πάντας
749 1656 1017 1715 ἀναιρεθῆναι
1048 1658 1315 1714 προσέταξεν,
1350 1659 1419 1699 καὶ
1450 1658 1521 1699 τὸν
1549 1657 1672 1700 Βάαλ

193 1725 262 1771 καὶ
286 1723 340 1767 τὰ
361 1724 490 1767 αὐτοῦ
510 1722 643 1768 πάντα
664 1724 868 1782 ἐνέπρησε.
937 1726 1043 1781 πλὴν
1066 1725 1139 1767 οὐκ
1163 1724 1363 1782 ἐφύλαξεν
1388 1727 1445 1776 εἷς
1462 1727 1577 1777 τέλος
1594 1743 1671 1768 πο-

192 1790 387 1850 <abeo-'hu
409 1794 451 1837 ἐν
473 1791 586 1854 νόμῳ
609 1795 774 1851 κυρίου,
809 1796 878 1838 καὶ
899 1793 1058 1853 ἐσφάγη
1083 1795 1124 1836 ἕν
1145 1798 1203 1854 τῷ
1225 1795 1401 1855 πολέμῳ.

283 1924 372 1960 Post
393 1924 540 1961 Baasam
568 1925 750 1973 imperavit
770 1925 861 1961 Heln
882 1926 993 1970 filius,
1015 1926 1071 1961 vir
1088 1925 1398 1972 profligatissimus.
1445 1926 1477 1961 is
1499 1926 1666 1962 biennium

188 1970 349 2015 regnavit
360 1997 371 2014 ‚
395 1972 619 2018 sublatusque
635 1977 689 2007 est
704 1984 725 2007 a
740 1972 899 2007 Zambrio
914 1984 1002 2007 anno
1017 1973 1117 2018 regni
1131 1974 1167 2008 2.

282 2016 394 2052 Helue
409 2017 590 2053 Zambrius
605 2018 773 2052 successit
786 2019 899 2053 multis
916 2019 1056 2063 flagitiis
1073 2022 1108 2052 et
1123 2018 1307 2053 sceleribus
1322 2018 1579 2053 contaminatus.
1613 2018 1667 2052 hic

189 2070 266 2097 cum
280 2074 320 2097 se
334 2064 418 2108 suga
433 2064 568 2099 domum
584 2064 775 2110 recepisset
786 2090 797 2108 ,
821 2066 865 2099 ab
880 2066 1035 2099 hostibus
1050 2069 1285 2098 concrematus
1301 2070 1353 2098 est
1368 2076 1457 2098 anno
1474 2064 1570 2109 regni
1587 2066 1644 2100 12.

281 2108 444 2144 Zambrio
460 2110 616 2144 succedit
631 2111 665 2144 in
680 2122 788 2154 regno
805 2111 964 2144 Acbabus
980 2111 1080 2154 filius,
1105 2109 1306 2144 facinorosis
1321 2110 1481 2155 operibus
1496 2110 1562 2144 deo
1579 2122 1666 2145 exo-

188 2163 266 2198 sus,
290 2159 327 2189 et
342 2160 494 2190 mortuus
510 2160 563 2190 est
577 2156 612 2190 in
627 2156 864 2202 iniquitatibus
878 2157 947 2190 suis
963 2168 1049 2190 anno
1065 2156 1163 2201 regni
1180 2155 1341 2200 vigesimo
1358 2156 1517 2190 secundo.

279 2200 451 2237 Defuncto
475 2202 615 2236 Achabo
641 2213 782 2246 regnum
806 2202 1057 2237 administravit
1071 2201 1241 2236 ochosias
1258 2213 1366 2236 annos
1382 2202 1485 2244 duos,
1510 2201 1565 2236 vir
1580 2213 1667 2247 pro-

188 2243 419 2290 fligatissimus
449 2259 493 2282 ac
523 2248 781 2294 perditissimus.
827 2248 856 2282 is
883 2259 958 2283 cum
986 2261 1006 2283 e
1030 2249 1214 2283 caenaculo
1240 2247 1357 2282 domus
1375 2258 1458 2284 suae
1473 2247 1666 2290 cecidisset,

189 2298 407 2338 consumptua
422 2298 484 2328 est⁴

280 2338 453 2374 Ochoziae
480 2340 645 2375 successit
667 2340 818 2375 Ioramus
843 2340 951 2375 frater
974 2339 1126 2385 nequitia
1154 2338 1320 2383 singulari
1343 2338 1542 2384 praeditum
1568 2342 1604 2373 et
1619 2338 1664 2373 ab

189 2381 250 2417 len
263 2383 455 2420 trucidatus
469 2391 536 2429 est,
561 2392 741 2431 postquam
758 2392 936 2431 regnasset
954 2397 1061 2419 annos
1077 2384 1270 2419 duodecim.
1318 2386 1381 2418 sub
1396 2396 1438 2418 eo
1455 2385 1573 2420 Helias
1591 2397 1664 2419 ma-

187 2439 276 2472 gnus
299 2436 491 2477 assumptus
515 2436 579 2466 est.
627 2432 787 2467 Elisaeus
813 2444 894 2467 vero
920 2431 1016 2478 aquis
1033 2430 1280 2474 Hiericuntiis,
1303 2440 1379 2465 cum
1397 2437 1512 2465 essent
1527 2441 1664 2466 amarae

188 2479 224 2509 et
238 2480 342 2520 gustu
355 2475 530 2520 insuaves,
553 2490 652 2523 opem
667 2478 757 2512 tulit.

280 2520 368 2556 Post
389 2522 554 2558 loramum
577 2534 718 2569 regnum
745 2523 858 2558 tenuit
874 2523 934 2558 Ieu
950 2522 1107 2558 Amasiae
1123 2521 1214 2557 filius
1230 2533 1338 2556 annos
1353 2521 1476 2567 viginti
1493 2524 1585 2555 octo.
1633 2521 1663 2555 is

188 2576 265 2600 cum
280 2566 465 2603 Samariam
481 2569 738 2614 ingrederetur,
762 2570 985 2611 Iezabellam,
1008 2581 1097 2614 quae
1119 2567 1303 2603 cultissimo
1320 2567 1474 2614 corporis
1490 2571 1612 2601 ornatu
1627 2568 1662 2601 in

188 2611 340 2647 fenestra
365 2620 594 2659 apparuerat,
619 2627 681 2661 per
709 2617 881 2650 eunuchos
908 2615 1129 2661 praecipitem
1156 2613 1243 2658 egit:
1268 2613 1318 2648 sic
1333 2614 1391 2647 illa
1407 2614 1450 2648 ab
1467 2613 1564 2658 equis
1579 2625 1662 2647 con-

187 2657 322 2693 sulcata
337 2663 374 2692 et
389 2670 409 2693 a
426 2659 564 2695 canibus
580 2661 745 2696 devorata
761 2666 825 2696 est.
874 2661 962 2696 idem
978 2661 1066 2695 filios
1082 2659 1215 2695 Achabi
1228 2659 1302 2694 neci
1318 2659 1471 2703 tradidit,
1494 2664 1531 2693 et
1545 2662 1660 2692 astute

185 2703 490 2750 fraudulenterque
515 2713 702 2741 convocato
727 2708 854 2754 populo
870 2707 1067 2742 sacerdotes
1087 2718 1127 2741 ac
1143 2705 1329 2752 prophetas
1347 2705 1461 2740 Baalis
1477 2715 1591 2739 omnes
1606 2704 1659 2737 in-

185 2749 344 2792 terfecit,
368 2755 404 2784 et
419 2750 500 2785 Baal
515 2751 670 2798 illiusque
687 2754 955 2800 suppellectilem
973 2764 1104 2787 omnem
1127 2751 1313 2787 succendit.
1361 2757 1510 2785 ceterum
1526 2751 1586 2784 Ieu
1601 2760 1660 2782 us-

185 2805 255 2841 que
270 2796 314 2876 ¹in
338 2795 440 2833 finem
464 2808 529 2832 nec
551 2797 715 2835 iustitiam
739 2811 804 2835 nec
827 2799 939 2846 legem
961 2798 1084 2835 domini
1100 2797 1278 2842 servavit,
1301 2801 1539 2843 mactaturque
1554 2799 1607 2830 est
1623 2794 1659 2829 in

185 2851 270 2885 proe
284 2853 325 2877 10.
