1832 3250
245 1051 275 1085 C

234 1858 267 1892 D

303 184 367 232 62
685 189 1056 236 CONSTANTINI
1086 193 1373 239 .MANAssls··

429 300 576 360 ᾔσθετο
598 299 750 346 ’τούτων
767 301 1006 356 Ὀδυσσεύς,
1035 307 1233 349 συνείπετο
1251 307 1327 364 γὰρ
1347 305 1486 368 τούτῳ,
1517 313 1519 315 ’

430 372 496 412 καὶ
515 371 588 412 σὺν
610 371 719 428 αὐτῷ
742 371 916 427 διογενὴς
932 373 1041 423 Αἴας
1062 371 1082 415 ὃ
1106 378 1357 428 Τελαμῶνος.

299 437 406 483 1400
431 438 554 494 ἄμφω
574 439 711 495 τοίγαρ
731 440 786 489 εἷς
805 439 873 482 τὸν
891 440 985 483 ναὸν
1002 440 1398 496 συνεισπεπηδηκότες

428 501 542 562 εὗρον
560 506 631 548 τὸν
648 505 733 562 ἥρω
752 508 925 561 κείμενον
945 509 1086 562 αἵμασι
1105 510 1366 566 πεφυρμένον,

427 573 650 629 ἄπεσβηκὸς
671 575 898 629 ἐμπνέοντα,
927 574 1042 631 μόγις
1063 581 1244 618 κινοῦντα
1264 581 1446 632 γλῶσσαν

426 643 492 683 καὶ
508 642 703 695 μέλλοντα
728 641 1000 685 καλύπτεσθαι
1017 644 1067 685 τὰ
1090 645 1276 700 βλέφαρα
1288 650 1344 701 τῷ
1368 644 1509 688 σκότει.

427 707 481 758 ὥς
499 708 602 752 εἶδον
621 704 690 752 οὖν
713 709 928 761 ὠλόλυξαν,
955 712 1021 753 καὶ
1042 711 1275 767 προσπεσὼν
1293 717 1350 768 τῷ
1371 710 1510 766 στήθει

298 776 402 819 1405
427 778 536 828 Αἴας
558 776 578 819 ὃ
599 778 722 833 με’γας
740 779 780 820 ἓν
800 782 998 836 κλαυθμῷ
1016 779 1115 835 πρὸς
1130 779 1199 821 τὸν
1218 780 1387 833 Πηλέως
1407 778 1511 823 εἶπεν

422 839 501 899 “ἦν
526 844 619 902 ἄρα,
654 844 914 899 πολεμόκλονε
936 848 1001 888 καὶ
1025 848 1114 901 γίγα
1132 846 1377 904 βριαρόχειρ,

427 912 471 963 ὃς
497 913 641 955 ἀνελεῖν
662 912 833 968 ἠδύνατο
857 913 924 955 τὸν
944 913 1194 967 θυμολέοντά
1214 915 1295 956 σε.”

429 979 450 1021 ὃ
476 981 516 1022 δ’
540 981 720 1038 ἀμαυρὸν
739 979 916 1037 ἐφώνησε
934 984 1000 1023 καὶ
1019 981 1367 1037 παρακεκομμὲνον

420 1046 603 1091 αοῖνεῖλόν
618 1066 667 1103 με
690 1049 903 1105 Δηΐφοβος
923 1051 989 1091 καὶ
1011 1048 1146 1106 Πάρις
1159 1050 1259 1103 μετὰ
1285 1048 1441 1090 δόλου.”

298 1115 406 1159 1410
426 1118 491 1158 καὶ
514 1117 628 1158 ταῦτ’
649 1117 766 1159 εἰπὼν
786 1118 1007 1167 ἐξέπνευσεν
1025 1115 1045 1158 ὃ
1067 1121 1300 1171 τηλικοῦτος
1321 1115 1442 1171 ἥρως.

428 1185 538 1234 Αἴας
559 1185 599 1225 δ’
624 1185 688 1226 ἐπ’
711 1183 830 1238 ὤμων
850 1186 1017 1238 θέμενος
1037 1184 1081 1225 τὸ
1105 1189 1246 1239 σκῆνος
1261 1184 1467 1237 Ἀχιλλέως

426 1256 574 1308 πικρῶς
595 1253 656 1293 ἐπὶ
679 1252 747 1294 τὸν
765 1250 1027 1306 ναύσταθμον
1043 1251 1184 1307 ἤγαγεν
1201 1250 1410 1302 ὀλολύζων.

491 1320 631 1369 Εὐθὺς
652 1320 694 1361 δὲ
711 1320 1014 1374 μετεπέμψαντο
1035 1318 1203 1375 Πύρρον
1219 1319 1287 1380 τον
1301 1318 1509 1372 Ἀχιλλέως

425 1386 492 1429 τὸν
518 1389 583 1428 καὶ
604 1385 895 1440 Νεοπτόλεμον,
929 1387 997 1429 τὸν
1013 1387 1090 1428 ἀπὸ
1114 1387 1374 1440 Δηϊδαμείας.

291 1452 398 1498 1415
424 1457 490 1495 καὶ
514 1453 632 1495 πάλιν
654 1452 767 1510 φόνοι
789 1455 855 1495 καὶ
877 1456 1041 1510 σφαγαί,
1074 1453 1192 1495 πάλιν
1216 1453 1509 1508 ἀνδροκτασίαι,

423 1524 488 1563 καὶ
508 1520 626 1563 πάλιν
644 1519 935 1577 αἱματόφυρτοι
960 1522 1111 1576 Τροίας
1129 1521 1171 1562 αῖ
1193 1518 1387 1571 πεδιάδες,

421 1591 486 1630 καὶ
510 1587 627 1630 πάλιν
650 1587 929 1644 αἱμοφόρυκτα
946 1588 996 1630 τὰ
1014 1593 1086 1630 τοῦ
1106 1587 1371 1643 Σκαμάνδρου
1390 1586 1544 1644 ῥεῖθρα,

422 1657 494 1706 ἕως
513 1660 591 1697 τῶν
604 1654 783 1708 μάντεων
807 1656 941 1704 αὐτοῖς
957 1656 1165 1711 χρησμοὺς
1183 1653 1506 1711 ε’κφοιβασάντων

420 1721 474 1772 ὥς
493 1724 538 1764 οὗ
553 1721 682 1779 χρεών
700 1723 806 1764 ἔστιν
827 1721 926 1764 ἑλεῖν
942 1722 1019 1764 ἀπὸ
1042 1724 1214 1776 πολέμου
1240 1724 1390 1777 Τροίαν

287 1789 397 1832 1420
423 1791 512 1831 οὐδ’
535 1792 576 1831 ἐκ
594 1794 739 1845 χειρῶν
757 1790 848 1830 οὐδ’
869 1791 912 1831 ἐκ
930 1793 1076 1846 ξιφῶν,
1112 1790 1205 1831 ἀλλ’
1237 1790 1314 1831 ἀπὸ
1336 1787 1455 1831 δόλου
1475 1788 1614 1843 μόνον,

422 1857 490 1899 τὸν
506 1859 627 1898 ἵππον
645 1855 894 1911 ἓτεκτήναντο
913 1858 982 1899 τὸν
1006 1856 1159 1908 ξύλινον
1178 1858 1333 1908 ἐκεῖνον,

381 1964 466 1999 1401
488 1963 615 2004 αἵματι
636 1963 666 1997 A
801 1963 888 1997 1402
908 1960 1012 2005 μόλις
1033 1963 1098 1998 AR
1157 1963 1318 2006 γλῶτταν
1337 1963 1371 1998 R
1528 1961 1617 1997 1403
1636 1953 1718 1997 ωἱό-

377 2023 428 2056 τῳ
450 2010 555 2044 MRR
706 2007 792 2043 1409
816 2006 935 2042 ἀνεῖλέ
958 2009 991 2042 R
1152 2008 1238 2042 1411
1261 2007 1303 2042 τὸ
1326 2007 1516 2051 τηλικοῦτο
1539 2008 1668 2052 σκῆνος
1683 2008 1717 2042 R

380 2055 467 2089 1416
488 2055 554 2099 τῆς
574 2052 708 2098 Τροίας
729 2053 899 2093 πεδιάδες
919 2053 988 2088 ΑΜ
1124 2052 1210 2088 1419
1231 2053 1355 2098 λαβεῖν
1376 2053 1409 2087 R

290 2156 346 2179 ses
368 2145 673 2188 animadvertebat,
697 2144 756 2188 qui
777 2143 956 2178 comitatus
974 2154 1050 2177 eum
1068 2143 1193 2186 fuerat,
1216 2153 1375 2179 unacum
1393 2142 1498 2176 Aiace
1518 2142 1716 2178 Telamonis

287 2190 377 2233 filio,
406 2190 491 2223 Iove
521 2195 609 2224 sato.
665 2193 876 2234 quapropter
908 2189 945 2222 in
972 2190 1086 2222 fanum
1113 2194 1256 2232 uterque
1281 2187 1379 2222 simul
1401 2199 1476 2222 cum
1496 2188 1715 2232 irrupissent,

287 2236 425 2270 heroem
445 2235 536 2268 illum
560 2235 727 2268 iacentem
750 2235 966 2277 invenerunt,
991 2245 1112 2267 cruore
1135 2234 1320 2275 foedatum,
1344 2236 1512 2266 extremos
1535 2234 1716 2267 ducentem

286 2280 441 2324 spiritus,
461 2279 521 2312 vix
537 2279 685 2323 linguam
703 2284 895 2312 moventem
915 2284 950 2312 et
967 2279 1035 2312 iam
1051 2278 1186 2322 iamque
1203 2277 1366 2311 cernendi
1388 2288 1483 2311 usum
1500 2277 1713 2312 amissurum.

286 2326 403 2369 itaque
421 2324 478 2357 illo
498 2329 681 2368 conspecto
702 2324 894 2366 ululabant,
920 2329 955 2357 et
976 2325 1019 2357 ad
1041 2328 1160 2367 pectus
1183 2323 1256 2356 eius
1277 2322 1423 2366 allapsus
1446 2322 1534 2356 Aiax
1552 2322 1714 2358 Telamo-

286 2370 363 2404 nius
382 2381 456 2403 cum
476 2368 621 2402 lamento
641 2368 804 2402 Achillem
822 2368 986 2402 allocutus
1008 2374 1077 2402 est:
1100 2365 1143 2401 “o
1162 2367 1217 2402 vir
1233 2366 1411 2410 mmm-tie,
1431 2367 1583 2401 robustis
1604 2367 1713 2401 mani-

283 2417 348 2449 bus
371 2415 487 2458 gigas,
523 2414 677 2457 quisnam
706 2419 741 2446 te
773 2414 908 2447 leonino
944 2414 1047 2447 corde
1076 2413 1267 2457 praeditum
1291 2412 1448 2446 occidere
1470 2409 1636 2456 potuit?”
1656 2413 1715 2447 ille

282 2461 491 2504 perobscure
515 2459 718 2501 concisaque
740 2470 859 2492 vocem
886 2460 972 2491 hanc
996 2458 1105 2492 edidit
1124 2455 1370 2491 “fraudulente
1384 2456 1587 2501 Deiphobus
1609 2463 1713 2501 atque

280 2504 381 2538 Paris
403 2516 456 2538 me
480 2500 763 2537 interfecerunt.''
817 2515 904 2547 quae
930 2504 1052 2536 effatus
1075 2502 1219 2546 insignis
1242 2503 1343 2536 heros
1367 2501 1570 2546 exspiravit.
1625 2503 1714 2537 Aiax

233 2547 237 2551 ⁴
280 2561 365 2583 vero
398 2560 521 2594 corpus
544 2548 685 2582 Achillis
708 2548 855 2584 humeris
882 2548 1075 2593 impositum
1105 2549 1229 2581 acerbo
1261 2558 1334 2580 cum
1357 2546 1485 2581 eiulatu
1512 2548 1556 2582 ad
1578 2552 1714 2592 portum

281 2594 455 2672 detulfflbx
479 2638 650 2681 Pyrrhum
671 2637 811 2671 Achillis
836 2637 940 2671 filium
964 2640 1161 2680 arcessunt,
1194 2640 1416 2680 cognomento
1438 2636 1712 2681 Neoptolemum,

282 2684 491 2720 Deiodamea
505 2689 612 2717 matre
628 2689 754 2717 natum.
799 2694 932 2716 rursum
948 2683 1082 2725 caedes,
1101 2682 1333 2725 mactationes,
1353 2681 1533 2716 homicidia
1549 2683 1711 2716 exoriun—

283 2737 358 2771 tur3
378 2740 510 2763 rursum
529 2729 638 2772 campi
656 2729 801 2762 Troiani
821 2739 941 2761 cruore
961 2727 1167 2771 imbuuntur,
1193 2727 1301 2760 donec
1318 2727 1454 2761 vatibus
1476 2727 1612 2762 oracula
1627 2738 1710 2772 pro—

285 2774 537 2816 nuntiantibus,
571 2773 676 2807 fatale
711 2785 778 2807 non
802 2784 878 2806 esse
899 2772 989 2806 bello
1014 2772 1155 2806 Troiam
1178 2772 1357 2816 occupari,
1384 2784 1447 2805 nec
1469 2773 1624 2806 manibus
1647 2783 1711 2806 nec

286 2820 421 2865 gladiis,
437 2820 500 2854 sed
517 2824 648 2855 tantum
665 2820 799 2864 fraude,
821 2818 969 2864 ligneum
990 2829 1113 2863 equum
1131 2817 1260 2852 Graeci
1276 2817 1500 2863 fabricarunt,
1524 2822 1562 2853 et
1575 2817 1613 2851 in
1634 2827 1711 2852 eum
1747 2825 1749 2827 ’
1790 2808 1795 2819 ’
