1872 3236
266 735 296 770 B

247 1553 276 1587 C

325 209 351 254 1
361 209 422 255 16
706 206 1081 253 CONSTANTINI
1120 209 1240 253 MAN
1238 210 1383 255 ASSIS

459 319 555 378 ὅπερ
578 318 761 376 μεγάλων
782 322 936 377 γέγονεν
957 321 1062 379 ἀρχὴ
1087 314 1365 380 πειρατὴρίων,

462 390 535 443 οὐχ
553 383 671 442 ἧττον
690 388 717 444 ἢ
737 389 978 447 τῆςἼΐριὸος
997 394 1069 445 τῆς
1090 395 1297 448 φθονερᾶς
1317 392 1362 435 τὸ
1380 395 1524 447 μῆλον,-

321 461 432 502 2670
455 456 550 513 ὅπερ
574 455 888 512 ἐπεισεκώμασεν
906 459 968 500 ἐπὶ
990 463 1102 517 κακῷ
1119 466 1203 509 τοῖς
1220 457 1308 502 τότε

455 523 603 567 θύουσι
623 528 867 581 γαμοὸαίσια
893 527 1060 577 Θέτιδος
1079 529 1144 569 καὶ,
1167 529 1350 581 Πηλέως.

453 590 520 635 οἷα
543 595 609 635 καὶ
633 594 710 649 γὰρ
732 596 959 650 συμβέβηκε
984 595 1051 637 διὰ
1070 595 1115 638 τὸ
1138 599 1267 649 μῆλον
1288 595 1429 637 τοῦτοὶ

452 660 685 715 ἐθαύμασεν
701 660 727 717 ἦ
745 665 906 717 βασιλὶς
925 664 997 718 τὴν
1019 661 1128 720 ὥραν
1151 667 1221 717 τῆς
1240 663 1403 720 ὀπώρας
1412 693 1427 714 ,

451 728 651 786 ὑπερφυὲς
670 729 848 786 ἡγήσατο
867 731 912 773 τὸ
933 735 1075 787 χρῆμα
1098 731 1143 773 τὸ
1164 735 1236 773 τοῦ
1252 730 1399 786 μήλου,

312 799 422 840 2675
448 799 513 839 καὶ
535 800 754 857 φιλοτίμως
773 800 921 853 ἔχουσα
940 799 1041 854 πρὸς
1061 799 1129 841 τὸν
1149 799 1271 841 καλὸν
1290 802 1499 841 Παυλῖνον

445 864 500 915 ὥς
519 860 794 923 συναράμενον
815 868 918 924 αὐτῇ
936 868 1037 924 πρὸς
1057 867 1166 922 ὕψος
1187 870 1420 922 βασιλείας,

445 939 503 991 τῷ
523 933 640 992 μήλῳ
664 939 721 992 τῷ
736 940 957 992 πικροποιῷ
979 936 1047 977 τὸν
1070 935 1200 993 ἄνδρα
1220 938 1432 986 δεξιοῦται.

444 1003 589 1053 ἐκεῖνος
611 1004 654 1045 ὁὲ
676 1008 732 1061 τῷ
754 1008 918 1057 βασιλεῖ
935 1004 980 1046 τὸ
1003 1006 1133 1059 δῶρον
1155 1005 1400 1058 ἀντιπέμπει,

440 1071 497 1124 μὴ
522 1069 733 1122 κατειδιῦς,
769 1070 823 1121 ὡς
842 1071 977 1124 ἔοικεν,
1012 1070 1110 1114 ὅθεν
1127 1071 1463 1129 παρεισεφθάρη·

301 1140 413 1181 2680
437 1137 548 1192 ἔτυχε,
569 1139 646 1196 γὰρ
666 1143 723 1196 τῷ
744 1144 906 1193 βασιλεῖ
921 1141 978 1194 μὴ
998 1140 1220 1197 συμπαρὼν
1241 1138 1262 1182 ὅ
1279 1139 1407 1191 τάλας

437 1205 554 1261 ἡνίκα
575 1206 792 1258 Θεοδόσιος
811 1209 967 1261 ἐδέχετο
989 1207 1034 1250 τὸ
1056 1212 1199 1263 μῆλον,

426 1274 563 1317 Ἅιδου
585 1273 743 1331 πικράν,
779 1276 828 1318 ἄν
850 1277 950 1318 εἴποι
971 1293 1045 1327 τις,
1079 1275 1242 1333 ὀπώραν
1259 1277 1510 1331 θανασίμην,

434 1337 484 1397 ἧς
505 1344 701 1398 κηπευτὴς
720 1342 741 1386 ὃ
763 1342 945 1393 θάνατος
965 1345 1030 1386 καὶ
1053 1342 1286 1400 φυτηκόμος
1295 1343 1445 1398 Ἅιδης.

435 1409 512 1469 ὁρᾷ
532 1411 577 1453 τὸ
597 1415 728 1465 μῆλον
749 1410 770 1454 ὅ
790 1416 962 1468 κρατῶν,
997 1414 1173 1468 γνωρίζει
1196 1411 1268 1466 τὴν
1288 1410 1467 1468 ὀπώραν,

294 1478 406 1521 2685
431 1478 594 1535 κρύπτει
616 1479 661 1521 τὸ
680 1484 809 1534 μῆλον
829 1480 930 1536 παρ’
959 1479 1091 1536 αὐτῷ,
1127 1484 1219 1536 σιγῇ
1237 1481 1519 1536 παρακατέχει,

430 1546 679 1590 πυνθάνεται
698 1553 770 1602 τῆς
786 1552 960 1603 γαμετῆς
978 1547 1057 1604 ὅπῃ
1079 1548 1124 1590 τὸ
1143 1552 1273 1601 μῆλον
1295 1548 1368 1603 εἴη,

431 1617 620 1657 εἰποῦσαν
643 1615 703 1658 ὅτι
722 1617 925 1673 βέβρωκεν
946 1614 1080 1672 ὅρκοις
1103 1615 1420 1670 καταλαμβάνει.

430 1682 455 1737 ἡ
479 1685 542 1734 ὸέ,
578 1688 650 1738 τῆς
673 1682 797 1738 τύχης
816 1689 887 1737 τῆς
906 1689 1074 1740 πικρᾶς,
1110 1683 1165 1734 ὡς
1187 1683 1309 1736 ἵοικε,
1344 1681 1605 1741 σφαλλούσης

427 1750 644 1805 ἅντόμνυσι
669 1758 927 1808 καταφαγεῖν.
996 1754 1085 1794 τιίἀ
1108 1752 1159 1794 τὰ
1180 1752 1281 1806 μετὰ
1303 1757 1456 1806 ταῦτα;

289 1821 399 1861 2690
425 1821 480 1868 εἷς
498 1818 688 1870 ὑπονοίας
706 1819 727 1862 ὃ
747 1825 906 1877 κρατῶν
925 1821 997 1862 οὐκ
1015 1821 1178 1875 ἀγαθὰς
1197 1822 1392 1874 ἐμπίπτει,

426 1879 601 1930 δείκνυσι
618 1887 663 1930 τὸ
687 1886 981 1945 κρυπτόμενον,
1009 1890 1154 1944 ἐλέγχει
1175 1890 1444 1944 ψευδομένην,

376 2017 468 2052 2668
487 2015 571 2060 ῥίζα
589 2017 623 2051 R
782 2018 874 2053 2670
891 2014 1158 2061 ἐπεισεκόμισεν
1175 2018 1209 2053 R
1382 2014 1475 2054 2675
1497 2014 1666 2062 λαμπρὸν
1683 2017 1749 2052 AR

375 2063 468 2097 2680
490 2061 561 2108 γὰρ
577 2061 627 2107 μὴ
648 2061 849 2108 συμπαρών
866 2063 916 2109 τῷ
937 2064 1102 2111 παλαι-ίῳ
1121 2061 1206 2099 τότε
1224 2064 1258 2099 R

282 2185 339 2207 res
364 2185 433 2207 non
455 2174 566 2209 minus
590 2176 813 2212 maximorum
836 2176 1127 2211 incommodorum
1147 2177 1246 2221 origo
1265 2175 1419 2220 exstitit,
1456 2180 1562 2221 atque
1580 2176 1660 2210 olim
1681 2188 1748 2222 po-

283 2230 373 2253 mum
392 2219 478 2253 illud
499 2221 619 2255 Eridis
641 2222 814 2266 invidiae,
851 2224 943 2266 quod
971 2224 1120 2258 nocendi
1148 2234 1252 2257 causa
1278 2222 1323 2256 iis
1352 2221 1478 2256 obtulit
1500 2221 1560 2267 qui
1581 2222 1747 2257 Thetidis

282 2271 388 2309 atque
409 2265 507 2303 Pelei
539 2267 668 2311 nuptiis
701 2268 907 2301 intererant.
955 2281 1032 2303 nam
1065 2269 1199 2313 qualia,
1233 2279 1386 2313 quae50‚
1422 2272 1610 2301 consecuta
1638 2269 1747 2304 suut?

282 2310 486 2355 imperatrix
517 2312 809 2355 pulchritudinem
842 2314 976 2347 fructus
1008 2314 1190 2358 admirari,
1230 2324 1376 2358 eumque
1403 2313 1568 2347 arbitrari
1599 2319 1746 2348 naturae

281 2357 418 2390 modum
450 2358 634 2391 excedere.
697 2365 733 2392 et,
764 2360 924 2402 quoniam
955 2360 1136 2394 Paulinum
1169 2365 1358 2405 propterea
1387 2361 1622 2393 venerabatur
1650 2361 1743 2404 quod

281 2402 384 2436 valde
404 2414 478 2435 eam
497 2402 645 2437 iuvisset
663 2403 700 2437 in
719 2406 963 2448 consequenda
986 2406 1157 2449 dignitate
1173 2404 1409 2449 imperatoria,
1432 2405 1545 2439 virum
1564 2405 1630 2438 hoc
1650 2405 1743 2439 infe-

279 2447 339 2481 lici
358 2459 459 2492 pomo
479 2449 598 2482 donat.
647 2449 677 2482 is
696 2461 782 2482 vero
801 2450 954 2483 vicissim
977 2463 1097 2485 munus
1116 2451 1318 2496 imperatori
1337 2450 1443 2484 mittit
1455 2477 1464 2494 ,
1490 2451 1667 2495 ignorans,
1692 2451 1741 2485 uti

279 2493 419 2539 quidem
439 2493 601 2537 videtur,
635 2495 726 2529 unde
744 2494 923 2539 profectus
948 2497 1092 2530 suisset:
1127 2509 1195 2531 non
1224 2496 1314 2530 enim
1341 2497 1489 2530 affuerat
1515 2496 1551 2531 id
1575 2497 1741 2541 temporis

280 2539 483 2585 imperatori
505 2539 621 2584 miser,
644 2552 712 2585 quo
732 2552 868 2585 pomum
892 2547 1094 2586 acceperat,
1121 2543 1214 2587 quod
1237 2553 1436 2585 nuncupare
1457 2542 1534 2586 quis
1556 2542 1670 2588 possit
1689 2542 1739 2576 le-

279 2585 383 2620 talem
403 2584 490 2618 Orci
510 2586 672 2630 fructum,
695 2588 738 2621 ab
758 2586 836 2631 ipsa
856 2592 967 2621 morte
988 2588 1206 2632 Plutoneque
1225 2587 1406 2621 consitum.
1434 2587 1624 2632 imperator
1642 2587 1738 2622 obla-

278 2635 350 2665 tum
372 2630 522 2675 intueri,
551 2643 630 2665 mox
651 2643 862 2675 agnoscere,
887 2632 972 2666 clam
994 2635 1086 2678 apud
1109 2645 1148 2667 se
1170 2633 1343 2667 occultare
1362 2645 1402 2667 ac
1420 2634 1592 2678 retinere,
1618 2634 1738 2667 coniu-

277 2689 356 2722 gem
382 2676 602 2721 interrogare
628 2678 766 2713 ubinam
793 2689 930 2723 pomum
961 2679 1005 2712 ab
1037 2691 1075 2712 se
1104 2680 1220 2712 datum
1244 2679 1408 2713 haberet:
1442 2679 1500 2713 illa
1523 2681 1738 2725 respondere

278 2723 517 2758 manducatum
541 2723 586 2756 ab
610 2735 648 2757 se
671 2736 762 2758 esse.
809 2735 928 2758 rursus
953 2724 1142 2769 imperator
1164 2725 1198 2758 ei
1224 2724 1363 2758 deferre
1389 2725 1647 2760 iusiurandum:
1678 2724 1737 2759 illa

278 2778 343 2813 per
360 2779 522 2802 summam
540 2768 780 2804 infelicitatem
801 2775 1015 2804 sacramento
1040 2771 1243 2804 confirmare
1267 2781 1403 2814 pomum
1422 2772 1465 2805 ab
1489 2783 1527 2806 se
1549 2771 1735 2807 manduca-

277 2820 348 2848 tum
371 2825 461 2848 esse.
509 2814 593 2859 quid
614 2815 694 2849 hine
718 2817 875 2849 factum?
921 2816 1111 2861 imperator
1136 2815 1393 2860 suspicionibus
1420 2817 1517 2851 malis
1540 2816 1733 2861 indulgere,

272 2870 410 2905 pomum
428 2860 665 2896 absconditum
683 2862 868 2908 proferre,
900 2863 1079 2908 coniugem
1101 2861 1271 2898 mendacii
1295 2862 1524 2909 convincere,
1559 2863 1731 2899 excande-
