1864 3242
0 1275 10 1374 ᾖ,

531 176 927 223 ACROPOLITAM
967 176 1166 221 NOTAE.
1470 174 1567 222 269

124 294 170 328 et·
178 285 403 341 quodfsane
423 288 592 326 atrocius
611 294 683 337 est,
712 284 809 326 dum
828 284 969 339 hymni
986 289 1295 337 concinerentur,
1315 285 1379 324 v'el
1391 291 1435 323 ut
1442 287 1566 325 Acro—

121 342 248 398 polita
261 342 390 394 ¹dicit,
431 342 541 382 dum·
559 350 828 382 sacrosanctae
859 344 1003 382 missae
1035 343 1268 384 sacrificium
1298 341 1500 381 offerretur
1526 349 1566 380 et

117 401 250 456 cuitus
281 399 437 439 divinus
466 408 731 452 perageretur.
796 401 989 451 Gregoras
1017 414 1058 453 p.
1087 400 1140 443 65
1169 402 1238 442 23.
1302 400 1448 437 similia
1473 405 1565 438 sunt

120 470 223 511 quae
238 464 371 495 narrat
387 455 580 495 Phranza.
636 459 739 495 Am..
968 482 971 483 ν
1416 482 1420 485 -

140 519 141 522 ’
186 509 211 538 ‘²
231 526 272 566 p.
288 512 375 555 <165
402 527 440 552 v.
466 516 531 554 10.
583 511 634 553 ὀἱ
645 510 746 564 πρδς
760 514 834 553 τοῦ
853 510 1043 565 βασιλέως
1059 508 1346 564 κεκακωμένοι]
1371 508 1564 563 Pachym.

117 583 159 622 p·
183 573 243 613 23³
269 572 334 619 16,
363 569 484 618 2416,
514 568 574 611 64-
599 570 663 619 17,
692 568 746 611 65
773 571 814 610 7.
869 570 971 607 Au..

229 624 285 663 ib.
305 638 345 663 v.
364 624 434 666 24.
490 625 558 666 καὶ
574 628 655 665 τῶν
671 620 856 676 ἀδελφοῖν
875 621 1003 665 αὐτοῦ
1022 617 1222 676 αὐτοβοεὶ]
1242 624 1435 674 Gregoras
1455 635 1497 674 p.
1512 623 1566 662 66

122 684 160 724 1.
218 682 344 721 scriba
360 680 426 719 hic
445 682 494 720 ob
514 681 816 720 similitudinem
835 682 1109 730 obtruncatus,
1139 687 1184 718 ut
1202 678 1245 717 id
1265 692 1422 732 quoque
1440 679 1566 716 obiter

119 737 322 777 advertam
337 767 349 787 ,
379 736 704 790 Theophylactus
722 738 1041 790 nuncupabatur,
1072 743 1234 789 eratque
1255 737 1384 774 affinis
1407 735 1567 786 Georgii

116 793 369 847 Pachymerii
380 793 571 832 historici.
601 794 807 832 audiamus
819 795 867 832 ab
879 796 965 846 ipso
978 794 1078 831 libro
1089 794 1217 845 primo
1228 807 1267 845 p.
1280 793 1333 834 59
1364 793 1430 832 12.
1458 793 1561 829 Am..

228 853 369 904 p·.=166
395 863 434 889 v.
457 853 496 892 7.
526 848 626 901 πρός
648 849 895 903 ὁρκωμοσίας
911 850 1055 902 ἑτέρας]
1089 857 1191 888 certe
1210 851 1244 887 si
1262 861 1431 901 usquam
1452 849 1564 896 alias,

117 905 195 945 hoc
210 914 314 946 certe
334 909 422 945 aevi
437 908 596 945 Graecis
615 906 724 945 hisce
739 905 1012 944 iusiurandum
1031 905 1149 944 ludus
1169 913 1239 953 est,
1270 913 1308 943 et
1328 907 1455 942 iurare
1475 918 1565 942 sae-

115 965 205 1015 pius
222 965 398 1015 peierare
414 958 534 1000 fuerit
546 983 564 1011 ,-
593 964 772 1000 iurarunt
792 962 990 1014 siquidem
1012 975 1193 1014 proceres
1220 963 1416 1012 conceptis
1434 961 1564 998 verbis

116 1033 175 1058 ex:
194 1021 388 1058 sententia
416 1020 663 1070 imperatorIS
675 1048 685 1067 ,
716 1026 930 1070 antequam
944 1020 1013 1056 ille
1031 1026 1268 1066 moreretur,
1298 1031 1340 1056 se
1359 1019 1491 1055 omnia
1513 1015 1564 1054 ad

113 1076 306 1114 amussim
334 1082 556 1113 servaturos
589 1087 691 1127 quae
717 1075 786 1112 ille
817 1077 860 1112 in
882 1081 1118 1112 testamento
1134 1076 1459 1127 praescripseratr,
1491 1072 1564 1110 de-

82 1129 84 1133 ’
113 1131 207 1170 inde
228 1133 362 1170 statim
380 1128 472 1182 post
494 1133 579 1169 eius
599 1131 750 1169 obitum
767 1133 957 1182 peierant.
1015 1144 1110 1168 nam
1140 1144 1230 1168 cum
1252 1144 1294 1168 se
1313 1136 1565 1179 cognosceret

113 1189 163 1226 ob
192 1201 325 1226 rerum
352 1189 570 1226 novitatem
592 1188 818 1239 proceribus
841 1189 1014 1227 invisum
1031 1188 1234 1235 Muzalon,
1275 1188 1344 1238 qui
1362 1186 1564 1236 dignitatis

112 1245 220 1282 illius
247 1244 452 1295 fastigium
478 1256 593 1296 aegre
613 1244 815 1292 ferebant,
856 1257 945 1280 cum
965 1245 1082 1280 multi
1102 1250 1232 1281 essent
1253 1242 1304 1280 ad
1325 1255 1424 1295 quos
1443 1242 1564 1280 simul

113 1308 152 1338 et
170 1301 294 1338 tutela
315 1301 428 1352 pueri
445 1306 484 1338 et
502 1301 660 1351 imperii
679 1298 965 1337 administratio
986 1301 1114 1350 magis
1136 1300 1370 1351 pertineret,
1414 1311 1561 1336 convo-

113 1358 208 1407 catis
235 1357 420 1395 omnibus
447 1358 490 1394 in
521 1358 670 1394 curiam
697 1356 890 1393 submisse
921 1357 976 1393 eis
1000 1357 1235 1402 collocutus,
1275 1353 1383 1392 haud
1406 1355 1561 1392 obstare

111 1414 318 1452 subintulit
340 1426 382 1451 se
401 1419 487 1450 tum
506 1414 663 1464 imperii
686 1411 1022 1449 adminiStratione
1045 1419 1130 1450 tum
1150 1412 1274 1449 tutela
1294 1412 1408 1463 pueri
1426 1424 1562 1449 cessu-

111 1483 212 1510 rum.
270 1481 451 1522 proceres
477 1470 597 1507 simul
623 1469 732 1506 velut
758 1481 810 1506 ex
840 1470 1055 1519 composito
1077 1467 1120 1505 id
1145 1474 1391 1515 recusarunt,
1422 1469 1562 1519 iusque

110 1525 322 1564 iurandum
340 1528 470 1578 priore
488 1527 659 1563 sanctius
677 1524 792 1562 datur
808 1531 894 1561 trun
914 1538 936 1562 a
954 1525 1152 1562 nobiIIbus
1170 1531 1256 1561 tum
1277 1537 1298 1561 a
1317 1524 1433 1575 plebe
1451 1525 1563 1561 mili-

110 1585 207 1630 tari3
249 1583 403 1635 sibique
431 1589 470 1620 et
494 1582 670 1620 fanfiliae
693 1594 787 1619 suae
818 1581 984 1633 quilibet
1008 1582 1175 1618 exitium
1192 1582 1478 1632 imprecantur,
1517 1581 1562 1618 ni

112 1638 222 1692 quod
240 1641 435 1678 iurassent
454 1645 588 1676 sancte
608 1635 842 1684 servassent,
873 1651 918 1674 ac
938 1638 1157 1675 Muzalonis
1177 1638 1355 1684 tutelam,
1386 1639 1561 1688 impera-

110 1692 206 1734 toris
243 1709 336 1734 vero
371 1696 453 1733 filio
487 1696 701 1746 imperium
738 1693 972 1731 insidiarum
1006 1707 1150 1746 expers
1182 1701 1220 1731 et
1244 1694 1480 1731 inviolatum
1509 1691 1561 1730 ad

111 1762 271 1790 omnem
289 1754 559 1804 posteritatem
575 1757 791 1789 tuerentur.
851 1763 941 1787 cum
958 1749 1143 1802 deinceps
1159 1751 1353 1788 exercitus
1372 1751 1413 1787 in
1431 1749 1561 1787 eccle-

111 1811 212 1847 siam
245 1815 376 1846 rueret
404 1815 443 1846 et
466 1809 805 1859 timorelpercitus
832 1807 988 1844 Muzalo
1023 1807 1125 1844 elabi
1165 1813 1393 1855 conaretur,
1435 1805 1559 1843 iidem

109 1878 247 1903 omues
281 1865 422 1913 simul,
468 1877 519 1902 ne
544 1865 612 1901 ille
645 1862 849 1914 egrediens
880 1864 1027 1914 templo
1054 1864 1171 1901 saluti
1200 1876 1293 1900 suae
1319 1861 1556 1913 provideret,

109 1920 238 1958 denuo
258 1919 532 1959 iusiurandum
549 1919 787 1968 adiecerunt,
817 1919 921 1956 velle
942 1933 984 1957 se
1006 1922 1137 1957 omnia
1155 1925 1237 1956 tuta
1262 1931 1363 1971 quae
1383 1920 1558 1970 impera-

108 1985 168 2015 tor
182 1985 456 2029 praeceperat,
495 1984 535 2014 et
561 1976 669 2014 cordi
693 1977 769 2013 sibi
799 1988 883 2013 esse
909 1989 1033 2028 aeque
1055 1989 1100 2013 ac
1119 1977 1319 2027 propriam
1339 1975 1558 2012 Muzalonis

106 2036 244 2072 vitam.
301 2033 396 2071 hinc
421 2046 502 2071 non
531 2034 655 2071 semel
678 2031 748 2070 sed
777 2033 932 2083 saepius
961 2046 1002 2070 se
1033 2033 1222 2082 religione
1243 2032 1556 2069 obstrinxerant:

108 2097 148 2128 et
173 2097 309 2128 tamen
342 2103 432 2128 cum
458 2102 518 2127 res
542 2091 628 2141 ipsa
657 2095 834 2140 cogeret,
874 2090 957 2126 sive
984 2087 1180 2126 vindictae
1206 2087 1337 2126 studio
1361 2090 1442 2126 sive
1466 2086 1556 2125 odio

107 2149 190 2185 sive
207 2148 391 2198 neglectu
403 2176 414 2196 ,
443 2147 594 2183 utinam
611 2159 692 2183 non
711 2146 885 2196 impulsu
905 2151 944 2181 et
961 2143 1300 2182 adhortationibus
1317 2146 1403 2181 iura
1422 2143 1557 2181 divina

107 2210 225 2256 atque
246 2202 417 2241 humana
437 2203 643 2250 violantes,
663 2203 824 2239 necibus
843 2202 1097 2238 Muzalonum
1114 2214 1256 2238 manus
1276 2199 1434 2238 dedere.
1463 2198 1556 2237 vide

108 2257 209 2312 quae
239 2259 288 2298 de
320 2259 382 2297 his
411 2261 665 2297 sacramentis
693 2265 731 2296 et
762 2259 1076 2295 execrationibus
1107 2264 1263 2309 praeter
1286 2257 1556 2308 Acropolitam

55 2350 60 2354 .
105 2316 281 2354 referunt
299 2317 491 2368 Gregoras
514 2314 692 2352 Phi-anza
714 2322 751 2352 et
769 2312 1065 2365 Pachymerius.
1121 2315 1224 2351 Au..

219 2371 274 2410 ib.
296 2385 335 2410 v.
358 2377 421 2414 17.
478 2375 552 2412 τοῦ
572 2372 682 2423 ἱεροῦ
699 2367 891 2423 βήματος]
926 2370 1022 2423 quid
1039 2371 1158 2408 fuerit
1173 2371 1294 2423 βῆμα,
1323 2367 1415 2406 vide
1435 2369 1553 2406 Glos-

107 2430 254 2468 sarium
270 2430 433 2466 Meursii
451 2424 716 2480 ίιῐπρόθεσις.
771 2429 933 2465 ΒουεΛ.

217 2484 271 2522 ib.
331 2487 406 2525 τοῦ
434 2485 544 2537 ἱεροῦ
572 2480 770 2536 βήματος]
803 2485 996 2534 Gregoras
1018 2482 1088 2520 lib.
1115 2484 1139 2523 3
1174 2496 1212 2533 p.
1235 2481 1287 2522 65
1319 2481 1385 2520 19.
1443 2480 1554 2530 paria

106 2549 198 2580 sunt
217 2554 318 2594 quae
337 2541 451 2579 nobis
471 2541 537 2579 dat
557 2540 758 2578 Phranza:
800 2539 869 2578 sed
890 2539 1051 2576 huiusce
1075 2540 1132 2575 rei
1158 2535 1403 2588 tragoediam
1428 2536 1553 2573 multo

104 2599 247 2636 melius
270 2611 316 2635 ac
332 2598 457 2635 fusius
476 2599 726 2650 prosequitur
745 2595 1026 2648 Pachymerius
1056 2595 1126 2631 lib.
1155 2598 1172 2634 1
1206 2607 1246 2645 p.
1269 2594 1321 2634 55
1354 2594 1392 2632 1.
1448 2593 1552 2629 Am..

218 2653 272 2691 ib.
294 2667 332 2691 v.
354 2656 422 2694 20.
479 2657 662 2694 τοιοῦτον
684 2651 757 2707 γάρ
777 2650 843 2694 τὸν
864 2649 1014 2703 θυμόν]
1038 2663 1173 2688 causas
1192 2650 1291 2687 tanti
1310 2647 1392 2686 odii
1413 2661 1552 2686 recen-

103 2717 164 2748 set
180 2709 465 2762 Pachymerius
490 2710 558 2747 lib.
583 2712 604 2750 1
632 2723 670 2760 p.
690 2710 744 2750 54
769 2713 808 2751 7.
866 2711 966 2746 Am..

214 2780 254 2818 p.
280 2768 358 2808 167
379 2779 418 2803 v.
440 2769 479 2807 3.
536 2766 739 2804 trucidatis
758 2768 838 2802 iam
855 2762 1147 2809 Muzalonibus,
1186 2767 1224 2798 et
1249 2762 1381 2811 inepto
1406 2758 1455 2796 ad
1473 2761 1551 2796 im-

101 2822 322 2873 perandum
339 2824 484 2860 Ioanne
503 2823 712 2859 immatura
732 2820 861 2859 adhuc
882 2827 1030 2868 aetate,
1068 2820 1268 2871 quaeritur
1292 2818 1340 2854 ab
1368 2817 1550 2854 omnibus
