1924 3242
355 168 418 217 64
549 179 555 183 “
742 169 972 215 GEORGII
1004 169 1380 215 ACROROLITAE

353 301 423 340 γον
444 285 500 334 εἷς
519 282 589 338 τὴν
612 283 932 337 Κωνσταντίνου,
966 287 1032 327 καὶ
1051 285 1150 342 πρὸς
1167 285 1259 335 τοὺς
1283 284 1446 336 οῗκείους
1466 284 1611 336 αὖτοὺς
1633 284 1772 341 durna«

353 350 540 406 πόλησαν.
605 354 678 393 τοῦ
705 352 748 393 δὲ
780 351 928 403 ἄστεως
949 357 1019 407 τῆς
1045 355 1296 411 Τζουρουλοῧ
1315 354 1642 410 πολιορκουμένου
1666 353 1766 410 παρ’

347 419 526 469 Ἰταλῶν,
572 414 593 460 ὅ
629 419 817 472 βασιλεὺς
842 419 1024 475 Ἰωάννης
1055 420 1224 477 τριήρεις
1259 420 1395 470 ἱκανὰς
1428 418 1768 474 συσκευασάμενος

351 487 415 527 καὶ
446 482 671 541 στράτευμα
705 487 776 529 οὔκ
810 487 939 543 ὀλίγον
978 489 1078 542 μεθ’
1116 487 1259 530 ἑαυτοῦ
1289 487 1526 543 προσλαβὼν
1556 488 1661 530 κατὰ
1689 491 1767 530 τῶν

298 561 327 596 Β
352 553 508 594 Ἰταλῶν
550 553 745 611 ἐπεχείρει.
812 555 888 597 ἀπὸ
919 556 991 610 μὲν
1019 550 1088 597 οὖν
1114 560 1184 610 τῆς
1214 557 1479 609 Νικομηδείας
1511 553 1676 612 ἀπάρας.
1698 557 1798 600 καὶ<5

349 621 608 677 παραμείψας
640 622 707 663 τὸν
735 620 896 679 χάρακα
929 622 1126 679 ἐπόρθησε
1159 623 1231 677 τὴν
1260 623 1489 675 Δακίβυζαν
1516 621 1593 679 πρὸ
1612 626 1772 678 καιροῦ,

348 689 414 728 καὶ
436 688 596 741 κατέσχε
619 687 785 743 ταύτην,
821 691 978 746 προσέτι
1000 692 1041 732 δὲ
1063 693 1127 732 καὶ
1146 690 1190 733 τὸ
1209 694 1281 731 τοῦ
1300 688 1540 744 Νικητιάτου
1563 687 1769 746 φρούριον,
1804 695 1807 698 ’

350 756 416 796 καὶ
447 752 523 811 ὑφ’
555 754 693 798 ἑαυτὸν
715 759 780 798 καὶ
801 762 916 800 τοῦτο
938 760 1153 812 πεποίηκεν.
1221 755 1456 811 ἐδυστύχησε
1483 758 1525 798 δὲ
1545 760 1604 814 τῷ
1621 755 1707 799 τότε
1724 758 1769 799 »ἓν

350 828 437 871 ταῖς
464 820 660 879 τριήρεσιν
692 824 1008 881 ἀπειροπολέμων
1034 825 1155 867 ὄντων
1185 829 1263 867 τῶν
1295 826 1334 866 ἓν
1366 825 1504 874 αὗταΐς
1522 824 1768 878 μαχομένων,

350 891 416 932 καὶ
436 894 508 931 τοῦ
522 890 654 947 Ἰσφρὲ
674 896 744 933 τοῦ
762 893 961 949 Ἀρμενίου
985 895 1039 943 εἰς
1056 892 1165 943 τάξιν
1186 891 1374 947 ἡγεμόνος
1396 894 1436 934 ἒν
1453 890 1606 942 τούτοις
1621 889 1768 947 τυγχῶ-
1780 901 1823 937 10

353 973 488 1007 νοντος
519 960 584 999 καὶ
613 959 867 1016 ὀκνηροτέρου
892 965 1095 1010 τελοῦντος
1125 950 1214 1016 περὶ·
1235 960 1284 1001 τὰ
1308 959 1478 1013 μάχιμα.
1543 963 1770 1016 προϋπῆρχε

353 1025 396 1066 δὲ
427 1024 498 1078 τὴν
527 1030 605 1067 τῶν
631 1026 820 1082 τριήρεων
843 1030 1081 1084 στρατηγίαν
1105 1026 1125 1069 ὃ
1146 1028 1351 1084 Κοντοφρὲ
1370 1026 1571 1081 Μανουὴλ
1586 1028 1768 1083 περιεζω-

352 1092 513 1144 σμένος,
548 1093 646 1150 ἀνὴρ
679 1101 853 1149 γενναῖος
881 1096 951 1150 τὴν
985 1103 1100 1152 χεῖρα
1137 1097 1200 1136 καὶ
1218 1095 1336 1151 Ἄρην
1357 1096 1480 1136 πνέων
1499 1092 1602 1136 κατά
1622 1110 1663 1136 τε
1685 1092 1769 1135 θά-

302 1164 332 1198 C
358 1162 503 1201 λατταν
519 1162 583 1202 καὶ
607 1160 742 1216 ξηράν.
793 1163 894 1203 ἀλλὰ
913 1161 989 1218 πρό
1011 1180 1125 1204 τινων
1147 1161 1303 1217 ἡμερῶν
1322 1162 1572 1217 θρασυτέρας
1589 1160 1662 1210 τὰς
1681 1163 1770 1202 δια-

351 1227 473 1276 λέξεις
507 1229 594 1283 περὶ
622 1233 692 1269 τοῦ
717 1234 903 1270 ναυτικοῦ
919 1229 1019 1285 πρὸς
1036 1230 1103 1271 τὸν
1122 1230 1289 1281 βασιλέα
1308 1227 1568 1282 ποιησάμενος
1603 1225 1770 1284 (εἲρήκει
1781 1237 1822 1273 1⁵

350 1295 417 1334 καὶ
439 1293 515 1349 γὰρ
539 1293 592 1343 ὡς
614 1295 684 1335 οὔκ
706 1294 754 1335 ἂν
781 1294 1048 1348 ἃντωπήσειαν
1069 1303 1156 1345 ταῖς
1170 1296 1377 1345 Ἰταλικαῖς
1398 1293 1594 1352 τριήρεσιν
1614 1295 1655 1336 αἳ
1672 1292 1770 1349 ἦμέ-

348 1377 481 1416 τεραι,
514 1359 585 1402 κᾶν
623 1361 1024 1413 πολλαπλασιάζοιντο
1057 1363 1156 1419 πρὸς
1191 1360 1356 1414 αὐτούς,
1397 1362 1571 1419 ἀκριβῶς
1601 1361 1654 1404 τὰ
1683 1363 1772 1418 περὶ

351 1427 501 1483 ἀμφοῖν
534 1427 815 1483 ἐπιστάμενος)
850 1429 1076 1486 παρεστάλη
1107 1435 1178 1484 τῆς
1205 1429 1435 1485 ἡγεμονίας,
1468 1431 1533 1472 καὶ
1544 1429 1678 1486 ’Ῑσφρὲ
1697 1429 1772 1471 αὗ-

349 1495 421 1548 τὴν
445 1496 640 1546 διεδέξατο
649 1528 662 1547 ,
697 1498 762 1538 καὶ
783 1496 937 1551 ἡττήθη
959 1493 1079 1552 ’ἧτταν
1100 1496 1258 1554 σφόδρα
1275 1495 1413 1551 δεινήν.
1465 1495 1675 1554 τριάκοντα
1693 1496 1770 1553 γὰρ

349 1559 524 1617 ἐξάρχων
557 1562 746 1620 τριήρεων
784 1563 860 1605 ὑπὸ
895 1567 1146 1620 τρισκαίδεκα
1178 1566 1410 1618 ἐκνενίκηται
1419 1595 1432 1616 ,
1478 1565 1543 1606 καὶ
1575 1561 1831 1614 τοσαύταςεο,

349 1627 548 1671 ἀπώλεσεν
581 1628 722 1672 ὁπόσαι
751 1626 854 1686 ἦσαν
883 1636 962 1674 τῶν
990 1634 1191 1674 ἐναντίων·
1222 1630 1364 1685 ἑκάστη
1392 1629 1468 1687 γὰρ
1497 1628 1646 1679 τούτων
1675 1632 1771 1685 μίαν

350 1697 530 1753 ἐκέρδησε
562 1696 743 1754 λάφυρον
778 1699 911 1748 αὐτοῖς
943 1699 1110 1756 ἀνδράσι
1142 1701 1207 1741 καὶ
1240 1698 1386 1748 ὅπλοις.
1454 1699 1520 1740 καὶ
1547 1701 1674 1740 ταῦτα
1699 1699 1772 1752 μὲν

439 1805 459 1838 1
490 1801 875 1838 Κωνσταντινούπολιν
900 1804 931 1839 D
1108 1806 1132 1840 2
1165 1803 1376 1847 Τζουρουλῶ
1407 1805 1602 1848 πολιορκου
1630 1802 1711 1848 ε’νης
1738 1804 1771 1839 D

436 1844 528 1890 παρ’
548 1845 691 1882 Ἰταλῶν
713 1860 764 1883 om
780 1849 812 1882 D
987 1850 1010 1884 3
1033 1850 1295 1893 σκευασάμενος
1313 1851 1343 1883 D
1523 1850 1544 1884 5
1567 1861 1587 1884 o
1615 1861 1636 1884 ν
1653 1849 1719 1884 add
1738 1849 1770 1883 D

441 1895 485 1927 10
506 1890 620 1937 Ἰοφρὲ
644 1894 676 1927 D
811 1896 854 1929 16
875 1893 936 1928 καὶ
957 1893 1026 1938 γὰρ
1051 1907 1102 1928 om
1120 1895 1151 1929 D
1289 1890 1336 1928 ὂὶν
1355 1906 1408 1930 om
1427 1894 1459 1928 D
1591 1892 1771 1938 τριήρεσιν

439 1948 492 1970 om
510 1937 541 1971 D
656 1940 697 1973 17
721 1935 790 1972 κᾶν
807 1958 848 1964 -—
868 1941 909 1973 18
927 1937 1182 1984 ἐπιστάμενος]
1203 1939 1265 1973 καὶ
1282 1940 1312 1973 D
1425 1941 1468 1976 18
1489 1937 1551 1974 καὶ
1569 1936 1590 1974 ὁ
1607 1936 1722 1982 Ἰοφρὲ
1737 1939 1768 1972 D

438 1983 482 2016 19
503 1976 617 2026 ἧτταν
646 1981 791 2027 σφόδρα
820 1982 940 2028 δεινήν
964 1996 1017 2019 om
1030 1985 1062 2019 D
1195 1987 1240 2019 20
1260 1984 1442 2029 νενίκηται
1457 1984 1488 2019 D
1620 1985 1666 2019 21
1689 1981 1768 2019 ἑκά-

438 2037 504 2071 στη
525 2047 569 2052 -
589 2024 706 2069 οὕτως
723 2040 775 2063 om
791 2029 834 2065 D.

349 2117 416 2162 pha
431 2117 569 2151 vinculis
584 2118 735 2162 alligatos
751 2124 785 2153 et
799 2119 925 2164 Cpolim
941 2119 1100 2155 deductos
1114 2120 1330 2155 familiaribus
1344 2118 1569 2154 vendiderunt.
1614 2118 1690 2153 dum
1708 2119 1769 2153 ob·-

348 2163 510 2196 sideretur
537 2164 578 2196 ab
599 2164 692 2197 Italis
712 2165 897 2209 Tzurulus,
926 2166 1066 2200 Ioannes
1084 2167 1265 2211 imperator
1280 2165 1388 2199 multis
1402 2164 1589 2199 triremibus
1601 2164 1773 2198 fabricatis

348 2211 383 2239 et
409 2207 559 2243 exercitu
581 2219 645 2241 non
668 2209 787 2252 exiguo
804 2220 913 2244 secum
929 2212 1091 2244 conducto
1107 2211 1208 2244 Italos
1223 2209 1490 2254 aggrediebatur.
1536 2220 1557 2242 a
1576 2209 1772 2245 Nicomedia

347 2250 524 2284 discedens
540 2256 574 2285 et
590 2253 770 2287 Characem
785 2259 1053 2299 praetergressus
1066 2255 1267 2299 Dacibyzam
1283 2260 1414 2300 praeter
1429 2255 1692 2300 expectationem
1710 2265 1772 2299 op-

346 2300 524 2340 pugnatam
552 2298 737 2341 occupavit.
785 2304 960 2342 praeterea
981 2305 1015 2334 et
1038 2299 1199 2334 Nicetiati
1223 2299 1392 2333 castellum
1408 2299 1443 2333 in
1461 2310 1553 2333 suam
1572 2303 1771 2344 potestatem

346 2340 491 2383 redegit.
536 2340 760 2376 infortunatus
784 2344 989 2378 nihilominus
1004 2346 1036 2378 in
1052 2345 1238 2379 triremibus
1260 2344 1342 2386 fuit,
1369 2355 1439 2378 cum
1454 2345 1510 2388 qui
1524 2345 1557 2378 in
1575 2344 1639 2378 illis
1654 2343 1772 2381 confli-

345 2385 469 2429 gebant
498 2385 585 2419 bello
616 2392 727 2420 essent
755 2387 922 2432 inexperti
949 2395 1050 2433 atque
1075 2389 1212 2429 insueti,
1244 2393 1277 2422 et
1298 2389 1457 2434 Isphreus
1480 2390 1654 2423 Armenius
1674 2387 1772 2427 classi

346 2434 518 2474 praeesset
528 2457 538 2473 ‚
562 2431 650 2464 circa
666 2443 719 2464 res
735 2432 890 2466 militares
906 2434 992 2466 ultra
1006 2445 1102 2478 quam
1118 2445 1179 2478 par
1195 2439 1267 2467 erat
1280 2434 1422 2477 segnior.
1456 2440 1533 2468 ante
1547 2445 1620 2468 eum
1635 2433 1772 2468 Marmei

345 2475 598 2520 Contophreus,
626 2475 678 2509 vir
695 2487 792 2509 manu
812 2482 952 2522 potens,
975 2484 1066 2511 terra
1090 2479 1237 2522 marique
1260 2479 1402 2512 Martem
1420 2479 1568 2524 spirans,
1591 2478 1770 2513 triremium

346 2523 419 2553 erat
441 2521 663 2564 gubernator:
687 2521 744 2554 sed
762 2533 833 2555 cum
848 2528 924 2556 ante
940 2534 1064 2567 paucos
1081 2523 1152 2556 dies
1167 2523 1208 2556 de
1224 2523 1330 2557 classe
1344 2523 1501 2558 audacior
1518 2524 1604 2558 illius
1620 2535 1693 2557 cum
1707 2523 1770 2558 im-

346 2569 502 2610 peratore
520 2566 707 2608 congressio
724 2566 841 2600 fuisset
864 2569 1029 2612 (namque
1043 2568 1174 2601 dixerat
1188 2568 1312 2601 Italicis
1327 2569 1512 2603 triremibus
1527 2580 1693 2613 nunquam
1707 2578 1770 2602 no-

347 2614 453 2651 stras,
475 2610 556 2643 licet
582 2611 682 2644 multo
707 2611 820 2655 plures
841 2612 1000 2655 fuissent,
1025 2611 1182 2657 cumipse
1199 2613 1364 2647 ambarum
1379 2613 1555 2648 facultates
1572 2613 1695 2658 optime
1708 2623 1772 2646 no-

347 2659 459 2688 sceret
469 2679 479 2696 ,
504 2654 641 2688 obviare
655 2655 709 2689 vel
724 2657 887 2690 obsistere
903 2658 1026 2701 posse)
1040 2685 1050 2700 ‚
1074 2658 1285 2702 praefectura
1299 2658 1460 2703 spoliatus
1477 2663 1547 2699 est,
1571 2669 1666 2703 quam
1680 2657 1715 2691 in
1732 2667 1770 2691 se

346 2698 502 2743 Isphreus
527 2704 718 2744 receperat,
741 2701 840 2735 valde
863 2701 1046 2735 miseranda
1067 2702 1205 2735 victoria
1226 2709 1421 2747 superatus:
1446 2715 1518 2738 cum
1534 2703 1618 2738 enim
1633 2701 1771 2746 triginta

346 2744 495 2778 triremes
511 2744 721 2788 conduceret,
744 2757 765 2779 a
778 2746 936 2781 tredecim
951 2747 1132 2781 debellatus
1148 2752 1209 2789 est,
1233 2753 1349 2792 totque
1367 2749 1409 2782 de
1423 2749 1489 2782 suis
1504 2753 1587 2793 quot
1601 2746 1768 2782 erant'ho-

348 2788 444 2824 stium
466 2789 592 2826 amisit:
616 2790 764 2835 singulae
791 2791 876 2827 enim
898 2791 1044 2838 singulas
1072 2803 1144 2827 cum
1169 2792 1251 2838 ipsis
1269 2793 1452 2829 homiuibus
1466 2798 1501 2829 et
1515 2792 1614 2830 armis
1629 2790 1771 2837 spolium
