1924 3242
754 116 1011 164 ANNALES.
1574 117 1604 163 7

167 245 307 289 msc
330 231 392 289 ζῷ’
414 232 595 286 πατρικῷ
625 227 954 285 ἔγκαταστήσαιεν
978 227 1115 288 θρόνῳ
1128 262 1142 282 ,
1173 227 1418 285 ἀναλώματά
1437 246 1478 272 τε
1498 230 1598 288 παρ’

166 296 292 357 αὑτοῦ
314 294 475 351 λάβοιεν
501 294 629 340 ὅπόσα
659 295 708 339 ἂν
735 297 836 339 καθ’
867 295 960 340 ὁδὸν
988 298 1232 342 ἀναλώσαιεν
1261 301 1327 342 καὶ
1359 296 1486 342 ὁπόσα
1509 301 1600 356 περὶ

164 364 238 421 τὴν
268 365 572 409 Κωνσταντίνου
604 363 883 423 βραδύναντες.
952 365 1187 422 ἀνήχθησαν
1209 361 1278 410 οὖν
1298 361 1406 410 οὗτοι
1423 364 1602 424 τριήρεσί

163 450 208 483 τε
232 435 299 476 καὶ
322 434 439 477 ναυσὶ
462 435 626 484 κοίλαις.
693 434 772 476 ἐπεὶ
793 434 836 475 δὲ
849 438 900 490 τῇ
918 436 1221 478 Κωνσταντίνου
1240 434 1511 493 προσώκειλαν
1531 435 1598 481 εὔ-

129 505 293 556 δτυχῶς
323 502 365 544 ἐν
393 499 589 556 πνεύμασι
617 509 758 559 φοροῒς
785 503 1134 557 πεποιημένοι-τὴν
1164 503 1329 556 ἄνοδον,
1362 505 1593 561 γνωρίζουσι
1614 511 1644 547 Β

144 560 246 620 μτοῖς
269 570 353 612 ἐκεῖ
367 569 436 612 τὸν
457 572 604 622 παῖδα,
638 570 710 625 τὴν
738 570 916 622 ἀδικίαν,
951 570 1005 612 τὰ
1027 570 1094 612 διὰ
1116 575 1243 613 ταῦτα
1265 577 1338 614 τοῦ
1354 570 1510 627 Ῥώμης
1535 574 1599 615 ἓν-

159 635 360 693 ηάλματα.
425 639 541 696 μέχρι
565 638 639 692 μὲν
671 632 741 681 οὖν
770 637 878 688 τινὸς
905 636 1014 694 λόγοι
1033 656 1074 681 τε
1094 639 1135 690 ἐξ
1154 638 1391 696 ἀμφοτέρων
1409 639 1598 696 ἐγεγόνει-

161 699 238 762 σαν
262 710 343 749 τῶν
360 710 493 764 μερῶν
513 708 579 749 καὶ
596 704 723 760 μάχαι
747 706 851 751 κατὰ
871 706 1016 764 χερσόν
1040 708 1204 763 ἰσχυραί
1208 739 1223 758 ,
1258 706 1475 760 ’ξυμβάσεις
1494 725 1535 750 τε
1555 710 1598 751 ἐκ

160 778 379 831 πρεσβειῶν
398 774 489 816 οὐδ’
514 773 616 825 ὅλως
634 775 876 828 συνέβαινον.
927 777 1007 817 ἐπεὶ
1029 776 1071 817 δὲ
1089 773 1110 816 ὃ
1129 774 1317 828 βασιλεὺς
1328 775 1498 826 Ἀλέξιος
1515 783 1599 826 τοῖς

105 849 151 901 40
161 839 358 892 τοιούτοις
377 840 586 897 ἀπώκνησε
602 841 832 899 πράγμασι,
866 840 1041 896 μάλιστα
1061 843 1107 885 δέ
1122 860 1164 898 γε
1185 843 1369 900 ἀπείρηκε
1386 850 1470 893 τοῖς
1488 844 1598 894 ἐντὸς

159 912 216 968 εἷς
232 908 422 966 σύγχυσιν
441 909 709 965 ἀποβλέπουσι
727 912 793 952 καὶ
813 915 975 954 νοσοῦσι
990 911 1035 954 τὸ
1057 910 1230 955 ἄστατον
1238 943 1252 963 ,
1285 911 1338 953 τὰ
1355 910 1486 954 πάντα
1501 913 1596 966 χαί-

157 995 241 1038 ρειν
277 977 400 1036 ἐάσας
439 984 548 1036 φυγῇ
586 977 781 1036 ἐχρήσατο
812 977 912 1021 {nebat
942 979 1099 1022 ἀέκοντί
1123 997 1166 1035 γε
1193 983 1341 1038 θυμῷ,
1394 984 1513 1022 τοῦτο
1544 980 1595 1022 ὁὶ·

155 1044 402 1104 προσειπών,
433 1044 488 1098 ὥς
505 1047 542 1090 οἱ
560 1045 771 1101 ἀκηκοότες
788 1046 982 1105 ἔφασκον,
1011 1047 1056 1090 τὸ
1080 1045 1249 1102 “Δαβὶὸ“
1265 1047 1403 1105 φυγὼν
1419 1045 1593 1102 esebon?

114 1107 116 1109 ‚
155 1113 502 1172 προσεπαγόμενός
528 1132 570 1158 τε
603 1117 667 1157 καὶ
699 1115 772 1170 τὴν
800 1123 966 1172 γυναῖκα
995 1118 1060 1158 καὶ
1081 1115 1272 1172 χρήματα
1291 1120 1364 1159 τοῦ
1379 1119 1591 1170 βασιλικοῦ
1613 1122 1643 1157 C

104 1189 147 1239 15
158 1184 335 1236 ταμιείου
369 1181 499 1226 ἱκανά.
568 1184 656 1238 (3)
692 1185 772 1225 ἐπεὶ
800 1188 896 1239 γοῦν
925 1178 1041 1235 οὗτος
1062 1183 1163 1241 ἐξῄει
1180 1189 1252 1238 τῆς
1274 1186 1591 1237 Κωνσταντίνου,

155 1248 418 1307 πρεσβεύουσι
436 1251 536 1307 πρὸς
551 1251 646 1300 τοὺς
659 1251 844 1301 Ἰταλοὺς
867 1252 903 1294 οἶ
927 1251 1141 1309 οἰκήτορες,
1177 1251 1231 1302 ὥς
1251 1251 1299 1294 ἂν
1322 1251 1342 1294 ὃ
1362 1257 1435 1295 τοῦ
1449 1253 1592 1295 Ἰσαα-

156 1319 244 1360 κίου
257 1317 448 1369 Ἀλέξιος,
478 1318 533 1359 δι’
559 1316 624 1369 ὃν,
652 1316 706 1368 ὡς
724 1317 870 1369 ἐδόκει,
894 1319 939 1360 τὸ
957 1318 1134 1372 μάχιμον
1155 1315 1228 1373 ἦν,
1257 1320 1365 1369 ἐντὸς
1387 1322 1591 1375 εἴσαχθείη

155 1388 221 1445 καὶ
245 1385 434 1440 βασιλεὺς
457 1385 756 1442 ἀναγορευθείη.
825 1385 1018 1442 εἰσάγεται
1040 1391 1135 1442 γοῦν
1157 1389 1213 1436 εἷς
1229 1387 1302 1441 τὴν
1323 1386 1438 1429 πόλιν
1460 1386 1480 1429 ὃ
1499 1394 1593 1439 παῖς

153 1446 217 1511 Γε’πὶ
248 1461 337 1503 ταῖς
362 1454 574 1511 προτέραις
605 1452 850 1508 συνθήκαις,
885 1452 950 1504 αἷς
980 1453 1170 1508 ὑπέσχετο
1192 1461 1275 1505 τοῖς
1298 1454 1591 1509 ἀναβιβάσασιν

99 1521 276 1583 ξῠαύτόν
288 1522 476 1572 Ἰταλοῖς,
510 1523 574 1563 καὶ
593 1522 783 1576 βασιλεὺς
799 1523 910 1579 παρὰ
927 1522 1075 1573 παντὸς
1091 1521 1368 1580 ἀναγορεύεται
1387 1528 1459 1566 τοῦ
1476 1527 1590 1567 λαοῦ.

15 517 23 528 ,

7 587 13 596 2

8 605 18 624 ,,

12 729 29 802 3

242 1675 262 1709 1
285 1670 549 1717 καταστήσαιεν
584 1672 616 1706 D
798 1673 822 1707 4
848 1684 886 1707 τε
909 1685 959 1707 om
989 1674 1021 1708 D
1201 1672 1360 1718 εὐτυχῶς
1380 1693 1426 1700 -
1449 1671 1588 1710 ἄνοδον

240 1724 321 1764 post
344 1719 482 1758 κοίλαις
497 1718 593 1764 ponit
608 1718 648 1760 A,
671 1716 913 1761 πεποιημένοι
931 1717 999 1763 τὴν
1018 1715 1156 1754 ἄνοδον
1172 1731 1224 1754 om
1242 1720 1274 1754 D
1322 1723 1327 1726 ’
1380 1721 1402 1754 6
1426 1717 1536 1754 ἐκεῖσε
1554 1721 1586 1754 D

240 1765 264 1799 7
287 1761 325 1806 ἐξ
352 1760 568 1808 ἀμφοτέρων
596 1768 670 1808 post
698 1761 833 1807 μάχαι,
858 1765 986 1798 omissis
1015 1766 1090 1798 τῶν
1110 1766 1231 1810 μερῶν
1252 1769 1287 1799 et
1305 1763 1399 1799 κατὰ
1418 1786 1465 1792 -
1484 1765 1585 1800 συνέ-

242 1810 392 1855 βαινον,
415 1809 446 1842 D
587 1810 629 1843 10
653 1820 691 1853 γε
712 1821 764 1843 om
786 1809 818 1842 D
947 1812 990 1845 12
1013 1808 1107 1845 ἑκών
1124 1830 1170 1836 -
1186 1812 1294 1858 θυμῷ
1312 1823 1364 1845 om
1382 1811 1414 1844 D
1536 1809 1582 1855 δὴ

240 1858 278 1888 et
304 1855 346 1890 13
372 1851 422 1894 ὥς
459 1873 505 1879 -—
534 1851 577 1888 τὸ
607 1858 643 1887 et
663 1855 712 1908 ¹14
736 1853 1057 1899 προσεπαγόμενός
1083 1877 1128 1884 -
1158 1857 1438 1891 Κωνσταντίνον
1470 1867 1523 1890 om
1550 1856 1582 1891 D

240 1901 286 1935 16
306 1897 487 1934 ’Ῑσαακίου
505 1897 587 1938 υἱὸς
602 1896 747 1942 Ἀλεξιος
764 1899 794 1933 D
910 1903 951 1936 17
975 1899 1029 1935 δι’
1046 1921 1091 1928 -
1108 1895 1156 1947 ἦν
1174 1914 1227 1936 om
1242 1902 1274 1937 D
1389 1903 1432 1937 18
1457 1899 1477 1936 ὁ
1495 1903 1583 1943 παῖς

239 1950 276 1979 et
293 1946 335 1981 19
352 1943 547 1991 προτέραις
562 1956 613 1979 om
627 1945 673 1980 D⁴

148 2092 223 2116 eum
246 2081 289 2116 de
310 2081 369 2115 via
391 2081 592 2115 decedentes
618 2084 762 2127 paterno
784 2080 868 2115 solio
892 2081 1131 2126 restituerent,
1159 2084 1309 2127 sumptus
1327 2081 1445 2116 sivein
1460 2081 1579 2117 itinere

147 2127 220 2162 sive
241 2137 260 2161 a
285 2127 330 2162 ud
353 2127 541 2172 Byzantios
561 2138 652 2160 mora
668 2126 832 2171 impensos
848 2127 890 2161 ab
904 2127 978 2172 ipso
992 2128 1210 2172 susciperent.
1253 2127 1444 2161 triremibus
1463 2127 1578 2172 itaquo

147 2177 184 2207 et
195 2173 335 2207 navibus
350 2173 551 2216 conscensis,
572 2171 805 2206 secundissime
819 2173 997 2217 rapacibus
1011 2173 1122 2207 ventis
1138 2173 1204 2207 acti
1219 2172 1350 2218 Cpolim
1366 2173 1579 2218 perveniunt:

145 2215 193 2252 ibi
214 2218 427 2252 manifestant
448 2218 716 2260 adolescentem,
750 2223 885 2263 patrata
911 2218 1060 2262 scelera,
1091 2219 1179 2252 unde
1194 2224 1292 2252 enata
1305 2219 1397 2252 iussa
1408 2217 1578 2264 pontificis

147 2265 227 2297 ante
249 2264 362 2298 oculos
377 2263 516 2298 omnium
532 2268 731 2308 proponunt.
776 2264 945 2306 congressi
958 2268 1035 2298 sunt
1050 2276 1110 2309 per
1124 2266 1228 2298 breve
1241 2268 1389 2308 tempus;
1411 2263 1577 2308 colloquia

145 2306 236 2342 inter
250 2309 362 2344 ambas
376 2314 491 2355 partes
505 2313 758 2354 processerunt3
782 2308 916 2353 praeliis
931 2321 993 2343 nec
1008 2310 1253 2343 contemnendis
1269 2309 1311 2343 ad
1327 2309 1440 2343 urbem
1457 2309 1575 2343 decer-

146 2355 240 2388 nunt.
284 2354 344 2388 sed
366 2354 588 2399 legationibus
612 2354 716 2388 irritis
730 2354 867 2398 gravius
881 2354 1051 2390 dissident.
1094 2355 1146 2389 his
1159 2355 1339 2400 imperator
1355 2354 1487 2388 Alexius
1502 2354 1575 2389 ani-

145 2409 233 2432 mum
260 2397 485 2453 despondens,
507 2400 587 2444 quin
615 2400 680 2433 imo
705 2399 962 2433 tractationibus
985 2401 1104 2435 civium
1128 2400 1274 2435 confusis
1297 2400 1362 2434 illis
1381 2400 1514 2444 quidem
1536 2411 1576 2434 ac

144 2442 280 2478 lubricis
304 2443 480 2489 diffidens,
505 2444 702 2490 contemptis
725 2445 952 2490 neglectisque
973 2447 1121 2480 omnibus
1143 2448 1255 2490 sugam
1269 2445 1432 2491 arripuit,
1453 2450 1575 2490 sponte

144 2488 296 2534 quidem,
333 2489 392 2523 sed
420 2490 571 2524 illubenti
605 2491 732 2534 animo,
772 2502 845 2524 cum
875 2491 958 2525 illud
991 2492 1220 2534 enuntiasset,
1267 2495 1306 2525 ut
1332 2490 1432 2525 auriti
1462 2495 1570 2525 testes

142 2534 313 2579 referunt,
350 2530 490 2569 “David
519 2537 601 2579 fuga
629 2535 768 2570 salutem
799 2536 861 2570 sibi
892 2534 1064 2582 peperit’',
1099 2548 1165 2571 una
1194 2547 1306 2571 secum
1337 2542 1373 2570 et
1403 2547 1507 2570 uxore
1537 2541 1572 2570 et

142 2578 271 2626 ingenti
306 2580 513 2625 pecuniarum
541 2581 578 2615 vi
610 2593 651 2616 ex
678 2582 893 2626 imperatorio
922 2583 1052 2617 aerario
1081 2587 1213 2618 avecta.
1280 2583 1361 2626 (3)
1385 2593 1425 2615 eo
1455 2582 1569 2626 itaque

143 2624 245 2669 Cpoli
275 2635 411 2668 egresso
442 2625 642 2671 legationem
666 2627 759 2661 cives
784 2627 827 2662 ad
853 2627 956 2662 Italos
982 2629 1138 2671 mittunt,
1174 2631 1213 2661 ut
1238 2628 1355 2662 Isaacii
1378 2626 1465 2661 filius
1490 2628 1569 2662 Ale-

142 2669 237 2714 xius,
272 2669 366 2704 cuius
388 2680 508 2713 causa,
537 2677 576 2706 ut
595 2672 788 2718 videbatur,
822 2672 863 2706 ad
886 2683 978 2708 arma.
1003 2675 1191 2720 profectum
1213 2677 1304 2715 erat,
1334 2673 1487 2707 invectus
1508 2672 1569 2706 im-

142 2715 278 2761 perator
310 2715 556 2750 acclamaretur.
629 2729 730 2761 quare
759 2718 970 2761 adolescens,
1018 2720 1138 2764 quibus
1166 2730 1202 2752 se
1232 2718 1432 2753 devinxerat
1464 2717 1567 2750 dedu-

141 2759 294 2795 eentibus
315 2760 426 2806 Italis,
457 2761 703 2798 condicionibus
724 2763 962 2810 introducitur,
995 2771 1028 2799 et
1048 2776 1111 2799 uno
1142 2764 1285 2799 omnium
1309 2775 1368 2799 ore
1389 2764 1569 2809 imperator
