1898 3242
285 169 383 216 254
608 182 611 185 ·
667 169 1041 216 οοΝεΤΔΝΤιΝΙ
1080 169 1364 227 MANASSIS.

282 287 393 329 5970
415 284 488 328 οὐκ
508 283 653 327 ἔδωκεν
673 281 900 329 ἀνάπαυσιν
916 289 1000 337 τοῖς
1017 281 1163 337 ἑαυτοῦ
1180 280 1421 341 κροτάφοις,

415 353 507 395 οὐδὲ
525 350 746 408 βλεφάροις
769 350 1018 408 νυσταγμόν,
1052 352 1145 394 οὐδὲ
1165 359 1253 402 ταῖς
1277 350 1416 407 κόραις
1433 349 1571 403 ῧπνον,

419 422 492 470 ἕως
511 420 605 469 τοὺς
624 418 770 475 λύκους
794 419 917 474 ἤλασε
939 421 1034 470 τοὺς
1054 418 1484 476 προβατοσπαράκτας.

415 490 585 543 ε’πέγνων
602 485 744 530 τούτου
767 488 839 542 τὴν
863 487 977 542 ι’σχῦν
1000 488 1039 530 οἳ
1060 489 1221 531 δυνατοὶ
1244 487 1517 545 Βουλγάρων·

416 555 628 613 ἓβάφησαν
648 562 731 606 τοῖς
753 558 919 610 αῗμασιν
941 557 1095 598 ἐκείνων
1117 553 1316 606 πεδιάδες,

279 625 388 667 5975
413 626 555 680 κορμοὶ
583 626 717 680 δρυῶν
732 625 906 680 ἐγένοντο
929 624 980 667 τὰ
1000 622 1151 666 τούτων
1176 628 1418 678 θνησιμαΐα,
1476 648 1477 651 =

412 693 481 747 ἕλη
505 692 671 747 συνέστη
696 696 902 747 πολλαχοῦ
925 698 1008 742 τοῖς
1028 693 1196 748 ε’κρυεΐσι
1218 689 1369 748 φόνοις.

413 759 501 803 τότε
525 760 697 815 στρατὸς
713 758 961 811 Αὖσονικός,
997 758 1184 815 ὁπλίτης,
1218 760 1292 813 οὐχ
1313 757 1489 815 ὁπλίτης,
1541 778 1543 782 ·

413 834 486 883 τῆς
510 826 675 887 Θρᾴκης
693 827 924 884 κατεχόρευε
941 825 1120 883 βήμασιν
1146 828 1392 884 ἐλευθέροις·

417 895 626 953 ἁπανταχῇ
644 897 721 954 γὰρ
741 896 914 954 ἔστρωτο
936 897 985 938 τὰ
1007 900 1086 938 τῶν
1105 894 1353 952 Βουλγάρων.
1377 893 1515 950 σκῆνη,

279 965 391 1009 5980
411 966 486 1019 οὐχ
504 959 623 1019 ἧττον
649 964 674 1019 ἢ
702 964 754 1007 τὰ
769 963 967 1019 πτώματα
986 963 1111 1007 πάλαι
1122 964 1173 1007 τὰ
1191 968 1270 1006 τῶν
1287 962 1518 1019 Δαρδάνων

418 1035 572 1089 Τροίαν
596 1035 987 1090 σκαμανδρογείτονα
1005 1034 1203 1089 κείροντος
1213 1031 1434 1085 Ἀχιλλέως.

416 1102 576 1155 ἐπέσχεν
593 1096 663 1143 οὖν
685 1099 706 1143 ὃ
723 1100 935 1159 βάρβαρος
952 1105 1024 1143 τοῦ
1041 1099 1225 1157 θράσους
1242 1099 1343 1156 πρὸς
1359 1100 1490 1155 ὀλίγον
1502 1112 1516 1124 ·

415 1170 488 1224 τὴν
511 1170 588 1225 γὰρ
608 1168 896 1226 στρατεύσιμον
918 1168 1049 1222 ἀκμὴν
1075 1167 1174 1211 εἶδεν
1194 1170 1487 1224 ἐρημωθεῖσαν.

415 1240 482 1280 καὶ
499 1236 619 1292 πάλιν
639 1236 860 1292 ἀνηλάλαξε
878 1236 1056 1293 κραυγὰς
1079 1237 1296 1286 ἕνυαλίους,

278 1306 388 1350 5985
413 1307 479 1347 καὶ
501 1303 621 1346 πάλιν
641 1309 772 1362 θροῦν
793 1303 979 1347 ἐσάλπισε
996 1302 1230 1358 σημάντορα
1255 1306 1327 1356 τῆς
1345 1299 1494 1357 μάχης,

413 1375 479 1416 καὶ
497 1371 618 1414 πάλιν
640 1371 660 1415 ὁ
681 1374 894 1422 Βασίλειος
912 1372 1120 1429 ἀμφέθετο
1141 1371 1186 1413 τὸ
1209 1371 1325 1426 ξίφος

410 1443 478 1484 καὶ
499 1439 729 1496 πάγχαλκον
749 1438 943 1494 ἐδούπησε
960 1438 1221 1496 βαρύκτυπον
1241 1438 1406 1490 ἀσπίδα,

412 1507 602 1565 καθάπερ
621 1506 913 1562 πολεμόκλονος
930 1505 1224 1562 τειχεσιπλήτης
1233 1506 1368 1563 Ἄρης,

414 1580 480 1619 καὶ
504 1581 583 1619 πᾶν
609 1577 734 1626 εὐθὺς
749 1574 1002 1630 κατάχαλκον
1026 1577 1168 1631 ἐγίνετο
1192 1576 1344 1617 πεδίον.

275 1646 386 1689 5990
410 1645 597 1701 οὐδὲγὰρ
622 1645 839 1699 ἐνηυλίζετο
865 1642 1075 1697 θαλάμοις
1093 1643 1326 1698 βασιλείοις,

412 1712 467 1763 ὡς
491 1713 691 1770 τρυφερὸν
716 1710 904 1768 κοράσιον
921 1710 1037 1765 ὄψεις
1061 1711 1238 1768 ἀρρένων
1259 1707 1431 1767 φεύγων,

414 1781 507 1823 ἀλλ’
532 1781 685 1837 ἔτεγγον
701 1778 869 1823 ἕωθιναὶ
887 1778 1031 1822 τούτου
1050 1777 1301 1836 βοστρύχους
1328 1776 1483 1834 δρόσοι,

414 1849 485 1899 οὓς
500 1847 625 1891 πάλαι
641 1847 907 1905 ἔκηπεῦσαντο
928 1846 981 1891 τὰ
1001 1852 1073 1903 τῆς
1094 1845 1309 1905 πορφύρας
1327 1844 1455 1903 μύρα.

371 1957 460 1992 5971
493 1954 695 2011 κροτάφοις
723 1954 765 1990 Μ
928 1953 1020 1990 5976
1054 1950 1124 1999 ὕλη
1150 1953 1191 1989 Μ
1367 1952 1459 2007 59ῖ9
1492 1946 1671 1992 {aromo
1702 1945 1735 1980 A

375 2004 467 2038 5980
487 2003 628 2035 παλαια
646 2002 686 2036 Μ
799 2000 888 2036 5981
905 2001 1096 2044 κείραντος
1117 2000 1157 2034 Μ
1268 1998 1360 2034 5982
1380 1997 1568 2039 δαρδανος
1585 1995 1619 2028 R
1687 2003 1733 2026 το

369 2047 514 2090 θράσος
539 2047 570 2081 Α
662 2043 728 2080 ἐπ’
750 2046 791 2081 Μ
947 2047 1040 2082 5983
1067 2044 1171 2090 ἰσχὺν
1194 2045 1235 2080 Μ
1391 2043 1482 2078 5985
1507 2037 1672 2081 ἐσάλπιζε
1702 2037 1734 2072 Α

369 2094 461 2129 5989
484 2090 625 2137 ἐγένετο
645 2093 686 2128 Μ
819 2092 912 2128 5993
930 2089 1038 2128 πόλλ’
1060 2088 1265 2136 ἐκήπευσοὶν
1283 2100 1375 2126 ποτε
1395 2089 1462 2124 AR

280 2196 418 2220 versam
446 2183 563 2218 Asiam
594 2182 787 2228 percurrit,
815 2194 928 2228 neque
955 2182 1027 2217 suis
1046 2182 1153 2217 oculis
1175 2181 1325 2227 quietem
1343 2188 1543 2214 somnumve
1562 2173 1737 2211 concessit

279 2232 403 2274 ullum,
426 2231 537 2263 donec
563 2228 773 2262 laceratores
799 2229 915 2263 ovium
936 2229 1036 2273 lupos
1066 2227 1342 2262 exterminasset.
1387 2227 1571 2259 senserunt
1593 2227 1630 2256 et
1650 2220 1735 2265 Bulf

279 2287 440 2322 garorum
461 2274 643 2319 optimates
675 2275 863 2318 potentiam
888 2275 1018 2319 ipsius,
1051 2273 1180 2318 campis
1203 2283 1318 2307 eorum
1347 2270 1516 2314 sanguine
1532 2267 1674 2311 tinctis,
1698 2270 1736 2301 et

279 2321 507 2356 cadaveribus
530 2319 657 2363 passim
676 2319 917 2363 quercinorum
934 2326 1134 2353 truncorum
1156 2330 1251 2352 more
1272 2316 1402 2362 sparsis
1426 2315 1595 2360 quasique
1612 2312 1734 2346 silvam

277 2368 449 2413 quandam
472 2363 719 2398 efficientibus.
766 2365 892 2398 milites
910 2364 1059 2399 Romani
1077 2370 1147 2398 tam
1172 2362 1289 2408 gravis
1309 2373 1409 2407 quam
1433 2359 1521 2394 levis
1540 2363 1735 2393 armaturae

275 2425 340 2459 per
365 2410 551 2445 Thraciam
573 2409 748 2443 liberrime
770 2414 843 2443 tum
864 2411 1082 2454 vagabantur
1095 2435 1106 2454 ,
1131 2406 1348 2443 examinatim
1365 2405 1556 2461 prostratis
1576 2415 1646 2439 non
1668 2400 1740 2444 mi·-v

277 2471 342 2494 nus
364 2457 494 2501 ubique
523 2455 683 2499 Bulgaris
714 2460 819 2499 atque
850 2455 930 2489 olim
961 2456 1110 2489 Troiani
1131 2454 1259 2500 passim
1283 2465 1377 2487 caesi
1400 2450 1580 2495 iacebant,
1600 2448 1734 2484 Achille

274 2506 371 2550 ipsos
394 2502 604 2536 trucidante.
652 2506 865 2545 quapropter
896 2502 938 2534 de
970 2501 1102 2535 ferocia
1130 2511 1194 2534 sua
1218 2498 1374 2533 nonnihil
1398 2497 1534 2532 remisit
1551 2497 1734 2539 barbarus,

275 2550 336 2595 qui
363 2559 501 2582 suorum
531 2545 676 2580 militum
704 2547 811 2580 robur
833 2546 1022 2580 extinctum
1046 2551 1218 2580 cerneret.
1265 2550 1302 2578 at
1320 2545 1440 2578 eodem
1466 2555 1544 2577 mox
1566 2542 1732 2577 clamores

275 2595 418 2630 bellicos
439 2594 565 2627 edente
584 2591 831 2636 classicumque
851 2591 1016 2634 tollente,
1034 2590 1184 2625 Basilius
1206 2601 1344 2635 quoque
1368 2589 1483 2633 gladio
1506 2601 1545 2623 se
1569 2587 1732 2631 accinge-

276 2644 357 2684 bat,
380 2641 616 2683 aheneumque
641 2644 774 2673 scutum
791 2637 903 2671 instar
925 2636 1050 2670 Martis
1068 2635 1185 2670 bellici
1202 2635 1364 2670 tumultus
1385 2631 1481 2680 pleni
1502 2640 1537 2668 et
1559 2643 1731 2668 murorum

279 2684 526 2731 expugnatoris
558 2683 760 2728 quatiebat,
794 2680 923 2728 campis
953 2686 1159 2716 armatorum
1180 2679 1398 2719 multitudine
1424 2678 1617 2725 completis.
1662 2688 1732 2712 non

280 2733 370 2767 enim
394 2730 529 2765 solebat
551 2729 661 2773 regiis
681 2729 718 2762 in
736 2727 893 2762 thalamis
919 2729 1047 2762 cubare
1060 2754 1070 2772 ‚
1096 2739 1191 2761 more
1216 2727 1385 2762 delicatae
1409 2739 1450 2761 ac
1467 2731 1610 2763 tenerae
1632 2722 1730 2769 puel-

277 2779 355 2821 lae,
377 2788 468 2822 quae
491 2775 644 2810 virorum
664 2778 886 2819 conspectum
900 2773 1007 2818 fugit:
1034 2774 1098 2807 sed
1123 2773 1281 2808 matutini
1300 2785 1399 2807 rores
1423 2771 1599 2814 cincinnos
1621 2769 1732 2815 ipsius

279 2824 479 2870 plerumque
499 2819 794 2866 madefaciebant‚
823 2820 884 2866 qui
908 2818 989 2855 olim
1013 2819 1197 2866 unguentis
1219 2818 1452 2865 imperatoriis
1471 2817 1730 2865 perfundeban-
