1832 3250
233 928 265 962 C

290 213 355 260 60
669 213 1039 259 CONSTANTINI
1076 215 1338 260 MANASSIS

419 341 496 380 προ
518 328 590 367 τοῦ
607 325 700 376 τοὺς
709 324 910 382 ’Έλληνας
931 327 1061 371 ἐλθεῖν
1081 330 1147 371 καὶ
1163 332 1427 385 συγκροτῆσαι
1447 324 1592 384 μάχην.

422 392 885 449 [ἀντιπαρατασσόμενος
900 395 1054 438 ἔθνεσιν
1077 395 1393 452 ἀλλογλώσσοις.]

478 460 774 515 Ἀναιρεθέντος
793 462 835 504 δ’
853 461 1048 520 ’Έκτορος
1064 468 1137 505 τοῦ
1152 464 1492 520 τολμηροκαρὸίου
1508 474 1511 476 ’

287 524 393 569 1355
417 531 692 578 μετακαλεῖται
713 531 901 586 Πρίαμος
919 529 1155 584 συμμάχους
1166 530 1403 584 Ἀμαζόνας·

416 595 482 634 καὶ
499 593 616 638 πάλιν
633 594 742 652 μάχη
763 596 957 654 καρτερά,
988 600 1052 639 καὶ
1071 602 1339 639 θανατοῦνται
1362 602 1501 641 πᾶσαι.

416 660 460 701 ἐκ
479 659 635 704 πάντων
656 659 726 706 οὖν
745 665 965 721 ἀπορηθεὶς
985 664 1006 707 ὃ
1031 666 1289 721 Δαρδανίδης
1306 666 1429 721 γέρων

414 728 471 777 εἷς
485 729 552 771 τὸν
572 731 707 784 Δαβὶὸ
731 732 800 774 τὸν
820 732 971 774 ἄνακτα
989 737 1060 787 τῆς
1071 733 1267 782 Ἰουδαίας
1285 733 1440 786 πέμπει,

415 795 605 852 παλάμην
623 798 894 853 ἐξαιτούμενος
914 800 1169 855 συμμαχικὴν
1185 801 1348 842 ἐκεῖθεν.

286 864 395 904 1360
418 862 509 904 ἀλλ’
535 862 556 905 ὅ
579 866 717 920 Λαβὶδ
737 867 783 909 οὗ
802 864 985 919 δίδωσιν,
1019 869 1093 910 εἴτε
1116 868 1160 910 τὸ
1183 872 1398 922 τηνικαῦτα

418 930 858 988 ἄντιπαρατασσόμενος
876 935 1030 978 ἔθνεσιν
1047 934 1350 991 ἀλλογλώσσοις,

419 997 493 1040 εἴτε
515 1002 580 1041 καὶ
597 1001 1103 1058 μυσαττόμενος-’Έλληνας
1122 1005 1188 1045 καὶ
1208 1001 1444 1059 βαρβάρους

416 1063 472 1115 ὡς
487 1067 544 1121 μὴ
564 1068 661 1110 θεὸν
683 1068 945 1124 γινώσκοντας
962 1071 1052 1112 ἀλλ’
1075 1073 1472 1126 εἲὸωλολατροῦντας,

417 1135 483 1174 καὶ
505 1135 643 1186 δεδιὼς
666 1137 723 1191 μὴ
744 1137 907 1194 ῥέψαιεν
929 1140 984 1188 εἷς
1008 1136 1159 1193 πλᾶνην,
1173 1138 1371 1189 Ἰουδαῖοι,

286 1201 392 1241 1365
417 1201 453 1242 εἶ
472 1203 573 1259 παρ’
600 1204 724 1246 αὐτοῦ’
743 1204 1050 1262 πεμφθήσονται
1074 1204 1276 1259 σύμμαχοι
1292 1213 1374 1256 τοῖς
1391 1205 1432 1247 ἓν
1450 1198 1592 1259 Τρθῖᾳ»

313 1264 335 1281 ⁸
414 1268 514 1324 πρὸς
532 1270 603 1324 τὴν
619 1273 759 1314 κακίαν
772 1272 935 1326 ’ἔχοντες
955 1272 1198 1330 εὖεπιῳόρως
1215 1272 1344 1329 φύσει.

413 1335 483 1377 τὸν
505 1332 577 1379 οὖν
600 1338 807 1394 Ταντάνην
823 1345 901 1382 τῶν
916 1341 1049 1382 Ἰνδῶν
1063 1342 1253 1396 Πριάμος
1272 1336 1443 1390 ἱκετεύει,

412 1406 478 1444 καὶ
495 1405 596 1457 μετὰ
621 1405 803 1461 πλήθους
820 1408 1018 1449 στέλλεται
1039 1409 1220 1460 Μέμνων
1242 1407 1550 1463 ἅπειραρίθμου.

412 1467 433 1510 ὁ
457 1471 499 1512 δὲ
518 1473 689 1527 στρατὸς
704 1469 807 1528 ἦσαν
819 1474 934 1516 Ἰνδοὶ
957 1473 1099 1524 πάντες
1118 1478 1432 1529 μελανοχρῶτες·

281 1538 388 1578 1370
413 1536 559 1594 οὕσπερ
583 1538 933 1596 ἴδόντες“Ἐλληνες
950 1542 991 1583 ἓν
1008 1540 1210 1599 ἀλλοκότῳ
1227 1543 1320 1600 θέᾳ,

409 1607 475 1646 καὶ
499 1605 761 1658 δειλιάσαντες
782 1609 914 1650 αὐτῶν
934 1609 1096 1666 μορφὴν
1120 1611 1185 1651 καὶ
1209 1609 1442 1660 πανοπλίαν,

407 1675 472 1714 καὶ
497 1675 576 1730 ζῷα
597 1676 892 1731 περιτρέσαντες
911 1676 1010 1732 ἅπερ
1029 1677 1148 1718 Ἰνὸἰά
1165 1677 1312 1732 τρέφει,

411 1739 565 1796 νύκτωρ
583 1749 720 1798 φυγεῖν
734 1743 963 1785 ἐσκέπτοντο
981 1745 1046 1786 καὶ
1069 1748 1271 1799 προλιπεῖν
1284 1743 1356 1798 τὴν
1377 1742 1543 1799 Τροίαν.

409 1807 504 1848 ἀλλ’
525 1807 632 1862 ὅμως
654 1809 912 1861 ἀντετάξαντο
934 1810 1034 1868 πρὸς
1052 1811 1144 1862 τούς
1161 1815 1484 1868 κελαινοχρῶτας,

369 1922 457 1957 1353
479 1921 933 1970 ἅντιπαρατασσομὲνουςῒ
962 1923 1028 1961 sed'
1049 1931 1205 1972 praestat
1228 1938 1426 1973 expungere
1457 1936 1594 1960 versum
1614 1923 1706 1958 infra

369 1969 493 2012 (1361)
521 1976 766 2006 recurrentem.
919 2013 922 2016 ¹
946 1973 1032 2007 1356
1059 1970 1216 2015 κρατερὰ
1241 1973 1275 2007 R
1452 1972 1540 2007 1358
1564 1968 1657 2014 πρὸς
1673 1969 1707 2002 R

370 2014 456 2047 1361
483 2011 886 2061 ἅντιπαραταττόμενος
901 2018 934 2051 R
1025 2018 1111 2052 1364
1128 2016 1296 2062 ῥεύσαιεν
1313 2016 1419 2051 MRR
1509 2017 1596 2053 1367
1615 2029 1705 2051 παν-

368 2057 474 2093 uim
491 2057 557 2095 τὸν
578 2058 692 2096 Ἰνδὸν
713 2062 753 2096 Μ
898 2062 987 2098 1374
1007 2061 1258 2108 παρετάξαντο
1279 2063 1313 2097 R
1354 2063 1628 2107 μελανοχρῶτας
1641 2063 1706 2097 AR

277 2158 314 2191 in
334 2162 475 2202 pectore
496 2159 674 2195 cicatrices
694 2162 859 2207 infinitas,
879 2174 964 2208 quas
988 2176 1031 2198 ex
1054 2164 1268 2198 conflictibus
1291 2164 1455 2198 adversus
1473 2164 1568 2197 feros
1587 2165 1706 2196 tauros

277 2210 460 2247 acceperat
482 2206 576 2249 prius
595 2218 694 2251 quam
716 2209 845 2242 Graeci
862 2210 1039 2243 venissent
1060 2215 1095 2243 et
1115 2221 1189 2243 cum
1211 2221 1251 2242 eo
1270 2210 1536 2253 depugnassent.

367 2249 518 2283 Hectore
536 2259 724 2296 perempto,
744 2253 802 2297 qui
824 2254 944 2288 audaci
964 2254 1140 2299 praeditus
1158 2255 1272 2287 fuerat
1292 2255 1406 2297 corde,
1428 2253 1583 2287 Priamus
1602 2251 1706 2286 Ama-

273 2303 378 2327 zonas
404 2295 446 2328 ad
471 2295 552 2328 belli
571 2297 771 2332 societatem
794 2299 949 2332 arcessit.
1005 2300 1122 2343 itaque
1147 2310 1278 2332 rursum
1299 2304 1491 2343 pugnatur,
1525 2302 1561 2331 et
1588 2308 1704 2331 omnes

273 2344 450 2372 necantur.
498 2340 563 2373 hoc
584 2343 682 2375 modo
700 2354 807 2376 senex
820 2343 877 2376 ille
891 2344 1105 2379 Dardanides
1123 2345 1166 2378 ab
1186 2343 1339 2377 omnibus
1357 2344 1553 2385 destitutus,
1571 2343 1615 2376 ad
1631 2342 1703 2376 Da-

272 2383 386 2417 videm
404 2385 551 2420 Iudaeae
571 2397 687 2430 regem
711 2399 790 2421 suos
812 2388 927 2432 mittit,
947 2389 1006 2434 qui
1023 2391 1066 2422 ab
1085 2401 1126 2423 eo
1145 2400 1276 2422 manum
1295 2389 1491 2422 auxiliarem
1508 2392 1703 2432 poscerent.

272 2439 392 2462 verum
409 2429 523 2464 David
542 2430 630 2464 illam
650 2432 739 2466 haud
756 2433 923 2477 porrexit,
945 2434 1020 2468 sive
1038 2434 1074 2468 id
1091 2435 1254 2478 temporis
1274 2433 1398 2467 bellum
1417 2433 1561 2477 gerebat
1578 2434 1702 2467 adver-

271 2484 331 2507 sus
353 2474 507 2508 nationes
530 2481 732 2520 extraneas,
759 2477 833 2513 sive
858 2479 1046 2513 abhorrens
1069 2491 1090 2513 a
1113 2479 1258 2512 Graecis
1281 2478 1379 2512 simul
1404 2484 1440 2512 et
1459 2478 1639 2521 barbaris,
1665 2482 1704 2512 ut

271 2518 332 2563 qui
353 2520 451 2552 deum
475 2532 543 2554 non
565 2528 811 2564 cognoscerent
831 2524 894 2556 sed
918 2525 1073 2557 deastros
1102 2523 1273 2566 colerent,
1299 2535 1340 2557 ac
1363 2522 1495 2557 veritus
1517 2535 1559 2556 ne
1583 2522 1702 2557 Iudaei

271 2564 316 2597 ad
334 2575 484 2598 errorem
505 2565 776 2610 prolaberentur,
800 2567 830 2601 si
848 2570 891 2602 ab
910 2568 986 2612 ipso
1006 2569 1167 2602 Troianis
1186 2568 1367 2602 auxiliares
1385 2568 1505 2613 copiae
1522 2569 1699 2602 mitteren-

271 2612 340 2652 tur,
358 2615 431 2643 cum
450 2609 532 2644 alias
552 2623 572 2644 a
590 2617 711 2646 natura
728 2612 898 2656 proclives
917 2615 960 2647 ad
978 2614 1097 2647 vitium
1114 2615 1240 2648 forent.
1286 2613 1392 2658 igitur
1407 2626 1524 2657 regem
1542 2615 1702 2648 Indorum

273 2653 465 2687 Tantanem
486 2655 640 2689 Priamus
668 2658 711 2690 ad
733 2669 830 2702 opem
854 2657 922 2692 sibi
943 2660 1117 2692 ferendam
1137 2658 1338 2703 suppliciter
1354 2659 1490 2702 invitat,
1513 2665 1549 2693 et
1567 2659 1703 2694 infinita

274 2709 350 2732 cum
366 2699 579 2734 multitudine
599 2701 760 2736 Memnon
782 2703 940 2736 mittitur.
988 2703 1157 2738 exercitus
1181 2708 1257 2737 erat
1276 2704 1426 2747 Indicus,
1450 2716 1564 2738 omnes
1587 2705 1702 2739 colore

274 2743 387 2788 nigro.
433 2756 517 2788 quos
536 2757 610 2780 cum
633 2747 848 2791 aspexissent
869 2749 995 2782 Graeci
1013 2748 1196 2793 peregrino
1218 2748 1330 2783 colore
1351 2750 1538 2794 praeditos,
1560 2750 1700 2784 formam

274 2800 391 2823 eorum
416 2794 452 2823 et
468 2797 670 2825 armaturam
690 2792 816 2835 veriti,
841 2793 1006 2837 simulque
1034 2794 1163 2828 bestias
1188 2794 1261 2827 illas
1288 2795 1510 2828 formidantes
1538 2801 1621 2839 quas
1640 2795 1702 2828 alit

274 2833 384 2879 India,
409 2835 529 2880 fugere
551 2842 654 2872 noctu
674 2837 884 2883 Troiamque
905 2838 1099 2884 relinquere
1120 2839 1330 2885 cogitabant.
1374 2841 1438 2875 sed
1458 2845 1570 2876 tamen
1593 2839 1701 2886 nigris
