1872 3236
157 833 254 872 1³65

218 1721 249 1756 B

281 177 377 234 136
660 174 1035 221 consrfflrnn
1075 139 1339 220 missm

412 290 553 344 δεῖγμα
573 285 847 344 χρηστότητος
864 287 990 332 αὐτοῦ
1002 289 1069 332 καὶ
1090 285 1242 346 τρόπου
1259 284 1568 346 φιλανθρώπου.
1596 315 1598 319 -

412 356 570 412 ἣρπασέ
583 372 643 405 τις
661 361 741 398 τῶν
761 360 834 398 τοῦ
851 361 1026 412 στρατοῦ
1042 358 1287 403 κατοικιδίαν
1307 355 1439 414 ὄρνιν·

278 424 387 468 3155
406 423 534 480 ἤγειρε
550 427 681 479 θροῦν
702 422 724 466 ὃ
740 424 799 480 μὴ
816 428 948 475 καλῶς
967 424 1204 482 ἀφαιρεθεὶς
1224 425 1296 479 τὴν
1318 424 1441 482 ι’ίρνιν.

409 491 554 546 ἤκουσε
574 490 813 549 Βελισάριος
822 524 837 545 ,
870 493 1057 548 ἠχθέσθη
1085 497 1142 550 τῷ
1162 491 1376 546 συμβάντι,

414 559 551 614 ἀνεῦρε
567 559 635 602 τὸν
658 559 906 617 φιλάρπαγα.
974 565 1032 618 τῷ
1052 559 1157 619 ζήλῳ
1179 561 1225 602 δ’
1245 559 1462 619 ὗπερζέσας
1487 594 1495 601 .

412 626 539 669 δεινὸν
560 626 990 685 εἶσπράττεταιποινὴν
1007 627 1107 686 ὑπὲρ
1125 632 1274 684 μικροῦ
1288 628 1465 685 μεγάλην
1477 644 1490 658 ·
1520 664 1522 668 ,

410 693 556 738 κελεύει
572 696 649 752 γὰρ
667 696 736 739 τὸν
757 695 903 739 ἄθλιον
922 698 1318 751 ἀνασκολοπισθῆναι

275 765 387 806 3160
405 765 472 805 καὶ
495 762 644 818 ταύτην
663 765 775 820 δίκην
798 763 985 819 ὑποσχεῖν
1010 770 1082 820 τῆς
1101 766 1315 821 φιλαδίκου
1339 762 1513 820 γνώμης.

413 833 448 874 εἶ
467 831 544 888 γὰρ
567 834 633 874 καὶ
654 833 921 890 προσεφέρετο
941 840 1025 883 τοῖς
1046 833 1180 887 ὄχλοις
1201 831 1502 890 φιλανθρώπως

410 901 477 941 καὶ
497 899 626 953 μέλιτι
648 899 879 956 γλυκάζοντι
899 901 992 953 τοὺς
1011 900 1154 957 λόγους
1170 902 1391 957 συνεκίρνα,

409 967 501 1009 ἀλλ’
522 967 608 1024 ᾔδει
625 970 692 1010 καὶ
712 967 954 1025 πικράζοντα
976 971 1070 1012 ποτὲ
1089 968 1378 1026 παραμιγνύειν

409 1035 512 1078 κατὰ
531 1038 721 1090 δοκίμους
740 1037 904 1094 ἰατροὺς
923 1039 989 1081 καὶ
1008 1038 1377 1094 πολυπειροτέρους.

275 1102 385 1144 3165
404 1103 587 1146 ἐντεῦθεν
611 1109 662 1161 τῇ
682 1106 756 1158 μὲν
779 1110 949 1165 στρατιᾷ
968 1105 1097 1162 φόβος
1114 1106 1265 1160 ἐπῆλθε
1282 1106 1421 1160 μέγας,

410 1173 476 1213 καὶ
499 1172 587 1222 δέος
606 1172 905 1229 ἒκρυστάλλωσε
925 1178 997 1215 τοῦ
1013 1172 1198 1228 πλήθους
1219 1173 1292 1223 τὰς
1315 1175 1504 1230 καρδίας·

410 1240 454 1281 ἐκ
475 1240 518 1282 δὲ
535 1240 713 1294 Λιβύων
734 1246 813 1283 τῶν
835 1243 997 1298 ἐχθρῶν
1016 1241 1150 1296 ἀγάπη
1173 1242 1414 1297 προσετέθη,

408 1309 475 1350 καὶ
496 1306 639 1357 πάντες
661 1306 727 1350 ἶσα
754 1311 819 1350 καὶ
838 1309 936 1351 θεὸν
952 1308 1022 1352 τὸν
1042 1308 1265 1366 στρατηγὸν
1285 1307 1510 1364 εὐφήμουν.

407 1377 592 1418 ἐντεῦθεν
610 1374 848 1431 ὖπερίσχυσε
866 1381 946 1418 τῶν
963 1367 1144 1433 ἐρυμνῶν
1165 1377 1371 1433 φρουρίων

272 1443 384 1484 3170
405 1444 472 1484 καὶ
492 1442 624 1498 πάσης
645 1442 797 1495 πόλεως
815 1448 1004 1501 λαμπρᾶς
1020 1443 1218 1500 εὐπύργου
1241 1445 1532 1501 στερροτείχου.

409 1509 509 1553 αὐτό
526 1529 567 1553 τε
588 1511 634 1553 τὸ
654 1511 937 1568 τρισεύδαιμον
957 1514 1250 1569 Καρχηδονίων
1271 1511 1373 1555 ἄστυ

409 1578 484 1628 τὰς
502 1578 634 1629 πύλας
654 1580 890 1622 ἀνεπέτασεν
905 1594 915 1605 ·
951 1579 1122 1630 ἅπαντες
1139 1581 1215 1636 γὰρ
1233 1579 1422 1634 ἐκθύμως

408 1647 573 1703 ἐφίλουν
591 1646 831 1704 Βελισάριον
848 1646 915 1690 οἷα
941 1650 1094 1704 πατέρα
1113 1651 1265 1698 παῖδες.

410 1713 538 1771 εὑρών
561 1716 603 1757 δὲ
623 1716 674 1758 τὰ
692 1717 881 1769 βασίλεια
903 1718 944 1756 Γ
940 1718 1119 1773 ελίμερος
1143 1718 1265 1759 ἐκεῖσε
1286 1710 1300 1722 ’

273 1782 384 1825 3175
410 1782 584 1826 πλούτου
601 1782 820 1836 θαλάσσας
838 1785 1007 1839 ἤντλησε
1025 1786 1092 1827 καὶ
1114 1783 1321 1838 ποταμοὺς
1331 1779 1568 1840 χρημάτων,

364 1900 456 1936 3154
477 1897 658 1945 ἐξήρπασε
669 1901 704 1936 R
793 1901 885 1937 3158
908 1898 1034 1946 δεινὴν
1051 1901 1156 1936 AMR
1238 1901 1330 1935 3163
1347 1896 1420 1934 εἶδε
1431 1900 1465 1934 R
1555 1900 1648 1935 3166
1669 1898 1739 1946 τὴν

364 1947 570 1990 καρδίανΒ,
705 1947 797 1982 3168
820 1948 902 1993 θεῷ
921 1947 993 1981 AM
1128 1947 1219 1983 3170
1244 1944 1518 1991 στερροπύργου
1535 1945 1601 1980 AR

275 2052 347 2082 stes
366 2048 512 2092 per'nde
536 2048 680 2083 attrahit
708 2052 748 2083 ut
767 2060 910 2093 magnes
931 2049 1074 2083 ferrum.
1122 2047 1312 2094 exemplum
1329 2046 1498 2089 bonitatis
1527 2050 1564 2081 et
1580 2045 1739 2084 humani-

274 2093 357 2127 tatis
378 2093 453 2127 eius
472 2106 556 2138 erga
576 2094 735 2129 subditos
761 2094 826 2127 hoc
847 2104 925 2128 esse
944 2100 1073 2139 potest.
1121 2095 1260 2138 quidam
1279 2092 1375 2127 miles
1394 2104 1493 2126 avem
1517 2092 1738 2126 domesticam

274 2146 452 2182 rapuerat.
501 2152 542 2174 ea
561 2140 622 2184 qui
641 2151 706 2185 per
721 2139 882 2174 iniuriam
900 2139 1067 2184 spoliatus
1090 2146 1177 2182 erat,
1199 2139 1381 2173 clamorem
1396 2137 1652 2178 tumultuarium
1670 2138 1739 2172 tol-

275 2183 332 2217 lit.
378 2195 446 2228 quo
472 2186 611 2228 quidem
630 2185 818 2219 Belisarius
839 2186 958 2219 audito
977 2187 1104 2220 factum
1129 2185 1213 2219 illud
1238 2184 1381 2218 molesto
1402 2182 1483 2217 tulit
1505 2183 1638 2216 animo:
1673 2183 1740 2217 mi·-

276 2228 373 2263 litem
395 2230 528 2274 rapinis
546 2231 699 2265 deditum
724 2231 958 2275 perquirendo
976 2231 1152 2276 repperit;
1179 2230 1356 2264 ardentius
1377 2229 1634 2264 excandescens
1651 2240 1740 2274 poe-

277 2286 355 2309 nam
379 2287 443 2320 pro
478 2275 604 2309 delicto
634 2288 704 2310 non
731 2288 855 2320 magno
883 2283 1035 2310 atrocem
1066 2282 1102 2310 et
1118 2288 1258 2321 gravem
1279 2275 1316 2309 in
1339 2285 1416 2308 eum
1435 2273 1582 2308 statuit:
1608 2275 1741 2320 quippe

280 2320 442 2354 miserum
465 2320 502 2354 in
523 2333 659 2355 crucem
684 2321 741 2365 agi
760 2322 874 2365 iussit,
901 2328 1006 2366 atque
1032 2322 1098 2355 hoc
1117 2321 1279 2366 supplicii
1299 2330 1408 2364 genus
1428 2325 1574 2363 propter
1591 2319 1741 2355 animum

280 2366 429 2402 iniuriae
456 2367 617 2411 cupidum
646 2367 799 2411 perpeti.
847 2367 1002 2412 quamvis
1037 2367 1127 2402 enim
1159 2379 1180 2401 a
1203 2372 1328 2403 natura
1350 2365 1402 2399 sic
1423 2371 1640 2410 comparatus
1664 2371 1747 2406 erat,

278 2418 319 2446 ut
339 2413 599 2457 perhumaniter
629 2424 705 2446 cum
728 2411 923 2447 hominibus
944 2419 1066 2456 ageret
1092 2412 1251 2457 dulcique
1274 2410 1373 2445 melle
1393 2411 1503 2445 verba
1524 2422 1587 2444 sua
1605 2415 1742 2457 tempe-

278 2463 398 2501 raret,
422 2463 539 2492 tamen
567 2459 659 2492 idem
690 2463 791 2491 norat
818 2458 1039 2502 experientes
1066 2464 1102 2492 et
1123 2458 1233 2492 claros
1260 2457 1297 2491 in
1319 2461 1395 2490 arte
1419 2467 1482 2490 sua
1505 2457 1658 2491 medicos
1681 2468 1741 2492 so-

279 2503 353 2541 lere
371 2515 612 2548 nonnunquam
640 2515 757 2538 amara
782 2503 941 2537 miscere.
990 2509 1095 2548 atque
1126 2503 1192 2537 hoc
1214 2504 1307 2537 facto
1326 2507 1531 2536 consecutus
1553 2509 1608 2537 est
1624 2509 1664 2536 ut
1685 2502 1742 2536 in-

280 2562 366 2594 gens
393 2550 530 2594 quidam
557 2561 667 2594 pavor
697 2549 885 2582 exercitum
919 2549 1104 2583 invaderet
1132 2548 1345 2592 militumque
1375 2548 1482 2581 corda
1512 2554 1625 2582 metus
1656 2560 1741 2582 con-

280 2595 489 2639 stringeret:
515 2595 652 2638 Libyca
671 2606 756 2628 vero
781 2594 895 2638 nath),
917 2594 1081 2628 Romanis
1104 2594 1253 2636 infesta,
1277 2592 1483 2627 Belisarium
1509 2593 1743 2628 amareocci-

280 2648 404 2687 peret,
429 2653 470 2675 ac
497 2641 617 2674 ducem
647 2641 737 2674 hunc
761 2640 872 2674 instar
895 2639 1038 2674 alicuius
1063 2639 1121 2674 dei
1143 2638 1302 2673 laudibus
1331 2638 1435 2682 vulgo
1457 2646 1743 2685 prosequeretur.

281 2688 362 2727 hinc
381 2686 532 2721 castellis
552 2685 788 2720 munitissimis
810 2692 846 2719 et
868 2685 1024 2720 omnibus
1043 2685 1144 2719 claris
1166 2685 1310 2719 urbibus
1328 2684 1460 2730 potitus
1489 2691 1556 2721 est.
1601 2691 1685 2719 tunc
1707 2691 1747 2720 et

281 2734 364 2766 urbs
390 2732 553 2778 opulenta
574 2731 914 2776 Carthaginiensium
931 2737 1050 2776 portas
1075 2730 1229 2776 aperuit:
1252 2742 1369 2764 omnes
1388 2730 1477 2764 enim
1502 2735 1578 2765 toto
1601 2736 1747 2776 pectore

281 2779 508 2821 Belisarium‚
533 2789 597 2811 ceu
616 2783 752 2822 patrem
774 2776 899 2820 liberi,
923 2776 1128 2821 diligebant.
1176 2787 1253 2810 cum
1276 2782 1390 2810 autem
1411 2775 1447 2809 in
1470 2777 1570 2822 regia
1588 2776 1743 2810 Gelime-

280 2825 330 2859 ris
356 2823 642 2868 Carthaginiensi
662 2823 827 2858 maximas
850 2834 936 2869 opes
957 2828 1063 2868 atque
1085 2821 1251 2869 pecunias
1284 2821 1523 2868 repperisset,
1563 2822 1650 2863 haec
1667 2821 1746 2867 ipsa
