1832 3250
243 531 272 564 C

239 1410 270 1448 D

291 221 354 265 50
671 214 1040 261 CONSTANTINI
1071 215 1332 260 MANASSIS

423 329 443 372 ὃ
469 329 567 386 πρὸς
582 329 674 379 τοὺς
693 331 840 385 Τρῶας
857 326 1026 383 πόλεμος
1039 327 1224 383 ’Ἑλλησιν
1245 325 1456 385 ἕκροτήθη)

419 396 538 453 χάριν
552 395 709 450 Ἑλένης
730 400 903 452 γαμετῆς
919 395 1040 450 οὕσης
1058 401 1131 440 τοῦ
1155 394 1379 439 Μενελάου.

294 469 401 509 1110
422 463 568 517 ταύτην
589 463 665 519 ἐγώ
679 462 919 517 βουλόμενος
937 463 1008 518 τὴν
1027 462 1159 518 μάχην
1180 463 1387 518 ἱστορῆσαι

426 531 664 581 καθώςτοῖς
687 529 918 588 ἶστορήσασι
939 530 1134 588 γράφεται
1156 525 1244 586 περὶ
1269 528 1427 584 ταύτηςρ

422 601 487 641 καὶ
513 599 666 652 μέλλων
688 599 807 653 λέγειν
828 598 874 640 οὐ
898 598 1037 648 καθὼς
1052 598 1231 653 ’Όμηρος
1251 596 1483 653 ἀναγράφει,

423 664 654 721 συγγνώμην
674 664 927 720 ἔξαιτήσομαι
951 665 1060 720 παρὰ
1075 669 1154 706 τῶν
1176 663 1450 719 εὐγνωμόνων·

415 733 592 789 ’Όμηρος
611 734 686 790 γὰρ
707 732 727 775 ὅ
749 733 933 789 μελιχρὸς
953 732 1023 787 τὴν
1043 736 1220 787 γλῶτταν
1238 734 1304 773 καὶ
1325 731 1528 781 θελξίνους

295 801 399 844 1115
416 799 607 855 μεθόδοις
619 799 823 857 χρώμενος
847 806 992 856 σοφαῖς
1015 802 1215 853 οἰκονομεῖ
1225 799 1318 849 τοὺς
1334 797 1488 854 λόγους,

425 871 580 921 ε’νιαχοῦ
599 869 642 910 δὲ
659 868 710 909 τὰ
733 868 860 909 πολλὰ
886 868 1044 924 στρέφει
1064 869 1129 920 καὶ
1150 867 1422 923 μεταστρέφει.

426 936 529 978 ἀλλὰ
545 936 620 991 γὰρ
639 935 716 989 ἤδη
739 952 809 988 μοι
828 935 964 977 λοιπὸν
981 938 1108 976 ταῦτα
1131 935 1344 989 διηγητέον.

493 1004 565 1059 Τῷ
582 1003 868 1056 Λαομέδοντος
885 1004 995 1043 παιδὶ
1018 1006 1076 1059 τῷ
1100 1006 1369 1058 φυλαρχοῦντι
1395 996 1549 1056 Τρώων

424 1068 600 1127 Πριάμῳ
617 1069 780 1125 σῦζυγος
799 1074 919 1123 συνῆν
931 1068 1081 1123 Ἑκάβη
1100 1076 1193 1118 παῖς
1216 1069 1409 1118 Κισσέως,

295 1140 403 1181 1120
422 1139 487 1179 καὶ
503 1135 634 1194 μήτηρ
655 1135 889 1193 ἐχρημάτισε
905 1141 1060 1178 πολλῶν
1074 1137 1120 1178 ’ἔκ
1138 1134 1279 1178 τούτου
1296 1137 1460 1177 παίδων.

425 1205 570 1258 ἔχουσα
588 1209 681 1259 γοῦν
697 1204 799 1246 κατὰ
819 1204 990 1261 γαστρὸς
1006 1206 1070 1246 καὶ
1087 1204 1186 1260 πρὸς
1211 1204 1255 1245 τὸ
1277 1205 1417 1245 τίκτειν
1433 1195 1535 1243 οὖσα

425 1270 643 1328 φοβήτροις
659 1270 895 1328 ἓκτεθρόητο
916 1273 1110 1326 νυκτέρων
1135 1269 1366 1326 ὀνειράτων·

423 1339 579 1392 βλέπειν
598 1339 675 1395 γὰρ
695 1338 803 1389 ἔδοξε
829 1338 951 1380 δαλὸν
976 1337 1142 1395 φλόγεον
1164 1339 1386 1393 ἄνθ’ρακιάν

426 1407 469 1447 ἐκ
490 1411 561 1460 τῆς
581 1408 718 1455 αἰδοῦς
734 1404 1010 1462 προκύπτοντα
1029 1403 1196 1459 ταύτης,
1224 1405 1289 1445 καὶ
1312 1404 1588 1459 πυρπολοῦντα

293 1472 399 1515 1125
421 1473 492 1527 τὴν
513 1472 626 1514 πόλιν
648 1472 808 1515 ἅπασαν
829 1471 932 1526 ὅμοῧ
952 1474 1017 1513 καὶ
1042 1472 1113 1521 τὰς
1134 1476 1204 1526 τῆς
1218 1471 1326 1526 Ἴδης
1349 1469 1462 1520 ὕλας.

424 1538 554 1584 ἀκούει
572 1544 688 1582 τοῦτο
708 1541 908 1596 Πρίαμος,
943 1546 1026 1589 τοῖς
1042 1537 1204 1592 μάντεσι
1227 1542 1424 1580 κοινοῦται
1437 1550 1448 1560 “

422 1606 618 1661 μανθάνει
635 1605 833 1662 χρήσιμον
853 1607 962 1662 αὐτῷ
979 1607 1162 1661 γενέσθαι
1181 1608 1245 1647 καὶ
1260 1610 1310 1661 τῇ
1326 1604 1449 1656 πόλει,

426 1674 474 1715 ἂν
496 1675 539 1716 τὸ
556 1673 893 1730 γεννηθησόμενον
913 1675 1071 1729 θηρίοις·
1097 1674 1270 1727 ἐκτεθείη

423 1741 449 1794 ἢ
470 1746 525 1797 τῷ
545 1743 639 1796 πυρὶ
665 1745 722 1796 τῷ
744 1745 942 1796 καυστικῴ
962 1740 1061 1794 πρὸς
1081 1739 1250 1796 ὄλεθρον
1273 1739 1416 1796 ῥιφείη.

292 1811 399 1851 1130
420 1808 521 1861 μετὰ
541 1808 682 1864 μικρὸν
703 1808 744 1849 δ’
766 1807 1020 1863 Ἀλέξανδρος
1040 1808 1220 1863 ἐξέθορεν
1241 1810 1296 1857 εἷς
1315 1805 1431 1863 φάος,

419 1877 558 1930 χαρίεν
573 1876 738 1931 βρέφος,
768 1875 973 1930 εὐπρεπές,
1009 1875 1163 1916 ἀστεῖον
1184 1879 1240 1931 τῷ
1260 1872 1473 1931 προσώπῳ.

423 1944 540 1998 ἐχρῆν
558 1944 631 1996 μὲν
653 1937 723 1983 οὗν
740 1942 807 1984 τὸν
819 1943 1007 1998 Πρίαμον
1022 1941 1274 1996 μελλήσαντα
1295 1942 1393 1996 μηδ’
1421 1939 1523 1988 ὅλως

384 2036 472 2069 1112
494 2034 708 2080 ἀντιγράφει
733 2037 763 2069 Α
900 2036 987 2070 1114
1009 2033 1074 2079 μὲν
1096 2036 1129 2070 R
1282 2036 1368 2070 1116
1393 2031 1515 2078 τρέπει
1535 2032 1570 2066 R
1613 2040 1721 2073 μετα-

380 2079 503 2124 πρέπει
523 2081 587 2115 AR
722 2082 809 2115 1128
827 2078 996 2125 ἐκδοθείη
1014 2082 1047 2115 R
1182 2083 1269 2116 1131
1293 2080 1429 2126 βρέφος
1450 2077 1573 2122 χαρίεν
1595 2076 1630 2109 R

290 2169 352 2192 nos
374 2161 570 2201 moverunt,
596 2158 749 2193 Helenae
773 2170 891 2202 causa,
926 2170 1014 2203 quae
1036 2158 1187 2193 Menelai
1207 2159 1353 2192 coniunx
1377 2160 1463 2191 erat.
1510 2155 1576 2189 hoc
1595 2153 1720 2187 bellum

290 2203 448 2246 equidem
471 2204 653 2238 memoriae
676 2204 873 2248 proditurus
896 2205 1174 2248 quemadmodum
1197 2206 1240 2238 ab
1261 2204 1304 2237 iis
1333 2202 1540 2236 describitur
1559 2199 1618 2244 qui
1636 2198 1720 2232 illud

289 2248 469 2290 viderunt,
494 2249 649 2292 adeoque
674 2250 826 2283 dicturus
850 2250 893 2283 ab
917 2250 1066 2283 Homero
1088 2261 1156 2283 non
1178 2254 1272 2282 recte
1296 2247 1503 2291 descriptum
1525 2256 1623 2286 esse,
1655 2255 1719 2277 ve-

290 2293 388 2326 niam
403 2305 424 2326 a
441 2294 618 2326 benevolis
637 2294 822 2327 lectoribus
846 2295 1038 2337 postulabo.
1085 2306 1161 2328 nam
1183 2294 1353 2327 Homerus
1376 2292 1492 2335 lingua
1513 2290 1659 2324 mellitus
1683 2292 1720 2322 et

290 2338 511 2371 illecebrosus
532 2339 746 2372 narrationes
768 2338 904 2382 quidem
930 2350 1009 2372 suas
1037 2339 1205 2382 instituit,
1238 2337 1430 2372 rationibus
1456 2336 1566 2370 doctis
1595 2339 1718 2367 utens:

292 2394 410 2417 verum
432 2382 558 2416 alicubi
575 2385 740 2427 quaedam
759 2384 871 2417 flectit
887 2388 923 2417 et
939 2384 1095 2418 invertit.
1141 2390 1178 2418 at
1198 2383 1287 2417 euim
1303 2383 1381 2427 ipsa
1397 2393 1453 2415 res
1471 2380 1554 2414 mihi
1571 2391 1717 2413 comme-

291 2428 454 2461 moranda
470 2428 579 2462 venit.

381 2472 472 2506 Filio
493 2472 755 2516 Laomedontis,
786 2473 961 2508 Troianae
981 2473 1093 2516 gentis
1113 2473 1279 2518 principi,
1311 2472 1459 2506 coniunx
1479 2475 1554 2504 erat
1573 2469 1719 2502 Hecuba

293 2517 408 2552 Cissei
427 2517 509 2561 filia,
533 2518 711 2552 multorum
729 2530 748 2550 e
769 2518 889 2551 marito
910 2529 972 2552 suo
994 2518 1144 2552 liberum>
1158 2524 1277 2551 mater.
1324 2518 1410 2551 haec
1432 2527 1503 2550 cum
1524 2524 1718 2558 praegnans

292 2566 386 2598 esset
407 2575 447 2597 ac
469 2563 583 2607 partui
604 2563 728 2604 vicina,
759 2567 997 2596 nocturnorum
1020 2563 1225 2596 somniorum
1245 2561 1529 2596 terriculamentis
1550 2558 1717 2603 percelle-

291 2610 405 2642 batur.
452 2619 529 2643 nam
546 2608 665 2641 videre
682 2607 750 2641 sibi
770 2608 952 2641 videbatur
969 2608 1077 2641 facem
1097 2608 1283 2641 flammeam
1296 2606 1530 2641 carbonariam
1543 2606 1716 2649 prodeun—

291 2657 360 2687 tem
386 2665 405 2686 e
428 2652 588 2686 verendis
610 2653 681 2686 suis
707 2658 743 2686 et.
766 2658 962 2688 exurentem
983 2653 1064 2694 igne
1090 2654 1206 2686 urbem
1231 2652 1425 2686 universam
1446 2663 1514 2684 una
1538 2661 1613 2691 cnm
1634 2649 1717 2683 Idae

291 2697 402 2732 silvis.
448 2698 545 2732 audit
569 2698 820 2741 hocPriamus,
842 2709 916 2731 cum
940 2698 1076 2731 vatibus
1100 2698 1339 2731 communica&
1380 2695 1541 2740 intelligit
1559 2701 1629 2729 tam
1648 2693 1717 2727 sibi

292 2753 392 2788 quam
414 2743 491 2777 urbi
510 2743 593 2776 utile
614 2744 762 2776 futurum
775 2768 784 2785 ‚
810 2742 841 2776 si
861 2744 952 2776 fetus
976 2742 1033 2775 ille
1056 2742 1140 2776 feris
1164 2742 1285 2776 bestiis
1310 2747 1501 2786 exponatur
1521 2740 1577 2774 vel
1597 2742 1640 2774 ad
1660 2739 1716 2772 in-

289 2788 427 2822 teritum
452 2789 626 2822 ardentem
650 2788 685 2821 in
706 2788 819 2832 ignem
842 2787 1055 2822 coniiciatur.
1113 2787 1214 2832 paulo
1240 2791 1320 2832 post
1338 2787 1531 2821 Alexander
1552 2786 1587 2819 in
1607 2785 1715 2818 lucem

289 2833 433 2878 prodiit,
454 2833 566 2868 infans
588 2839 773 2878 venustus,
793 2834 989 2878 {formosus²
1013 2832 1103 2871 facie
1125 2833 1252 2879 lepida.
1297 2834 1449 2868 debebat
1471 2832 1527 2866 hic
1547 2830 1715 2873 Priamus,
