1924 3242
353 181 412 229 10
736 179 969 229 GEORGII-
999 179 1377 223 ACROPOLITAE

348 310 390 335 τε
427 292 580 347 δυσμὴν
621 295 752 335 πᾶσαν
788 292 1056 349 κατέδραμον,
1107 292 1207 336 ἀλλὰ
1239 292 1288 346 δὴ
1319 293 1385 334 καὶ
1415 296 1486 348 τῆς
1519 289 1620 350 ἑῴας
1647 292 1770 350 μέρος

310 382 314 387 ·
349 361 421 403 οὒκ
445 359 617 402 ἔλαττον.
683 364 822 416 πρῶτα
851 361 921 413 μὲν
951 355 1020 403 οὖν
1043 365 1265 418 χειροῦνται
1288 360 1340 402 τὰ
1360 365 1431 414 τῆς
1455 362 1630 414 δυσμῆς,
1663 359 1765 403 πάν-

347 446 427 471 των
454 424 753 483 ὑποφευγόντων
784 427 926 478 αὐτοὺς
956 427 1010 479 ὥς
1025 424 1107 471 ’ὖπό
1136 446 1241 478 τινος
1267 425 1465 482 θεηλάτου
1497 429 1764 481 ἐλαυνομένων

345 499 506 550 πληγῆς.

479 562 522 605 5.
585 560 632 605 Ὅ
659 563 731 616 μὲν
761 556 829 605 οὖν
853 563 1041 616 βασιλεὺς
1059 563 1228 612 Ἀλέξιος
1247 560 1482 617 δ’Άγγελος,
1517 559 1561 604 ὃν
1583 560 1795 619 ‹inodori-5

296 634 328 668 D
350 647 415 671 ναι
447 627 467 671 ὅ
496 627 610 685 λόγος
636 629 777 686 εἰρήκει
807 635 878 685 τῆς
908 633 1228 681 Κωνσταντίνου,
1263 630 1324 671 ε’πὶ
1349 629 1420 684 τὴν
1452 627 1764 678 Φιλιπποῦπολιν

346 695 583 753 ἀφικόμενος
608 699 673 739 καὶ
701 698 757 751 μὴ
788 698 886 754 πρὸς
916 703 995 741 τῶν
1023 697 1237 753 οἰκητόρων
1269 698 1423 750 δεχθεὶς
1440 698 1501 738 ε’πὶ
1521 696 1594 751 τὴν
1612 698 1764 739 Μοσυ-
1809 728 1812 731 »

345 763 530 825 νούπολιν
567 765 805 821 ἀφικνεῖται,
839 766 991 809 κάκεῖσε
1021 765 1093 815 τὰς
1123 764 1330 821 διατριβὰς
1357 766 1535 806 ἐποιεῖτο.
1594 763 1764 814 Ἀλέξιος

347 833 389 874 de*
417 830 437 873 ὃ
466 831 647 884 Δούκας,
679 833 723 883 ὃς
748 833 816 875 τὸν
842 834 928 875 υἱὸν
952 838 1025 875 τοῦ
1043 834 1248 876 Ἰσαακίου
1274 833 1489 883 ἀπέκτεινε,
1517 829 1763 885 ’βουλόμενος

343 901 386 941 ἓν.
409 898 554 954 κήδους
575 901 682 958 αὐτῷ
698 899 1060 957 προσαρμόσασθαι
1088 900 1172 954 ἅμα
1201 918 1242 942 τε
1271 900 1339 942 τὸν
1362 904 1435 942 τοῦ
1451 900 1657 942 Ἰσαακίου
1675 898 1762 941 viar
1773 907 1816 950 20

342 965 553 1024 πεφόνευκε
578 970 641 1010 καὶ
669 967 752 1022 ἅμα
769 969 839 1022 τὴν
859 973 931 1011 τοῦ
946 969 1140 1022 βασιλέως
1155 968 1324 1018 Ἀλεξίου
1342 967 1546 1024 θυγατέρα
1565 966 1762 1009 Εὖδοκίαν

342 1034 611 1092 προσηγάγετο
630 1038 684 1086 εἰς
697 1043 882 1091 γυναῖκα,
914 1035 1088 1091 ὑστάτην
1120 1031 1241 1079 οὖσαν
1259 1040 1338 1078 τῶν
1353 1036 1584 1090 θυγατέρων
1602 1035 1761 1076 ἐκείνου.

341 1110 446 1159 τρεῖς
462 1103 538 1160 γὰρ
555 1102 732 1160 ὑπῆρχον
750 1105 877 1160 αὐτῷ,
910 1107 974 1146 καὶ
997 1102 1022 1158 ἦ
1040 1105 1112 1158 μὲν
1128 1102 1263 1159 πρώτη
1283 1101 1432 1159 Εἰρήνη
1449 1100 1759 1154 κατωνομάζετο,

340 1169 390 1224 ἣν
410 1173 474 1212 καὶ
495 1171 608 1228 ἀνδρὶ
627 1173 844 1223 συνέζευξεν
854 1172 1010 1228 Ἀλεξίιιο
1027 1176 1084 1228 τῷ
1101 1170 1386 1227 Παλαιολόγῳ,
1421 1169 1464 1211 ὃν
1485 1171 1549 1211 καὶ
1569 1167 1759 1223 δεσπότην

246 1245 276 1279 Ρ
297 1246 319 1279 5
340 1239 561 1292 τετίμηκεν·
606 1239 707 1280 ἀλλὰ
748 1237 947 1294 προῴχετο
993 1233 1108 1288 οὗτος
1136 1243 1207 1292 τῆς
1235 1238 1535 1279 Κωνσταντίνου
1565 1234 1758 1285 ἆλωσέως.
1770 1240 1811 1276 15

339 1304 366 1358 ἦ
386 1306 428 1347 δὲ
448 1306 609 1361 δευτέρα
628 1307 799 1347 ἐκαλεῖτο
810 1306 927 1347 Ἄννα
937 1337 949 1355 ,
986 1308 1040 1354 εἰς
1054 1305 1102 1358 ἣν
1127 1293 1335 1360 Θεόδωρον
1353 1303 1421 1345 τὸν
1438 1301 1654 1358 Λάσκαριν
1671 1303 1759 1344 ἐπε-

337 1371 597 1428 γάμβρευσεν.
665 1371 690 1426 ἡ
714 1374 755 1414 δὲ
776 1373 886 1428 τρίτη
906 1372 1081 1413 Εὗὸοκιά
1103 1369 1419 1424 κατωνομάζετο,
1452 1369 1500 1424 ἢν
1525 1369 1601 1426 πρὸ
1620 1374 1760 1425 καιροῦ
1800 1371 1808 1378 ’

339 1439 360 1480 ὅ
380 1440 508 1496 πατὴρ
528 1440 649 1493 αὐτῆς
664 1444 721 1496 τῷ
737 1438 863 1496 κράλῃ
883 1441 1054 1495 Σερβίας
1075 1440 1308 1490 συνέζευξεν.
1376 1439 1441 1480 ἐπί
1462 1455 1536 1479 τινι
1560 1437 1602 1478 δὲ
1622 1435 1757 1488 πάθει,

340 1506 395 1556 ὡς
413 1507 586 1564 ἔφασκον
596 1540 608 1558 ,
643 1506 789 1561 ταύτην
807 1501 921 1557 οὗτος
940 1505 1132 1564 φωράσας
1147 1508 1208 1548 ἐπὶ
1224 1506 1291 1548 τὸν
1311 1506 1460 1561 πατέρα
1477 1503 1595 1546 πάλιν
1614 1505 1756 1557 ἐκπέμ-

336 1592 425 1626 πει,
458 1577 523 1617 καὶ
540 1575 669 1629 ἔμενεν
687 1574 824 1624 οὕτως.
890 1573 1037 1630 ταύτην
1057 1573 1205 1630 εἰλήφει
1225 1572 1245 1615 ὅ
1264 1573 1463 1629 εἰρημένος
1477 1570 1811 1620 ΔοῦκαςἈλέ-20

336 1645 441 1693 ξιος,
475 1643 546 1696 τὴν
573 1644 715 1684 οἰκείαν
737 1642 960 1683 καταλιπών
988 1640 1172 1697 γαμετήν.
1241 1639 1295 1687 ὡς
1312 1644 1406 1695 γοῦν
1426 1639 1536 1695 παρὰ
1554 1643 1632 1680 τῶν
1643 1639 1755 1680 Ἰτα-

336 1714 416 1751 λῶν
437 1708 539 1751 ἑάλω
557 1709 582 1765 ἡ
602 1711 925 1760 Κωνσταντίνου,
955 1709 1107 1765 ἀπέδρα
1133 1710 1197 1750 καὶ
1228 1702 1342 1757 οὗτος
1370 1709 1518 1749 ἐκεῖθεν
1524 1738 1537 1757 ,
1572 1704 1756 1762 ἐπιφερό-

334 1794 453 1830 μενος
470 1779 536 1819 καὶ
553 1777 624 1832 τὴν
641 1775 806 1832 σύζυγον
822 1777 1032 1818 Εὗὸοκιάν.
1091 1774 1238 1829 μαθὼν
1259 1776 1300 1816 δὲ
1320 1773 1374 1824 ὥς
1392 1776 1431 1816 ἓν
1448 1771 1753 1821 Μοσυνουπόλει

425 1896 449 1931 3
472 1892 522 1934 ὥς
539 1907 590 1929 om
605 1895 637 1929 D
773 1895 794 1929 6
815 1891 1232 1933 Κωνσταντινουπόλεως
1249 1894 1280 1927 D
1415 1894 1438 1927 6
1453 1895 1488 1926 et
1503 1892 1526 1926 7
1547 1889 1631 1934 περὶ
1652 1890 1752 1934 vulgo

425 1943 447 1975 8
468 1939 535 1980 τὰς
563 1953 613 1974 om
640 1941 670 1974 D
818 1942 860 1975 12
885 1940 935 1979 εἰς
966 1941 1119 1982 γυναῖκα
1147 1936 1392 1982 προσηγάγετο
1421 1937 1453 1972 D
1596 1936 1636 1970 15
1661 1931 1753 1968 ἁλώ-

424 1987 533 2030 σεως]
559 1984 696 2025 πόλεως
711 1985 742 2019 D
869 1987 911 2020 17
933 1983 1213 2028 κατωνομοὲζετο,
1226 1995 1278 2017 om
1299 1984 1329 2017 D
1453 1983 1495 2016 19
1517 1978 1655 2022 ταύτην
1675 1984 1753 2013 ante

424 2028 476 2070 οἷς
501 2032 532 2065 D
698 2025 806 2070 οὗτος
830 2042 881 2063 om
900 2030 931 2063 D
1101 2031 1144 2063 20
1168 2027 1307 2073 ἔμενεν]
1330 2024 1376 2072 ἣν
1393 2028 1424 2061 D
1597 2027 1641 2060 21
1662 2022 1749 2059 Ἀλέ-

423 2078 522 2122 ξιος]
549 2073 567 2111 ὁ
587 2075 873 2120 Μούρτζουφλος
890 2075 920 2109 D
1055 2077 1099 2110 22
1121 2072 1501 2110 Κωνσταντινούπολις
1513 2070 1555 2104 Ι).

335 2178 442 2210 dentis
459 2189 549 2211 oram
567 2189 691 2212 omnem
706 2181 741 2211 et
755 2177 889 2210 orientis
904 2181 1031 2222 partem
1050 2188 1115 2210 non
1130 2176 1289 2210 minimam
1307 2184 1493 2207 excurrere.
1538 2170 1676 2220 primum
1693 2182 1751 2204 oc-

335 2223 474 2256 cidentis
495 2227 606 2268 partes
619 2249 628 2264 ,
661 2223 863 2265 fugientibus
887 2223 1035 2256 omnibus
1055 2227 1211 2266 tanquam
1226 2220 1276 2254 ira
1291 2219 1442 2253 caelitum
1456 2217 1619 2250 invectum
1632 2216 1751 2250 malum

334 2279 393 2310 eos
410 2267 575 2311 abigeret,
600 2269 633 2301 in
650 2268 845 2301 deditionem
861 2268 1026 2311 subigunt.

423 2315 457 2347 5.
502 2313 687 2357 Imperator
713 2312 846 2346 Alexius
871 2313 1034 2355 Angelus,
1069 2321 1165 2354 quem
1188 2312 1286 2342 antea
1301 2307 1396 2352 Cpoli
1411 2306 1595 2340 declinasse
1610 2316 1750 2339 comme-

334 2369 556 2401 moraveram,
595 2357 843 2402 Philippopolim
867 2357 1005 2390 veniens
1028 2367 1089 2389 nec
1115 2356 1155 2388 ab
1181 2354 1299 2387 accolis
1323 2356 1479 2396 exceptus
1505 2351 1750 2395 Mosynupolim

335 2404 501 2445 confugit,
525 2402 579 2435 ubi
598 2413 705 2435 moras
720 2402 884 2434 trahebat.
932 2407 966 2435 at
980 2402 1091 2434 Ducas
1106 2399 1256 2436 Alexius,
1281 2398 1337 2442 qui
1352 2397 1451 2430 filium
1470 2396 1586 2430 Isaacii
1602 2407 1751 2440 pereme-

334 2453 410 2490 rat,
432 2449 516 2481 illius
534 2447 728 2481 affinitatem
748 2447 911 2487 ambiens,
934 2446 1043 2479 statim
1062 2450 1161 2488 atque
1178 2443 1324 2477 Alexium
1339 2441 1519 2485 iugulavit,
1544 2440 1751 2485 imperatoris

332 2493 443 2528 Alexii
457 2494 555 2526 filiam
569 2491 770 2534 Eudocham,
791 2491 930 2524 filiarum
947 2491 1033 2524 illius
1048 2495 1242 2535 postremam
1253 2515 1262 2532 ,
1285 2488 1345 2521 sibi
1360 2487 1393 2520 in
1407 2485 1611 2520 matrimonio
1634 2485 1750 2519 iunxit.

333 2544 404 2572 tres
430 2538 549 2572 etenim
566 2538 647 2572 filias
666 2542 875 2579 susceperat,
899 2547 1036 2580 quarum
1050 2535 1151 2580 prima
1167 2534 1261 2567 Irene
1277 2532 1495 2575 Palaeologo,
1519 2530 1573 2575 qui
1592 2531 1750 2575 despotae

331 2584 494 2627 dignitate
510 2584 699 2616 honestatus
718 2587 795 2615 ante
810 2581 1023 2626 direptionem
1051 2579 1141 2612 urbis
1161 2578 1263 2611 vitam
1287 2578 1435 2619 finierat,
1459 2577 1658 2614 collocatum
1693 2586 1748 2608 se-

333 2629 439 2662 cunda
453 2632 548 2662 Anna
562 2628 737 2661 Theodoro
752 2627 886 2661 Lascari
902 2626 1083 2669 desponsa-3
1106 2624 1290 2657 Eudociam
1312 2623 1445 2656 tertiam
1466 2621 1664 2665 impuberem
1683 2619 1745 2653 ad-

333 2676 398 2708 huc
417 2685 478 2707 nec
502 2678 658 2707 maturam
683 2673 756 2705 viro
779 2672 857 2704 crali
878 2672 1017 2704 Serviae
1036 2674 1168 2713 nuptam
1184 2668 1341 2709 dederat,
1361 2678 1458 2711 quam
1472 2666 1528 2700 ille
1540 2691 1549 2708 ,
1572 2670 1608 2698 ut
1627 2665 1746 2704 aiebat,

332 2720 442 2752 nescio
468 2719 500 2752 in
526 2730 589 2763 quo
614 2718 849 2763 deprehensam
870 2716 957 2761 patri
979 2715 1124 2756 remisit,
1148 2724 1221 2747 cum
1236 2724 1300 2757 quo
1318 2718 1458 2746 aetatem
1477 2711 1626 2754 degebat.
1672 2720 1743 2742 eam

330 2765 442 2799 Ducas
467 2765 616 2803 Alexins,
641 2763 773 2797 exclusa
795 2761 948 2807 propria,
972 2771 1108 2794 uxorem
1124 2759 1228 2793 duxit.
1274 2758 1333 2791 sed
1349 2757 1462 2802 potitis
1478 2756 1568 2790 Italis
1584 2753 1743 2798 Byzantio

330 2810 405 2845 inde
426 2821 536 2846 secum
557 2810 645 2843 inter
667 2808 734 2843 alia
754 2806 1061 2841 uxoremvdeferens
1074 2804 1233 2849 excessit,
1259 2803 1443 2848 certiorque
1462 2803 1568 2836 sactus
1583 2799 1745 2844 Mamu-
