1872 3236
285 203 381 254 140
653 206 922 254 ,CONSTAN
923 205 1046 252 '1'1N1
1079 206 1344 253 MANAssIs

413 317 541 379 φθὸνε
556 353 568 373 ,
601 321 749 378 θηρίον
770 318 973 376 χαλεπόν,
1006 319 1157 379 λῃστά,
1192 325 1340 379 φονεῦ,
1370 322 1534 375 διῶκτα,

225 388 258 423 D
414 392 575 446 σκορπίε
598 388 853 447 μυριόκεντρε
864 422 877 442 ,
910 391 1035 447 τίγρις
1051 389 1358 448 ἀνθρωποβόρε,

275 459 387 499 8250
410 456 608 513 δράκαινα
626 458 955 516 φαρμακεύτρια,
987 457 1140 514 βοτάνη
1165 460 1390 514 θανασίμη,

409 527 529 579 βέλος
552 526 745 584 ἀσίδηρον
756 560 769 579 ‚
803 527 931 582 αἰχμὴ
947 532 1088 570 πασῶν
1103 527 1392 583 τμητικωτέρα,

415 592 482 636 οἷοι
501 601 625 645 ποιεῖς
641 597 708 637 καὶ
732 602 987 653 κακουργεῖς,
1023 594 1090 639 οἷα
1109 595 1218 638 δεινὰ
1240 593 1447 651 τυρεύεις]

412 660 604 722 ὗπερνικᾷ
626 663 671 706 τὸ
696 663 831 715 πάθος
844 683 895 718 με
909 697 922 716 ‚
952 665 1106 720 συγχέει
1121 681 1172 718 με
1188 662 1234 706 τὸ
1253 664 1416 712 πένθος,

413 732 479 772 καὶ
505 735 762 787 προκαλεῖται
779 732 956 788 δάκρυον
977 734 1020 774 ἐκ
1044 737 1124 774 τῶν
1142 733 1250 786 ἐμῶν
1271 729 1477 785 ὀμμάτων.

277 796 385 838 5255
410 799 484 848 ἕως
502 802 568 841 καὶ
588 798 705 853 πότε,
739 800 897 855 λυμεών
909 833 923 852 ,
950 800 1078 850 οὕτως
1094 798 1395 856 ὗπερισχύσειςς

412 868 529 923 μέχρι
552 869 619 910 καὶ
641 871 770 920 τίνος,
804 868 985 920 κάκιστε,
1021 869 1092 912 τὸν
1107 870 1200 922 βίον
1220 866 1492 924 συγκυκήσας,

413 933 579 991 τύραννε
608 936 883 992 κακομήχανε,
919 935 1053 994 φόνιε,
1087 937 1348 994 παντορέκτα.

414 1003 525 1058 κάγώ
544 1003 622 1062 γάρ
635 1037 648 1056 ,
680 1003 736 1055 ὥς
758 1006 830 1048 οὐκ
851 1005 1030 1062 ὤφελον,
1063 1012 1157 1055 σαΐς
1178 1004 1360 1059 ἐμπεσών
1381 1000 1591 1060 παλάμαις

416 1073 484 1113 καὶ
504 1075 711 1130 πειραθείς
727 1090 800 1116 σου
822 1079 902 1117 τῶν
921 1078 1053 1128 βελῶν
1072 1081 1204 1127 κεῖμαι
1218 1073 1362 1130 μικρὸν
1381 1071 1572 1126 ἐμπνέων.

163 1140 194 1175 Ρ
216 1142 262 1178 67
284 1138 395 1180 3260
463 1142 547 1182 Καὶ
566 1146 693 1184 ταῦτα
711 1143 784 1195 μὲν
799 1143 1026 1197 ἐλέχθησαν
1043 1141 1139 1197 ἡμῖν
1156 1143 1198 1183 ἓν
1215 1140 1484 1198 παρεκβάσει·

416 1205 444 1261 ἦ
461 1209 539 1265 γὰρ
561 1211 699 1266 πικρία
718 1215 790 1265 τῆς
807 1216 946 1265 ψυχῆς
964 1214 1099 1253 λαλεῖν
1115 1209 1416 1266 καταναγκάζει.

418 1273 440 1316 ὃ
460 1278 651 1330 βασιλεὺς
677 1279 720 1320 δὲ
735 1276 920 1333 ’ζηλωτὴς
937 1277 1131 1334 ὑπάρχων
1152 1278 1354 1331 εὐσεβείας

415 1344 589 1398 πόλεμον
608 1346 831 1402 ἀνερρίπισε
857 1346 959 1388 κατὰ
982 1351 1063 1388 τῶν
1086 1345 1403 1399 ὁύσσεβούντων,

414 1414 480 1453 καὶ
507 1414 625 1455 πλέον
645 1418 725 1456 τῶν
747 1413 986 1468 ἕλληνιστῶν
1006 1418 1078 1469 τῆς
1097 1412 1338 1468 βωμολόχου
1359 1412 1526 1470 πλάνης,

281 1481 390 1521 3265
413 1479 488 1521 κᾶν
509 1480 674 1538 ὕστερον
702 1481 927 1537 ἀπατηθεὶς
945 1480 1022 1524 ὑπὸ
1042 1486 1160 1524 τινῶν
1180 1481 1380 1537 βεβήλων,

416 1553 467 1605 τῇ
486 1554 566 1591 τῶν
590 1550 966 1607 ἀφθαρτοὸοκητῶν
984 1549 1090 1592 ἑάλω
1110 1552 1336 1610 δυσσεβείᾳ.

491 1612 622 1668 Οὗτος
637 1619 733 1661 ναὸν
750 1621 934 1672 ἐδείματο
957 1618 1025 1661 τὸν
1048 1623 1231 1675 φεραυγῆ
1251 1618 1321 1661 τὸν
1339 1618 1481 1674 μέγαν,

419 1683 466 1726 τὸ
484 1690 557 1727 τοῦ
578 1691 678 1728 θεοῦ
696 1704 777 1740 μου
800 1688 962 1740 τέμενος
975 1719 988 1738 ,
1021 1687 1090 1728 τὸν
1118 1686 1289 1742 οὐρανὸν
1308 1685 1378 1729 τὸν
1394 1684 1518 1739 κάτω,

423 1751 469 1794 ὃν
487 1752 598 1807 οἶμαι
618 1757 686 1796 καὶ
705 1755 757 1797 τὰ
773 1757 953 1812 σεραφὶμ
974 1753 1192 1809 αἰδούμενοι
1213 1752 1430 1808 θαυμάζει.

287 1820 398 1862 3270
417 1819 466 1862 ἄν
483 1822 560 1879 γὰρ
581 1823 678 1874 θεὸς
694 1826 883 1874 καταξιοῖ
899 1823 1030 1877 μένειν
1051 1824 1092 1865 ἓν
1109 1821 1405 1879 χειροκμήτοις,

378 1937 472 1972 3254
492 1941 750 1983 προσκαλεῖται
765 1941 800 1975 R
933 1940 1026 1976 3259
1048 1938 1243 1985 πειραθεὶς
1267 1939 1344 1974 τῶν
1369 1939 1446 1974 σῶν
1477 1939 1595 1984 βελῶν
1628 1940 1750 1983 κεῖμαι

380 1982 515 2025 πικρὸν
537 1986 575 2020 Μ
730 1987 822 2022 3260
849 1986 1059 2031 παραβάσει
1085 1987 1116 2021 Α
1273 1986 1368 2021 3263
1398 1983 1691 2030 ὃνσφημούντων
1710 1985 1751 2020 Μ

378 2029 471 2065 3267
495 2027 661 2077 ἀνήγειρε
684 2032 719 2067 R
860 2033 952 2068 3268
977 2030 1096 2077 κάτω]
1131 2030 1248 2077 μέγαν
1281 2032 1380 2067 ARR
1669 2030 1671 2032 ’

287 2129 528 2183 latrocinati-ix
545 2160 555 2178 ,
578 2133 743 2168 caedibus
770 2137 806 2168 et
826 2134 1128 2179 persecutionibus
1148 2135 1324 2179 gaudens,
1343 2133 1483 2179 scorpio
1501 2131 1648 2166 stimulis
1668 2131 1751 2166 infl-

288 2175 372 2210 mtis
406 2179 586 2223 praedite,
618 2179 720 2224 tigris
760 2180 915 2214 homines
943 2181 1141 2223 devorans,
1188 2181 1381 2223 dracaena,
1418 2178 1600 2221 venefica,
1637 2176 1752 2217 letalis¹

289 2221 418 2267 herba,
438 2223 544 2258 telum
565 2226 652 2259 ferri
673 2237 820 2269 expers,
846 2225 961 2270 cuspis
985 2226 1196 2269 acutissima,
1221 2225 1337 2270 qualia
1352 2224 1514 2269 designas
1537 2228 1574 2256 et
1593 2222 1753 2268 improbe

289 2269 493 2304 committis!
527 2281 613 2314 quas
639 2271 851 2305 calamitates
883 2278 919 2305 et
939 2283 1028 2315 quae
1051 2271 1139 2305 mala
1153 2271 1284 2305 struis!
1310 2269 1422 2304 vincit
1445 2282 1498 2303 me
1522 2268 1641 2312 dolor,
1665 2279 1754 2302 con-

288 2316 408 2348 turbat
437 2315 569 2358 luctus,
599 2322 635 2349 et
662 2316 821 2350 lacrimas
852 2317 1028 2361 exprimit.
1075 2328 1277 2362 quousque,
1309 2315 1505 2361 perditrix,
1535 2319 1668 2348 tantum
1695 2313 1752 2347 vi-

287 2359 379 2394 rium
406 2361 580 2395 habebis?
609 2372 810 2405 quousque,
839 2362 1130 2406 sceleratissima,
1157 2363 1264 2396 vitam
1287 2361 1467 2395 humanam
1500 2358 1754 2406 perturbabis?

290 2418 312 2440 o
327 2411 476 2449 tyranne
509 2406 598 2440 mala
624 2407 845 2451 machinans,
880 2409 1124 2452 sangnfflarie,
1161 2413 1284 2441 cuncta
1306 2412 1489 2452 appetens.
1536 2406 1642 2440 etiam
1662 2404 1757 2450 ipse,

289 2453 384 2496 qnod
418 2463 589 2496 nunquam
615 2453 743 2487 factum
768 2454 942 2497 oportuit,
972 2460 1049 2488 tuas
1074 2454 1111 2488 in
1140 2461 1258 2488 manus
1282 2452 1415 2498 incidi,
1447 2458 1577 2497 tuaque
1599 2450 1672 2486 tela
1690 2461 1755 2485 ex·

288 2503 411 2543 pertus
426 2498 544 2541 iaceo,
566 2509 753 2543 parumper
772 2499 885 2533 adhuc
905 2499 1056 2544 spirans.

381 2544 432 2578 Et
450 2544 617 2578 hactenus
639 2544 726 2578 haec
738 2571 746 2587 ,
771 2550 933 2589 tanquam
953 2545 990 2579 in
1006 2544 1224 2589 digressione
1239 2545 1282 2579 ab
1299 2543 1460 2578 instituto
1474 2569 1485 2587 ‚
1517 2543 1612 2577 dicta
1627 2544 1730 2576 sunto
1744 2552 1756 2575 ε

290 2600 369 2624 nam
391 2589 494 2624 animi
513 2589 665 2624 dolentis
684 2590 871 2633 acerbitas,
897 2596 935 2624 ut
951 2592 1037 2625 haec
1053 2591 1258 2636 proferrem,
1276 2589 1404 2634 coegit.
1453 2594 1628 2624 caeterum
1642 2587 1756 2632 impe·-

290 2641 387 2671 rator
402 2635 566 2671 laudabili
587 2635 721 2680 pietate
754 2635 933 2682 praeditus
946 2663 957 2681 ,
988 2642 1109 2670 contra
1132 2636 1238 2681 impie
1266 2635 1458 2670 sentientes
1482 2646 1523 2668 ac
1548 2633 1756 2680 praesertim

291 2685 461 2718 adversus
485 2680 664 2716 scurrilem
692 2683 907 2716 ethnicorum
938 2694 1091 2717 errorem
1116 2681 1241 2716 bellum
1261 2680 1465 2724 commovit,
1498 2690 1692 2726 quanquam
1711 2678 1758 2713 ad

293 2735 482 2763 extremum
507 2740 528 2762 a
551 2727 708 2773 profanis
741 2729 948 2774 quibusdam
974 2728 1169 2762 hominibus
1191 2728 1358 2772 deceptus
1382 2727 1419 2761 in
1435 2737 1554 2760 eormn
1574 2724 1758 2772 prolapsus

293 2780 350 2809 est
364 2774 577 2818 impietatem
591 2799 601 2816 ‚
627 2773 687 2817 qui
704 2774 901 2819 opinionem
919 2775 963 2808 de
980 2773 1238 2818 incorruptibili
1253 2774 1417 2818 probant.

311 2855 313 2857 ,
384 2820 567 2866 Templum
589 2818 674 2853 illud
700 2820 1015 2865 splendidissimum
1036 2825 1075 2854 et
1103 2819 1346 2864 amplissimum
1370 2817 1544 2861 condidit,
1578 2815 1758 2851 delubrum

296 2866 356 2902 dei
370 2866 459 2911 mei,
484 2866 615 2903 caelum
640 2871 810 2901 terrestre
823 2892 833 2911 ‚
867 2867 961 2911 quod
982 2866 1078 2912 ipsos
1101 2864 1205 2900 etiam
1233 2865 1411 2911 Seraphos
1432 2875 1509 2899 cum
1532 2861 1763 2897 veneratione
