1924 3242
321 185 386 230 52
949 182 1131 244 IOELIS

320 301 401 340 τῶν
421 295 543 355 ἁγίων
571 295 729 340 εἰκόνων
759 298 1016 355 καθαίρεσιν..
1074 295 1215 352 ἴστεψε
1237 297 1281 340 δὲ
1301 295 1370 339 τὸν
1387 295 1474 339 υἱὸν
1496 295 1621 344 azimi:
1638 299 1760 341 Κων-

321 373 538 410 σταντῖνον.
581 367 649 408 καὶ
669 364 775 424 νόσῳ
795 362 1079 422 δυσεντεριάςὸ
1098 366 1331 423 παμμίαρος
1353 366 1419 408 καὶ
1441 363 1628 424 ἀλάστωρ
1647 383 1761 424 περι-

321 433 451 477 πεσὼν
471 433 544 487 τὴν
565 434 703 489 ψυχὴν
728 437 904 492 αἳσχρῶς
921 434 1148 490 ἀπέρρηξεν.

215 524 220 527 ⁴
269 505 299 546 C
455 501 580 544 Μετὰ
610 502 653 543 δὲ
672 503 838 546 Λέοντα
867 503 1096 558 ἐβασίλευσε
1120 502 1423 548 Κωνσταντῖνος
1440 498 1528 550 υἱὸς
1549 499 1674 542 αὐτοῦ’
1691 498 1758 555 ἔτη

320 567 396 620 λό’,
430 569 474 611 ἐκ
496 567 720 612 δεινοτάτου
747 572 904 621 λέοντος
925 567 1189 623 ποικιλωτάτη
1214 565 1434 624 πάρδαλις,
1468 568 1510 609 ἐκ
1535 568 1793 624 σπέρματοςό

319 636 450 692 ὄφεως
483 637 603 688 ἀσπὶς
632 638 738 694 δεινὴ
771 641 838 682 καὶ
869 638 961 696 ὄφις
996 635 1230 692 πετόμενος,
1263 633 1283 677 ὃ
1308 635 1350 676 ἐκ
1373 634 1465 677 Δὰν
1481 634 1763 692 Ἀντίχριστος.

317 698 435 755 οὗτος
465 705 538 759 τὴν
566 705 756 765 πατρῴαν
788 708 996 762 βασιλείαν
1025 704 1112 759 ἅμα
1143 706 1210 747 καὶ
1228 703 1461 757 δυσσέβειαν
1482 701 1762 757 διαδεξάμενος

317 775 451 815 πλεῖον
482 775 551 815 καὶ
581 778 736 828 μᾶλλον
765 776 807 818 ἐκ
835 778 936 818 θεοῦ
967 775 1033 816 καὶ
1054 778 1126 827 τῆς
1145 769 1397 828 θεομήτορος
1417 772 1484 813 καὶ
1503 768 1663 829 πάντων
1682 775 1762 815 τῶν

319 838 442 895 ἁγίων
463 842 654 885 διίστατο.
722 843 817 885 ἀλλ’
853 845 1030 899 αἲσχρῶς
1049 843 1115 884 καὶ
1138 835 1253 890 οὗτος
1274 839 1346 893 τὴν
1368 839 1506 894 ψυχὴν
1531 838 1762 896 ἀπορρήξας

317 906 484 963 θνήσκει
506 914 622 967 ψυχῇ
644 911 711 952 καὶ
731 909 886 965 σώματι
896 942 909 962 ,
946 914 1056 965 βοῶν
1078 909 1282 965 ὀδυνηρῶς
1302 909 1370 949 καὶ
1391 907 1513 962 λέγων
1536 905 1644 958 κζῶν
1665 909 1818 965 πυρῌο

317 975 549 1033 παρεδόθην
571 978 638 1020 διὰ
657 978 729 1032 τὴν
748 977 940 1021 θεοτόκον
957 978 1144 1034 Μαρίαν.
1173 976 1267 1018 ἀλλ’
1289 975 1368 1018 ἀπὸ
1390 979 1462 1017 τοῦ
1479 978 1551 1017 νῦν
1571 973 1762 1029 τιμάσθω

318 1045 386 1086 καὶ
405 1044 659 1098 ἀνυμνείσθω
683 1044 737 1097 ὥς
758 1045 950 1096 θεοτόκος
972 1045 1130 1100 ἀληθὴς
1151 1039 1300 1086 offoca„

262 1119 294 1154 D
451 1113 576 1155 Μετὰ
601 1115 644 1156 δὲ
666 1115 969 1158 Κωνσταντΐνον
990 1115 1242 1167 ἐβασίλευσεν
1265 1109 1285 1153 ὃ
1306 1111 1349 1152 ἔκ
1370 1114 1442 1165 τῆς
1460 1106 1659 1166 Χαζάρας
1675 1109 1763 1161 υἱὸς

317 1178 444 1221 αὐτοῦ
462 1181 588 1223 Λέων
610 1181 675 1236 ἴτη
702 1181 745 1224 ε’.
783 1182 924 1236 ἕστεψε
949 1182 991 1223 δὲ
1015 1183 1082 1223 καὶ
1103 1180 1172 1222 τὸν
1192 1179 1279 1221 υἱὸν
1302 1176 1425 1220 αὑτοῦ
1443 1179 1762 1221 Κωνσταντῖνον.

316 1245 338 1288 ὃ
360 1242 431 1289 οὖν
449 1249 575 1290 Λέων
595 1250 820 1303 λιθομανὴς
837 1247 1028 1303 ὑπάρχων
1054 1246 1220 1302 ἠράσθη
1249 1250 1321 1286 τοῦ
1343 1245 1569 1298 στέμματος
1589 1247 1760 1302 Μαυρι-
1774 1255 1818 1292 15

316 1315 402 1356 m'ov
412 1345 426 1365 ,
473 1316 540 1357 καὶ
564 1315 701 1368 λαβὼν
723 1315 910 1373 ἓφόρεσεν
932 1314 1029 1356 αὐτὸ
1051 1315 1118 1356 καὶ
1140 1316 1358 1369 προῆλθεν.
1426 1310 1523 1354 ὅθεν
1549 1311 1763 1369 ἀπηνθρα-

317 1379 433 1436 κώθη
458 1381 640 1437 δεινῶςὴ
664 1384 819 1441 κεφαλὴ
842 1383 988 1433 αὐτοῦ,
1033 1383 1100 1424 καὶ
1131 1378 1396 1438 σφοδροτάτῳ
1418 1383 1576 1439 πυρετῷ
1599 1379 1763 1438 συνεχό-

298 1466 434 1502 μενος
454 1449 678 1506 ἐτελεύτησε
688 1483 701 1503 ,
735 1456 807 1506 τῆς
826 1451 1048 1508 ἱεροσυλίας
1071 1451 1247 1505 ἐπίχειρα
1269 1446 1548 1502 κομισάμενος.

450 1518 576 1561 Μετιὶ
605 1520 649 1561 δὲ
670 1520 835 1563 Λέοντα
869 1520 1097 1573 ἐβασίλευσε
1133 1518 1436 1565 Κωνσταντῖνος
1468 1512 1489 1557 ὅ
1522 1515 1609 1565 υἱὸς
1638 1516 1764 1558 αὐτοῦ
1797 1553 1802 1558 .

315 1583 383 1640 ἔτη
406 1584 467 1639 ιζ’,
501 1586 571 1643 ἐφ’
596 1581 644 1629 οὗ
675 1588 720 1630 τὸ
742 1592 813 1643 τῆς
841 1587 1041 1640 εὐσεβείας
1065 1583 1195 1641 δόγμα
1221 1584 1363 1638 ἔλαβεν
1386 1582 1513 1639 ἀρχὴν
1533 1583 1817 1640 παρρησιά-ΞΟ

317 1654 458 1704 ζεσθαι
488 1657 554 1696 καὶ
585 1653 606 1696 ὃ
622 1654 754 1711 ,λόγος
772 1660 844 1698 τοῦ
864 1659 966 1697 θεοῦ
985 1652 1270 1695 πλατύνεσθαι.
1336 1651 1438 1705 μετὰ
1456 1652 1498 1692 δὲ
1517 1655 1589 1706 τῆς
1609 1652 1762 1708 μητρὸς

173 1723 202 1756 P
229 1725 293 1762 178
317 1721 444 1764 αὐτοῦ’
465 1720 639 1779 Εἷρήνης
661 1725 935 1778 ἐβασίλευσεν,
973 1720 1061 1778 ἥτις
1091 1722 1158 1764 καὶ
1189 1719 1234 1762 τὸ
1265 1717 1342 1761 ὑπὸ
1375 1723 1448 1761 τοῦ
1468 1718 1616 1774 ἀνδρὸς
1637 1720 1762 1774 αὐτῆς

317 1917 433 1951 darum
454 1917 633 1962 imaginum
654 1917 780 1951 cultum
801 1916 965 1952 aboleret.
1009 1916 1113 1950 filium
1136 1925 1229 1950 suum
1252 1913 1504 1948 Constantinum
1527 1913 1759 1959 imperatorem

317 1963 505 2008 proposuit.
553 1974 666 1996 verum
690 1963 775 1996 haec
799 1961 1064 2006 flagitiosissima
1086 1960 1339 2005 execrandaque
1353 1960 1402 1994 rei
1417 1958 1571 2005 publicae
1585 1960 1693 2005 pestis
1707 1960 1760 1994 vi-

316 2019 447 2042 scerum
465 2009 581 2042 morbo
600 2013 774 2053 correptus
789 2007 1007 2051 ignominiose
1019 2006 1125 2040 vitam
1141 2006 1275 2040 abiecit.

409 2053 515 2088 Leoni
538 2053 701 2087 successit
723 2052 960 2088 Constantinus
983 2052 1072 2086 filius
1087 2052 1120 2086 in
1137 2049 1419 2086 administratione
1436 2048 1563 2094 imperii
1578 2061 1640 2094 per
1654 2061 1760 2085 annos

316 2096 457 2142 triginta
472 2102 651 2143 quattuor,
674 2111 717 2133 ex
741 2098 997 2133 horrendissimo
1026 2098 1124 2132 leone
1149 2096 1396 2131 versutissimus
1410 2095 1554 2140 pardus,
1579 2107 1621 2130 ex
1635 2095 1760 2130 semine

316 2143 484 2188 serpentis
498 2144 588 2189 aspis
602 2144 676 2178 dira
692 2147 728 2178 et
742 2143 917 2178 fulmineus
932 2154 1089 2188 serpens,
1113 2154 1156 2177 ex
1169 2142 1265 2175 Dano
1278 2140 1513 2175 Antichristus.
1557 2139 1611 2174 hic
1627 2140 1759 2185 paterni

315 2186 447 2232 imperii
471 2193 573 2233 atque
596 2189 779 2236 impietatis
805 2190 903 2224 heres
928 2188 1035 2233 magis
1060 2200 1100 2222 ac
1121 2187 1228 2232 magis
1249 2186 1370 2220 cultum
1386 2185 1551 2229 divinum,
1574 2185 1628 2221 dei
1642 2186 1759 2220 matris

315 2233 454 2277 gloriam
479 2239 738 2279 sanctorumque
764 2234 908 2268 omnium
931 2235 1160 2268 aversabatur.
1206 2232 1264 2267 sed
1279 2231 1332 2265 hic
1347 2241 1478 2275 quoque
1493 2231 1585 2276 turpi
1600 2230 1670 2265 leto
1685 2231 1759 2276 ani-

290 2282 295 2285 *
316 2289 402 2312 mam
431 2279 601 2322 profudit,
625 2291 699 2313 cum
723 2291 864 2324 corpore
890 2280 1037 2314 extincto
1067 2279 1175 2313 anima
1201 2288 1333 2322 quoque
1348 2280 1485 2310 aeterno
1501 2276 1662 2320 supplicio
1679 2287 1747 2310 con·

314 2323 484 2358 demnata.
504 2324 580 2358 ideo
598 2324 694 2358 vivus
710 2324 945 2358 miserabiliter
961 2325 1087 2358 eiulans
1102 2333 1320 2366 maerensque
1335 2322 1611 2366 conquerebatur.
1637 2318 1759 2356 “vivus

313 2367 384 2412 igni
408 2368 551 2403 traditus
575 2380 647 2402 sum
670 2374 809 2414 propter
825 2369 994 2414 deiparam
1009 2369 1162 2405 Mariam.
1207 2367 1268 2402 sed
1283 2367 1326 2401 ab
1341 2367 1405 2400 hoc
1417 2373 1569 2412 tempore
1583 2366 1618 2400 in
1631 2367 1759 2402 honore

315 2424 357 2448 ac
371 2414 589 2448 veneratione
605 2418 677 2447 esto
690 2441 700 2457 ,
724 2425 797 2447 cum
811 2425 893 2447 vere
909 2414 1048 2459 deipara
1062 2411 1140 2449 sit.”

408 2458 661 2492 Constantinum
687 2463 824 2492 secutus
849 2463 902 2492 est
923 2460 958 2492 in
981 2459 1121 2504 imperio
1144 2458 1215 2492 Leo
1239 2467 1280 2490 ex
1299 2456 1452 2490 chazara
1470 2456 1558 2490 filius
1575 2468 1637 2502 per
1646 2467 1757 2492 'annos

316 2503 473 2549 quinque.
520 2505 548 2538 is
570 2503 675 2537 filium
699 2504 950 2538 Constantinum
967 2504 1152 2538 coronavit.
1197 2513 1313 2536 verum
1331 2513 1404 2536 cum
1419 2514 1616 2545 gemmarum
1635 2503 1758 2537 ardore

317 2549 415 2583 nimio
436 2549 617 2592 insaniret,
642 2548 684 2583 ad
707 2560 862 2582 coronam
884 2549 1040 2583 Mauricii
1055 2549 1164 2583 studio
1180 2547 1380 2581 inflammato
1398 2551 1513 2601 raptus
1530 2554 1600 2593 est,
1626 2549 1757 2582 ablata-

315 2605 382 2638 que
397 2594 440 2627 ab
457 2595 599 2628 ecclesia
614 2598 792 2628 exornatus
807 2594 841 2627 in
856 2594 1023 2639 publicum
1040 2594 1175 2639 prodiit.
1224 2592 1299 2625 hinc
1322 2597 1422 2637 caput
1436 2593 1522 2626 illius
1536 2593 1756 2628 carbunculo-

317 2650 389 2673 rum
405 2639 696 2674 vehementissimo
713 2640 826 2673 morbo
842 2640 968 2673 exarsit
979 2666 990 2682 ‚
1013 2640 1085 2685 ipse
1100 2637 1308 2673 rabidissima
1329 2638 1480 2672 haerenti
1504 2638 1592 2673 febri
1612 2639 1755 2673 iactatus

317 2684 409 2718 vitae
423 2685 523 2719 finem
538 2685 668 2730 posuit,
693 2684 856 2728 sacrilegii
870 2684 986 2730 poeuis
1001 2683 1192 2729 persolutis.

406 2730 510 2764 Leoni
526 2730 764 2765 Constantinus
779 2730 868 2763 filius
883 2730 1061 2773 successit,
1099 2729 1273 2773 tenuitque
1297 2728 1469 2773 imperium
1493 2740 1598 2763 annos
1611 2731 1754 2774 septem—

318 2775 435 2810 decim.
481 2777 543 2810 sub
566 2787 607 2810 eo
631 2787 732 2809 verae
757 2775 893 2820 pietatis
907 2775 1061 2820 dogmata
1076 2773 1243 2809 radicibus
1261 2773 1343 2807 actis
1359 2774 1537 2819 propagari
1551 2775 1756 2817 verbumque

318 2821 371 2855 dei
397 2821 505 2856 laxius
530 2820 802 2867 numerosiusque
827 2820 961 2856 dilatari
976 2820 1097 2867 coepit.
1144 2831 1216 2856 cum
1234 2824 1339 2854 matre
1354 2819 1451 2855 Irene
1465 2818 1636 2866 imperium
1649 2818 1754 2855 admi-
