1924 3242
424 166 908 212 CHRONOGRAPHIA
943 164 1374 211 COMPENDIARIA.
1562 162 1631 208 ,27

0 278 21 359 ξ
162 282 306 334 ἑαυτὰς
320 285 396 338 τῆς
417 280 680 339 ἀνθρωπίνης
702 278 937 338 φρονήσεως
957 281 1061 325 κατὰ
1078 282 1248 336 μίμησιν
1269 283 1343 323 τοῦ
1362 278 1517 336 πατρὸς
1535 276 1632 321 ἔαυ-

0 348 18 412 }
161 350 485 397 vanuum-‘h‘oew
507 351 573 393 καὶ
599 347 843 407 ἀνδριάντας
873 347 1021 392 ἑαυτοῦ
1054 350 1159 393 κατὰ
1186 347 1302 392 πόλιν
1333 349 1375 392 ἐν
1405 354 1491 400 τοῖς
1521 353 1635 398 ναοῖς

0 442 13 493 (²
162 419 341 477 ἔστησεν.
405 418 452 463 ὃν
473 419 512 462 οἳ
535 422 780 476 στρατιῶται
807 418 848 460 ἓν
865 420 1069 477 βαλανείῳ
1093 417 1310 473 λουόμενον
1333 419 1634 476 διεχγι-ιρίσαντο,

159 489 227 545 μὴ.
240 489 432 548 φέροντες
449 486 551 546 ὅρᾶν
570 487 623 531 τὰ
643 485 722 530 ὕπὸ
748 487 875 530 αὐτοῦ
898 489 1197 541 παναισχίστως
1218 485 1489 545 πραττόμενα.
1560 485 1632 544 ἔφ’

0 526 17 613 Ξ
128 552 212 602 Εοό
233 558 397 609 Θευδᾶς
418 556 440 600 ὃ
464 558 507 601 ἓν
527 563 617 608 ταῖς
637 554 806 614 πράξεσι
827 554 1178 612 μνημονευόμενος
1197 556 1266 598 τὸν
1281 555 1490 613 Ἰορδάνην
1507 561 1640 611 τεμεῖν

0 615 22 684 {¹
161 626 499 685 ἐπαγγειλάμενος
518 628 586 669 καὶ
609 623 894 684 διαμαρτήσας
915 625 1122 683 ἀνῃρέθη,
1159 626 1226 666 καὶ
1251 622 1272 666 ὅ
1299 623 1452 682 πύργος
1472 629 1546 667 τοῦ
1564 627 1653 677 Σμ-Ἰ

161 696 283 751 λωὰμ
318 695 456 740 ἔπεσεν
484 697 548 739 ἐπὶ
568 694 664 746 τοὺς
688 693 740 750 ιη’
764 694 942 752 ἄνδρας,
977 696 1045 736 καὶ
1067 694 1276 750 Στέφανος
1298 691 1319 736 ὃ
1343 692 1640 751 πρωτομάρτυς

0 726 15 797 ἰ
161 763 453 823 ἐμαρτύρησεν,
487 766 554 808 καὶ
578 767 751 814 Παῦλος
771 764 1013 816 ἐπίστευσεν,
1050 765 1117 806 καὶ
1140 764 1280 805 Φίλων
1300 764 1368 805 καὶ
1383 761 1579 818 Ἰώσηπος
1601 762 1640 805 οἶ

0 821 13 896 Ξ
161 833 204 886 ἐξ
218 831 422 892 Ἑβραίων
441 835 564 892 σοφοὶ
585 834 856 890 ἕγνωρίζοντο.
1660 837 1691 872 Β

0 930 12 957 f
108 907 155 942 10
298 902 427 947 Μετὰ
463 903 507 945 δὲ
534 900 661 945 Γάϊον
692 902 926 956 ἐβασίλευσε
958 897 1169 951 Κλαύδιος
1200 898 1268 956 ἴτη
1295 897 1360 956 ιγ’,
1395 898 1466 957 ἔφ’
1495 893 1545 942 οὗ
1570 901 1638 942 καὶ

0 1020 8 1042 ρ
159 969 343 1030 Μάρκος
364 969 386 1014 ὃ
408 970 690 1028 εῧαγγελιστὴς
711 971 754 1013 ἓν
771 968 970 1029 Αἰγύπτῳ
994 974 1156 1028 πρῶτος
1175 970 1390 1025 ἐκκλησίαν
1411 967 1639 1025 πηξάμενος

159 1040 292 1083 πολλὰ
309 1038 567 1098 μοναστήρια
590 1038 889 1095 συνεστήσατο,
919 1038 1022 1097 ἅπερ
1053 1045 1216 1094 σεμνεΐα
1244 1037 1334 1082 τότε
1363 1036 1641 1097 προσηγορεύ-

158 1112 320 1165 θησαν,
368 1110 437 1152 καὶ
467 1109 514 1152 τὸ
545 1107 659 1166 ἅγιον
691 1109 920 1165 εὐαγγέλιον
951 1106 1263 1166 συνεγράψατο,
1313 1110 1380 1151 καὶ
1410 1108 1477 1150 ἐπ’
1513 1107 1641 1162 αὐτῆς

150 1177 456 1237 Ἀλεξανδρείας
475 1179 690 1234 ἐκκλησίαν
711 1182 872 1236 πρῶτον
895 1176 1183 1233 συνεστήσατο.

109 1247 152 1284 15
194 1250 198 1254 ’
296 1247 424 1291 Μετὰ
453 1248 497 1290 δὲ
517 1245 728 1290 Κλαύδιον
751 1248 985 1301 ἐβασίλευσε
1006 1247 1152 1304 Νέρων
1173 1244 1195 1288 ὃ
1217 1244 1306 1296 υἱὸς
1327 1244 1457 1288 αὐτοῦ
1478 1243 1546 1300 ἴτη
1572 1243 1639 1298 ιδ’,

162 1314 234 1374 ἐφ’
265 1310 315 1358 οὗ
336 1317 476 1371 Σίμων
507 1314 528 1358 ὅ
558 1313 690 1372 μάγος
724 1315 792 1357 διὰ
827 1315 1012 1371 γοητείας
1032 1315 1074 1357 ἐν
1090 1313 1226 1372 Ῥώμῃ
1250 1314 1382 1357 πολλὰ
1402 1321 1550 1370 σημεῖα
1571 1316 1640 1356 καὶ

163 1385 393 1443 φαντασίας
414 1385 604 1428 ἐπιτελῶν
627 1386 695 1427 καὶ
719 1382 864 1426 ἑαυτὸν
881 1383 982 1426 θεὸν
1003 1382 1225 1438 ὀνομάζων.
1279 1385 1353 1426 καί
1371 1400 1466 1426 ποτε
1487 1380 1641 1438 μεσού-

163 1470 240 1509 σης
258 1452 414 1512 ἡμέρας
431 1452 648 1511 προελθὼν
672 1454 728 1503 εἷς
749 1451 794 1495 τὸ
823 1452 1004 1509 θέατρον
1028 1452 1287 1508 ἐπηγγείλατο
1309 1451 1367 1494 δι’
1397 1451 1517 1510 ἀέρος
1539 1451 1642 1494 ἄνα-
1666 1452 1698 1488 0

162 1519 361 1565 πτάσθαι.
431 1516 482 1564 οὗ
507 1521 721 1579 γενομένου
754 1519 1077 1578 προσευξάμενος
1111 1519 1133 1563 ὅ
1164 1522 1328 1578 Πέτρος
1357 1522 1425 1563 καὶ
1458 1521 1645 1572 ἀτενίσας

106 1588 246 1635 meins
267 1595 327 1650 τῷ
347 1591 504 1646 Σίμωνι
522 1589 590 1633 “εἶ
608 1588 835 1640 ἀπόστολος
847 1589 984 1645 Ἰησοῦ
1000 1592 1189 1647 Χριστοῦ
1211 1592 1290 1644 εῗμὶ
1318 1588 1395 1646 ἐγώ
1406 1622 1420 1643 ,
1463 1592 1530 1632 καὶ
1555 1591 1647 1645 οὐχὶ

162 1658 316 1711 πλάνος
346 1657 481 1717 ὥσπερ
511 1658 563 1702 σὺ
595 1660 763 1721 Σίμων,
797 1656 1044 1716 προστάσσω
1078 1665 1168 1709 ταῖς
1201 1665 1398 1716 πονηραῖς
1426 1658 1647 1713 δυνάμεσιν

164 1728 332 1788 ἀφεῖναί
349 1745 395 1772 σε
415 1733 490 1784 τῆς
509 1727 786 1786 κρατήσεως.”
859 1729 926 1770 καὶ
957 1731 1088 1769 ταῦτα
1119 1725 1301 1778 εἰπόντος
1322 1731 1395 1770 τοῦ
1414 1726 1645 1771 ἀποστόλου

165 1885 220 1918 tus
234 1883 332 1917 furor
346 1893 388 1917 ac
402 1885 524 1928 stupor
540 1891 615 1916 eum
629 1880 758 1916 invasit
768 1907 779 1925 ‚
815 1883 855 1916 ut
869 1892 908 1916 se
923 1881 958 1916 in
975 1880 1113 1916 deorum
1129 1892 1300 1916 numerum
1318 1882 1467 1916 referret
1492 1883 1645 1917 statuas-

164 1941 234 1976 que
248 1929 316 1964 sibi
330 1940 394 1975 per
408 1928 560 1974 singulas
575 1927 731 1962 civitates
743 1928 779 1962 in
798 1928 934 1973 templis
949 1928 1111 1972 erigeret.
1137 1939 1214 1961 eum
1229 1928 1354 1962 milites
1372 1929 1406 1962 in
1423 1928 1558 1973 balneo,
1576 1939 1644 1973 quo

164 1975 314 2010 lavatum
331 1974 484 2019 abierat,
508 1975 777 2017 obtruncarunt,
801 1985 875 2008 cum
892 1973 1009 2019 aequis
1026 1973 1133 2008 oculis
1148 1974 1279 2008 atrocia
1294 1974 1382 2008 illius
1399 1974 1645 2020 profligatissi-

165 2033 289 2068 maque
301 2021 396 2056 facta
412 2020 568 2055 contueri
585 2031 649 2054 non
666 2024 817 2066 possent.
837 2021 900 2054 sub
918 2032 959 2053 eo
975 2020 1152 2061 Theudas,
1178 2020 1272 2053 cuius
1287 2020 1411 2054 mentio
1429 2024 1482 2054 est
1497 2021 1531 2054 in
1547 2020 1644 2055 Acti-

165 2069 230 2103 bus
245 2068 496 2113 apostolorum,
527 2078 602 2100 cum
627 2077 705 2100 sese
725 2066 910 2100 divisurum
926 2066 1105 2100 Iordanem
1130 2066 1294 2100 iactasset
1318 2078 1383 2100 nec
1399 2067 1511 2100 exitus
1527 2066 1645 2102 verbis

165 2114 367 2158 accederet,
401 2113 606 2148 interfectus
623 2117 687 2147 est.
734 2117 817 2146 tunc
832 2117 868 2147 et
884 2112 1022 2146 Siloami
1040 2111 1143 2146 turris
1159 2124 1221 2147 sua
1238 2113 1334 2146 ruina
1349 2113 1535 2147 octodecim
1550 2113 1645 2147 viros

166 2159 350 2241 :gpressin
396 2160 593 2206 Stephanus
622 2163 857 2204 protomartyr
888 2158 1051 2202 martyrio
1081 2158 1185 2192 vitam
1219 2159 1343 2203 posuit.
1394 2159 1518 2193 Paulus
1543 2159 1646 2193 Chri-

167 2217 309 2287 ιοἐιεειιιι
323 2205 521 2252 religionem
536 2205 712 2251 amplexus
728 2211 793 2241 est.
816 2204 917 2239 Philo
933 2210 968 2239 et
984 2205 1149 2250 Iosephus
1163 2205 1317 2239 Hebraei
1332 2204 1476 2239 scientia
1492 2205 1645 2240 celebres

255 2263 327 2288 ere.

260 2299 351 2334 Gaio
367 2298 534 2334 successit
551 2297 715 2332 Claudius
728 2325 737 2341 ‚
762 2296 937 2342 tenuitque
957 2297 1131 2343 imperium
1148 2308 1256 2332 annos
1272 2297 1445 2333 tredecim.
1494 2298 1568 2332 eius
1583 2298 1649 2333 im-

213 2344 264 2378 rio
283 2344 424 2380 Marcus
439 2344 651 2389 evangelista
668 2345 795 2390 primus
812 2344 902 2389 apud
918 2344 1111 2389 Aegyptios
1130 2344 1291 2380 ecclesias
1316 2345 1445 2385 erexit,
1482 2345 1648 2391 pleraque

134 2414 137 2418 -
171 2395 252 2424 item
273 2391 476 2426 monasteria
500 2390 675 2432 fundavit,
706 2400 795 2435 quae
812 2393 960 2434 σεμνεῖα
976 2390 1051 2424 sive
1065 2390 1275 2424 venerabilia
1291 2390 1383 2424 dicta
1398 2395 1496 2435 sunt;
1529 2403 1650 2425 sacro-

171 2441 324 2471 sanctum
337 2437 418 2472 item
437 2437 650 2480 evangelium
675 2436 810 2482 scriptis
832 2436 1027 2479 mandavit,
1062 2441 1099 2471 et
1125 2436 1160 2471 in
1184 2437 1260 2483 ipsa
1276 2437 1483 2472 Alexandria
1506 2437 1649 2484 primum

173 2481 337 2516 ecclesiae
350 2483 567 2518 fundamenta
582 2483 674 2518 iecit.

265 2528 411 2563 Claudio
437 2535 570 2564 mortuo
597 2529 631 2563 in
649 2529 822 2563 Neronem
846 2528 1022 2574 imperium
1047 2528 1240 2564 devolutum
1258 2534 1320 2564 est.
1378 2529 1527 2575 praefuit
1543 2540 1651 2564 annos

175 2574 229 2610 14.
276 2574 312 2608 id
327 2576 488 2620 temporis
505 2576 621 2610 Simon
637 2575 761 2621 Magus
779 2575 894 2609 multis
910 2575 1076 2620 prodigiis
1092 2587 1135 2610 ac
1151 2577 1316 2620 portentis
1333 2577 1415 2610 artis
1432 2575 1586 2620 magicae
1602 2576 1651 2618 vi,

173 2631 304 2654 necnon
321 2621 514 2665 praestigiis
529 2621 742 2667 fallaciisque
759 2621 859 2655 editis
872 2647 882 2663 ‚
916 2621 972 2654 dei
991 2633 1111 2655 nomen
1133 2622 1197 2655 sibi
1218 2622 1468 2671 v’pdicaverat.
1516 2621 1572 2655 hic
1588 2622 1651 2656 ali-

173 2666 309 2712 quando
336 2666 474 2701 meridie
500 2667 535 2701 iu
557 2668 727 2703 theatrum
751 2678 955 2713 progressus
971 2678 1047 2701 sese
1064 2680 1127 2713 per
1144 2670 1225 2702 aere
1275 2669 1466 2703 volaturum
1483 2667 1649 2713 promisit.

174 2713 255 2746 dum
272 2711 421 2746 volatum
435 2712 598 2754 intendit,
631 2714 757 2748 Petrus
773 2714 929 2758 precibus
944 2713 1063 2748 effusis
1079 2714 1271 2759 defixisque
1286 2715 1393 2749 oculis
1408 2714 1442 2748 in
1464 2726 1538 2749 eum
1561 2710 1581 2724 “
1593 2713 1650 2746 Si-

171 2755 281 2794 mon'’
306 2757 368 2801 ait,
394 2754 415 2768 “
426 2758 455 2792 si
471 2759 644 2804 apostolus
659 2760 736 2793 lesu
754 2759 881 2794 Christi
895 2771 961 2804 ego
978 2771 1050 2794 sum
1067 2765 1104 2794 et
1120 2771 1186 2795 non
1202 2760 1324 2806 planus
1337 2789 1347 2806 ‚
1370 2759 1650 2807 quemadmodum

174 2813 212 2839 tu
227 2804 345 2839 Simon
363 2816 420 2847 es,
455 2804 570 2850 pravis
592 2805 812 2840 daemonibus
837 2805 965 2851 impero
992 2806 1040 2840 uti
1066 2805 1199 2841 missum
1215 2811 1251 2841 te
1266 2807 1397 2842 faciant
1413 2819 1476 2841 nec
1492 2807 1580 2839 ultra
1598 2809 1649 2838 te-

174 2847 318 2886 neunt.”
354 2850 412 2885 vix
428 2851 514 2885 haec
529 2850 667 2887 dixerat
683 2852 819 2895 Petrus,
844 2857 880 2887 et
891 2852 947 2886 ille
964 2863 1038 2886 cum
1054 2852 1184 2897 ingenti
1200 2853 1348 2900 strepitu
1365 2853 1398 2888 in
1414 2858 1539 2888 terram
1557 2851 1651 2886 dela-
