1924 3242
335 193 399 239 58
959 191 1140 240 IoELIs
1159 196 1161 199 ’

328 307 398 351 τὸν
415 312 487 351 τοῦ
504 303 712 364 Στεφάνου
731 303 840 359 υἱόν,
874 304 931 350 ἔτι
950 309 994 352 δὲ
1010 312 1075 352 καὶ
1094 310 1307 354 Βασίλειον
1323 310 1391 354 τὸν
1407 310 1451 354 ἔκ
1471 310 1617 368 δούλης
1631 315 1768 355 Βουλ-
1799 318 1803 321 “

328 375 457 433 γάρας
487 376 759 429 ἀποτεχθέντα
785 374 978 435 Ῥωμανῷ
1007 383 1066 437 τῷ
1099 381 1274 437 γέροντι,
1304 380 1476 435 ΙΙῚιχαὴλ
1509 382 1554 424 δὲ
1584 380 1653 423 τὸν
1680 381 1768 424 υἱὸν

327 441 616 501 Χριστοφόρου
635 448 708 486 τοῦ
730 445 928 500 βασιλέως
951 446 1126 504 ἀπέκειρε
1147 445 1344 504 κληρικόν.
1417 447 1701 506 Θεοφῦλακτος
1722 449 1767 492 δὲ

330 510 351 553 ὅ
378 510 627 567 πατριάρχης
650 510 698 568 ιγ’
721 514 792 567 μὲν
817 513 915 556 ἐτῶν
940 514 995 557 ὢν
1015 514 1078 557 ὅτε
1102 515 1284 565 διάκονος
1313 516 1591 573 ἐχειροτονήθη
1600 549 1614 570 ,
1651 515 1700 567 ις’
1723 517 1767 559 δὲ

329 577 392 621 ὅτε
425 581 480 628 εἷς
509 579 578 621 τὸν
607 581 892 638 πατριαρχικόν
921 582 1172 638 ἀνεβιβάσθη
1205 581 1377 639 θρόνον,
1412 585 1476 626 ἐπ’
1510 584 1576 639 ἔτη
1609 583 1668 640 κγ’
1699 586 1799 627 καὶὸ

189 653 217 686 Ρ
246 654 309 688 181
333 645 487 703 ἡμέρας
508 645 562 689 κε’
584 653 715 698 κακῶς
737 651 803 691 καὶ
827 650 997 700 ἀναξίως
1016 650 1324 708 ἀρχιερατεύσας
1345 651 1415 694 τὸν
1436 654 1525 707 βίον
1543 652 1771 695 κατέλιπεν·-

330 715 420 757 ἀντ’
447 715 571 757 αὐτοῦ
593 716 635 757 δὲ
657 716 923 773 προβάλλεται
942 717 962 760 ὃ
978 719 1155 772 μοναχὸς
1169 718 1438 770 Πολύευκτος.
1504 721 1567 762 ἐπὶ
1586 723 1659 775 τῆς
1673 718 1769 762 τού-

258 806 270 818 ·
328 800 400 825 του
431 785 637 837 βασιλείας
663 784 773 839 ἤχθη
798 787 840 835 ἐξ
855 786 1093 840 Ἀντιοχείας
1115 789 1181 829 καὶ
1203 786 1228 843 ἦ
1249 789 1361 841 τιμία
1386 789 1474 844 χεὶρ
1499 791 1573 830 τοῦ
1592 785 1769 845 προδρό-

329 867 409 906 μου
428 853 494 892 καὶ
516 851 561 893 τὸ
585 853 775 906 λείψανον
797 857 869 895 τοῦ
891 852 1003 910 ἇγιόυ
1023 856 1063 895 Γ
1060 857 1246 913 ρηγοριόυ
1274 859 1347 898 τοῦ
1374 854 1584 912 θεολόγον.
1652 850 1768 906 οὗτος

330 913 401 960 οὖν
422 917 443 961 ὅ
465 919 654 973 βασιλεὺς
674 922 976 972 Κωνσταντῖνος
993 922 1319 980 μονοκρατήσας,
1354 922 1409 974 ὥς
1428 923 1600 982 ἔφημεν,
1635 922 1701 979 ἴτη
1723 922 1770 967 ιε”
1780 929 1823 964 10

329 985 435 1046 νόσῳ
454 987 673 1043 περιπεσών
695 993 871 1048 τελευτᾷ.

464 1055 589 1098 Μετὰ
620 1057 663 1098 δὲ
692 1056 761 1099 τὸν
787 1059 1089 1100 Κωνσταντΐνον
1113 1058 1340 1112 ἐβασίλευσε
1358 1056 1562 1112 Ῥωμανὸς
1582 1057 1603 1100 ὅ
1624 1055 1768 1100 τούτου

327 1120 435 1174 υἱός,
471 1122 491 1165 ὅ
522 1121 731 1179 λεγόμενος
755 1127 938 1178 παιδίον,
973 1125 1017 1176 ὃς
1034 1125 1139 1184 νόσῳ
1164 1126 1384 1183 περιπεσὼν
1405 1125 1651 1181 ἐτελεύτησεν
1671 1126 1769 1168 ἐτῶν

325 1189 518 1248 ὑπάρχων
543 1191 617 1243 κδ’,
650 1192 895 1246 βασιλεύσας
914 1193 980 1247 ἔτη
1003 1192 1038 1248 γ’
1060 1198 1190 1248 μῆνας
1211 1193 1246 1234 δ’
1266 1192 1419 1250 ἡμέρας
1440 1192 1484 1236 ε’.

461 1258 585 1300 Μετὰ
603 1259 646 1299 δὲ
662 1259 731 1300 τὸν
742 1258 946 1312 Ῥωμανὸν
966 1261 1218 1313 διαδέχονται
1237 1260 1310 1313 τὴν
1328 1261 1537 1313 βασιλειάν
1558 1259 1770 1309 Βασίλειος
1779 1270 1821 1304 15

276 1331 307 1366 Β
326 1326 393 1367 καὶ
415 1326 720 1375 Κωνσταντῖνος
742 1327 780 1368 οἳ
800 1328 939 1376 παῖδες
965 1327 1090 1368 αὐτοῦ
1117 1327 1190 1369 σὺν
1217 1327 1427 1384 Θεοφανοῖ
1443 1332 1494 1385 τῇ
1510 1329 1668 1384 μητρί,
1687 1332 1768 1383 βα-

325 1391 576 1442 σιλεύσαντες
612 1397 744 1448 μῆνας
781 1392 811 1437 ε’
851 1394 925 1438 σὺν
948 1394 1097 1452 Ἰωσὴφ
1130 1398 1189 1455 τῷ
1221 1396 1376 1453 Βρίγγα
1407 1394 1496 1439 τότε
1532 1397 1768 1453 παραδυνα-

321 1458 514 1503 στεύοντι.

458 1527 583 1571 Μετὰ
605 1529 649 1571 δὲ
669 1526 835 1579 τούτους
855 1527 1091 1587 Νικηφόρος
1109 1528 1130 1572 ὅ
1153 1532 1302 1581 Φωκᾶς
1319 1529 1545 1585 βασιλεύει,
1579 1532 1768 1587 στεφθεῖς

323 1596 436 1653 παρὰ
471 1595 730 1639 Πολυεύκτου
760 1602 833 1639 τοῦ
860 1596 1123 1654 πατριάρχου.
1191 1596 1274 1641 εἶτα
1296 1601 1362 1641 καὶ
1382 1599 1454 1654 τὴν
1479 1598 1677 1655 Θεοφανὼ
1698 1597 1766 1640 νό-
1777 1609 1824 1643 20

323 1680 449 1718 μιμον
478 1665 652 1719 γαμετὴν
682 1665 830 1721 ἄγεται.
900 1665 944 1715 ὃς
967 1668 1032 1708 καὶ
1053 1666 1177 1722 με’ρος
1196 1683 1233 1708 τι
1256 1671 1329 1708 τοῦ
1350 1667 1508 1721 ἱματίου
1527 1670 1600 1709 τοῦ
1619 1670 1765 1719 βαπτι-

323 1735 423 1774 στοῦ
451 1731 635 1774 Ἰωάννου
672 1732 873 1788 εἰσήγαγεν
905 1735 946 1775 ἐν
977 1738 1027 1789 τῇ
1057 1732 1192 1784 πόλει,
1238 1732 1333 1791 ὅπερ
1364 1729 1475 1790 εὗρεν
1508 1734 1549 1775 ἓν
1577 1734 1768 1793 Βερροία.

323 1797 446 1854 ἤγαγε
471 1800 515 1841 de*
541 1802 606 1841 καὶ
629 1800 699 1842 τὸν
719 1802 893 1857 κέραμον
913 1800 982 1843 τὸν
1003 1800 1144 1854 ἔχοντα
1164 1801 1209 1842 τὸ
1230 1800 1526 1858 ἀχειρότευκτον
1554 1799 1768 1855 ἕκτῦπωμα

325 1871 398 1922 τῆς
417 1872 581 1924 μορφῆς
602 1872 675 1910 τοῦ
696 1871 881 1925 Χριστοῦ
898 1870 964 1910 καὶ
983 1872 1085 1910 θεοῦ
1111 1867 1248 1923 ἡμῶν,
1284 1868 1328 1911 ὃν
1349 1863 1459 1926 εὗρεν
1481 1869 1522 1911 ἐν
1539 1866 1766 1926 Ἱεραπόλει,

327 1974 429 2008 filium
449 1959 612 2017 eeiravit,
635 1985 766 2008 necnon
782 1979 818 2008 et
831 1975 989 2009 Basilium
1005 1987 1047 2009 ex
1061 1986 1160 2009 serva
1176 1975 1322 2019 Bulgara
1338 1975 1489 2010 Romano
1505 1975 1628 2010 seniori
1641 1987 1766 2021 proge-

325 2019 440 2064 nitum,
466 2024 501 2053 et
515 2020 711 2053 Michaelem
724 2020 955 2065 christophori
968 2021 1070 2054 filium
1087 2021 1202 2055 ablata
1217 2032 1311 2054 coma
1327 2021 1479 2056 clericum
1494 2021 1588 2055 fecit.
1633 2032 1767 2055 verum-

325 2068 441 2098 tamen
466 2065 747 2110 Theophylactus
772 2066 961 2110 patriarcha
985 2077 1088 2100 annos
1111 2071 1208 2100 natus
1232 2067 1391 2100 tredecim
1407 2066 1566 2100 diaconus
1581 2066 1767 2110 ordinatur,

326 2121 415 2144 anno
430 2122 511 2143 vero
528 2111 649 2145 aetatis
665 2111 792 2145 decimo
807 2115 905 2145 sexto
921 2111 955 2144 in
970 2112 1193 2156 patriarchale
1208 2111 1323 2146 solium
1338 2115 1571 2156 promovetur-3
1587 2123 1648 2157 per
1661 2123 1767 2146 annos

325 2155 448 2198 viginti
463 2160 533 2189 tres
550 2161 586 2189 et
600 2157 672 2190 dies
686 2156 805 2200 viginti
822 2157 967 2202 quinque
982 2157 1066 2191 male
1080 2157 1282 2201 indigneque
1298 2157 1524 2201 patriarchatu
1538 2156 1765 2192 administrato

326 2200 465 2233 animam
491 2201 645 2243 exhalat,
680 2207 715 2235 et
737 2202 771 2235 in
797 2202 867 2236 eius
890 2202 999 2236 locum
1020 2203 1188 2236 sufficitur
1209 2202 1414 2245 Polyeuctus
1437 2202 1628 2237 monachus.
1673 2203 1767 2237 Con-

325 2245 483 2278 stantino
494 2245 677 2290 imperante
700 2247 834 2280 Ioannis
858 2248 1083 2291 praecursoris
1099 2247 1290 2281 veneranda
1306 2258 1421 2280 manus
1436 2247 1612 2280 Antiochia
1629 2247 1766 2282 advehi-

323 2294 381 2322 tur
395 2294 431 2323 et
446 2301 568 2335 corpus
586 2292 692 2326 sancti
710 2292 870 2335 Gregorii
886 2293 1044 2337 theologi.
1090 2293 1143 2326 hic
1168 2304 1248 2336 ergo
1276 2292 1531 2333 constantinus,
1555 2297 1594 2326 ut
1612 2293 1695 2326 fassi
1709 2305 1767 2328 su-

322 2345 417 2414 ιάῐζυς,
443 2335 535 2413 {olus
555 2335 694 2380 imperio
717 2337 946 2371 administrato
975 2349 1038 2383 per
1063 2349 1168 2371 annos
1190 2337 1374 2383 quindecim
1395 2337 1429 2371 in
1449 2338 1598 2372 morbum
1614 2337 1766 2382 incidens

347 2380 410 2414 ‘em
425 2391 445 2413 o
468 2380 505 2413 it.

414 2425 496 2459 Post
519 2425 776 2460 Constantinum
798 2426 840 2459 ad
862 2426 1047 2461 Romanum
1069 2427 1155 2461 illius
1177 2427 1297 2470 filium,
1334 2427 1392 2472 qui
1416 2431 1451 2461 et
1474 2440 1558 2473 puer
1580 2428 1766 2473 dicebatur,

324 2469 496 2515 imperium
513 2469 657 2503 delatum
672 2474 744 2512 est3
767 2471 823 2516 qui
838 2473 952 2505 morbo
972 2472 1181 2506 conflictatus
1197 2484 1237 2506 ex
1253 2473 1417 2519 hominum
1434 2473 1506 2507 vita
1519 2475 1687 2518 migravit,
1705 2486 1767 2509 an-

325 2526 443 2550 norum
458 2515 577 2559 viginti
593 2519 770 2559 quattuor,
793 2516 920 2560 imperii
936 2528 1020 2550 anno
1036 2517 1139 2551 tertio
1151 2543 1160 2560 ‚
1183 2529 1296 2552 mense
1311 2523 1432 2563 quarto
1442 2545 1452 2563 ,
1477 2519 1532 2552 die
1546 2520 1675 2564 quinto.

417 2561 500 2595 Post
526 2561 711 2594 Romanum
736 2561 908 2607 imperium
937 2563 1103 2607 accipiunt
1126 2563 1270 2597 Basilius
1296 2570 1330 2597 et
1351 2565 1589 2598 Constantinus
1607 2565 1668 2599 filii
1691 2577 1765 2600 cum

328 2605 582 2650 Theophanone
606 2611 725 2640 matre.
770 2607 972 2652 imperarunt
986 2619 1116 2642 menses
1131 2608 1276 2653 quinque
1292 2621 1365 2644 cum
1382 2610 1524 2656 Iosepho
1539 2610 1685 2655 Bringa,
1708 2611 1767 2656 qui

329 2656 399 2686 tum
414 2651 589 2696 plurimum
604 2652 692 2697 apud
709 2663 782 2686 eum
796 2653 942 2686 valebat.

426 2697 486 2730 His
507 2697 670 2731 successit
684 2698 717 2731 in
732 2697 870 2743 imperio
885 2698 1096 2743 Nicephorus
1111 2699 1241 2733 Phocas
1255 2710 1276 2733 a
1291 2700 1477 2744 Polyeucto
1494 2700 1685 2746 patriarcha
1706 2711 1765 2734 oo-

331 2744 491 2784 ronatus;
514 2741 571 2786 qui
594 2748 628 2776 et
648 2743 932 2788 Theophanonem
953 2744 1018 2778 sibi
1036 2744 1184 2788 legitimo
1208 2746 1414 2779 matrimonio
1432 2746 1585 2790 copulat,
1609 2750 1645 2780 et
1657 2745 1766 2791 parti-

332 2787 440 2821 culam
454 2788 556 2822 vestis
572 2787 706 2822 Ioannis
723 2789 892 2834 baptistae
909 2790 1078 2824 Berroeae
1091 2790 1259 2825 inventam
1276 2792 1406 2835 Cpolim
1422 2791 1615 2836 asportavit.
1660 2790 1766 2824 adve-

332 2832 384 2867 xit
398 2833 478 2868 item
491 2833 636 2878 tegulam
646 2859 658 2877 ,
681 2833 716 2868 in
729 2845 797 2881 qua
814 2839 888 2870 erat
902 2835 1011 2881 imago
1027 2835 1155 2870 Christi
1170 2835 1225 2870 dei
1240 2837 1358 2880 nostri,
1381 2848 1449 2872 non
1465 2837 1603 2871 humana
1616 2841 1690 2870 arte
1703 2846 1766 2870 nec
