1924 3242
345 179 408 227 62
735 179 967 224 GEORGII
998 180 1375 227 ACROPOLITAE
1448 187 1475 226 0

341 289 581 347 καλούμενος
600 291 667 333 καὶ
687 290 919 348 συγγνώμην
942 297 1021 337 τῶν
1039 297 1318 351 πεπραγμένων
1339 293 1579 352 αἰτούμενος.
1647 296 1669 340 ὃ
1689 298 1762 353 μέν

339 354 408 402 οὖν
427 359 613 414 βασιλεὺς
628 357 812 415 Ἰωάννης
831 362 896 403 καὶ
918 359 943 416 ἦ
964 364 1122 415 βασιλὶς
1140 362 1289 420 Εῖρήνη
1299 395 1312 415 ,
1347 361 1413 407 οἶα
1436 365 1571 408 ἐκεῖνοι
1590 365 1692 423 πρὸς
1708 366 1761 409 τὰ

336 427 588 484 εὐσεβέστερα
608 428 674 469 καὶ
693 426 878 485 θειότερα
897 427 1149 481 ἀπονεύοντες
1154 462 1167 482 ,
1194 432 1376 484 δέχονταί
1386 448 1430 476 τε
1445 432 1518 486 τὴν
1531 435 1758 490 πρεσβείαν,-

335 497 402 537 καὶ
433 494 524 537 οὐδὲ
555 497 610 545 εἲς
641 495 819 552 μακροὺς
844 495 1029 548 ἐλθόντες
1050 496 1190 554 λόγους
1211 497 1305 549 τούς
1322 516 1364 542 τε
1385 497 1527 558 ὅρκους
1547 501 1613 542 καὶ
1636 496 1760 551 αὖθις

283 570 312 605 Β
334 563 496 604 πεδοῢσι
529 565 595 605 καὶ
624 563 697 618 τὴν
726 562 886 620 νύμφην
908 563 1067 620 Ἑλένην
1099 566 1401 609 ἀνακαλοῦνται.
1480 567 1789 612 &nomm-etms

331 633 427 685 γοῦν
448 628 548 685 αὕτη
569 629 669 687 πρός
685 648 726 673 τε
745 631 815 673 τὸν
836 633 1027 689 πενθερὸν
1047 635 1112 674 καὶ
1133 634 1202 675 τὸν
1219 632 1403 690 σύζυγον,
1434 636 1501 677 καὶ
1523 632 1657 692 εἰρήνη
1676 633 1759 677 πόμ-

332 701 397 740 λιν
413 698 536 751 μέσον
549 696 755 752 Ῥωμαίων
773 716 814 741 τε
835 702 901 742 καὶ
927 699 1179 757 Βουλγάρων.
1530 738 1532 740 .
1678 717 1698 722 ,‚

466 765 543 810 37.
604 764 654 808 ‘O
684 767 756 820 μὲν
786 762 855 809 οὖν
876 772 946 822 τῆς
967 768 1143 824 ἱστορίας
1162 766 1311 824 δρόμος
1330 767 1399 825 ἐφ’
1420 765 1558 825 ἑτέραν
1575 768 1758 826 τρέπεται

331 832 403 886 τὴν
435 830 527 874 ὁδὸν
558 835 624 875 καὶ
644 834 696 876 τὰ
720 836 807 891 περὶ
828 839 907 877 τῶν
927 837 968 877 ἓν
987 840 1037 892 τῇ
1059 837 1361 878 Κωνσταντίνου
1387 834 1647 893 διασαφήσει·
1678 853 1756 879 πο-

331 902 529 954 λυσχιδῶς
555 901 631 958 γὰρ
661 900 747 944 τότε
775 906 855 944 τῶν
881 902 1125 960 πραγμάτων
1148 904 1405 958 κεκινημένων
1429 903 1496 944 διὰ
1513 903 1558 945 τὸ
1577 907 1811 961 mamm-10

327 968 421 1021 χίαν
447 969 488 1011 ἓν
516 973 612 1011 πᾶσι
636 970 843 1024 γενέσθαι,
876 973 1062 1022 ποικίλως
1079 974 1142 1013 δεΐ
1157 973 1220 1013 καὶ
1240 972 1291 1013 τὰ
1311 975 1383 1013 τοῦ
1401 969 1519 1026 λόγου
1537 972 1756 1028 συστρέφε-

331 1039 445 1078 σθαι.
513 1034 534 1077 ὃ
563 1037 636 1091 μὲν
666 1032 735 1079 οὖν
764 1032 1029 1090 Βαλδουῗνος,
1057 1038 1101 1080 ὃν
1119 1037 1139 1080 ὃ
1157 1037 1272 1094 λόγος
1289 1042 1523 1092 βασιλεῦσαι
1544 1042 1617 1093 τῆς
1636 1040 1756 1081 Κων-

330 1104 535 1145 σταντίνου
555 1106 806 1162 προείρηκεν,
834 1106 1054 1163 ἀπειρηκὼς
1074 1108 1113 1148 ἐν
1135 1113 1221 1156 ταῖς
1241 1106 1340 1163 πρὸς
1354 1104 1572 1159 Ῥωμαίους
1591 1105 1754 1160 μάχαις,

329 1174 483 1223 μᾶλλον
514 1172 557 1213 δὲ
585 1177 635 1227 τῇ
659 1173 759 1229 πρὸς
778 1173 847 1214 τὸν
865 1175 1033 1227 βασιλέα
1050 1172 1235 1227 Ἰωάννην
1254 1170 1492 1227 ἕναντιότητι
1525 1173 1595 1228 (ἒς
1612 1174 1756 1230 μικρὸν

282 1243 313 1278 C
332 1238 408 1294 γὰρ
429 1238 480 1280 τὰ
500 1239 644 1280 ἐκείνου
669 1240 779 1296 παρὰ
795 1239 937 1283 τούτου
966 1241 1271 1293 συνέσταλται),
1305 1239 1404 1296 πρὸς
1423 1239 1492 1281 τὸν
1511 1244 1592 1282 τῶν
1614 1239 1754 1297 Φρώγ-
1765 1243 1809 1280 15

327 1321 407 1347 κων
436 1305 724 1359 ἀποδεδημήκει
748 1306 871 1362 ῥῆγα,
906 1308 1251 1364 προσῳκειωμένον
1271 1305 1399 1364 τούτῳ
1421 1307 1522 1348 καθ’
1547 1303 1670 1362 αἷμα,
1706 1308 1758 1351 οὔ

325 1372 406 1426 μὴν
429 1372 531 1414 ἀλλὰ
551 1375 616 1414 καὶ
638 1371 692 1423 ὥς
716 1375 966 1430 ξυμφυλέτην
994 1374 1095 1430 ἄγαν
1112 1392 1154 1417 τε
1168 1373 1376 1428 Ῥωμαίοις
1400 1374 1547 1430 ἐχθρὸν
1567 1377 1634 1417 καὶ
1651 1379 1754 1430 βοη-

325 1444 414 1482 θεῖν
435 1440 502 1481 διὰ
520 1444 646 1483 ταῦτα
669 1442 836 1494 ἕτοιμον,
871 1445 935 1484 καὶ
959 1443 1189 1496 συμμαχίαν
1214 1444 1321 1497 ζητεῖ
1337 1440 1552 1497 ἀξιόλογον,
1581 1444 1648 1485 καὶ
1667 1444 1753 1485 ἔπι-

323 1506 505 1563 τυγχάνει
532 1512 605 1550 τοῦ
629 1513 800 1551 σκοποῦ·
835 1512 901 1551 καὶ
930 1511 971 1552 ἓν
1000 1511 1046 1552 οὗ
1070 1514 1205 1568 πολλῷ
1220 1509 1353 1568 χρόνῳ
1373 1507 1560 1564 ἑξήκοντα
1575 1508 1752 1564 χιλιάδες

323 1577 678 1632 συνηθροίσθησαν
703 1575 920 1632 Φράγκων,
951 1578 1008 1619 ‘lv'
1033 1576 1139 1627 ὅπως
1160 1578 1263 1619 κατὰ
1280 1576 1484 1630 Ῥωμαίων
1498 1575 1811 1634 χωρήσωσινλθ

323 1643 403 1685 ἐπεὶ
438 1645 480 1685 δὲ
513 1644 585 1686 οὐκ
604 1638 653 1697 ’ἦν
675 1644 810 1695 αὖτοῖς
832 1644 1026 1703 εὕδρομος
1046 1645 1113 1687 διὰ
1131 1649 1235 1699 νηῶν
1255 1642 1282 1698 ἦ
1303 1642 1395 1694 ὅδός
1405 1675 1419 1695 ,
1451 1648 1524 1699 τῆς
1545 1645 1752 1701 ἀναγωγῆς

411 1760 431 1794 1
454 1758 517 1794 καὶ
539 1769 658 1804 συγγν.
683 1779 729 1787 —·
754 1760 970 1804 αἰτούμενος
995 1773 1046 1796 om
1068 1762 1100 1796 D
1236 1761 1273 1795 οἱ
1301 1754 1368 1795 οὖν
1392 1760 1556 1806 βασιλεῖς
1579 1758 1676 1804 πρὸς
1700 1760 1747 1795 τὰ

407 1804 581 1849 θειότερα
597 1807 630 1840 D
776 1809 800 1842 2
823 1805 922 1841 οἷοιί)
1065 1809 1087 1843 3
1109 1818 1149 1841 τε
1166 1818 1219 1841 om
1231 1807 1263 1840 D
1413 1806 1437 1840 4
1458 1803 1520 1840 καὶ
1535 1824 1581 1830 -
1595 1806 1747 1840 πεδοῦσι

405 1860 460 1883 om
479 1850 511 1884 D
645 1851 667 1887 5
688 1850 837 1896 νύμφην
864 1846 978 1891 αὖθις
1005 1848 1295 1895 ἀνακαλοῦνται,
1319 1849 1381 1885 καὶ
1406 1848 1587 1885 στέλλεται
1604 1847 1745 1893 αὐτοῖς,

407 1893 470 1929 καὶ
491 1893 614 1940 εἰρήνη
629 1897 764 1940 γίνεται
781 1896 891 1941 μέσον
910 1894 1033 1931 αὐτῶν
1053 1898 1083 1931 D
1180 1900 1201 1933 8
1222 1894 1265 1931 Ὁ
1277 1916 1323 1922 -
1342 1896 1386 1932 13
1400 1896 1638 1940 προείρηκεν]
1663 1893 1683 1950 «ξ
1705 1896 1745 1930 δὲ

407 1940 634 1981 Βαλδουῖνος
650 1942 681 1975 D
819 1943 861 1977 14
882 1943 1019 1985 μᾶλλον
1036 1962 1082 1968 -
1097 1941 1330 1977 συνέσταλται
1347 1952 1400 1975 om
1416 1942 1448 1975 D
1569 1942 1612 1975 16
1634 1952 1679 1974 ov
1698 1959 1745 1966 —-·

412 1981 558 2028 ἕτοιμον
578 1987 670 2021 omD
749 2009 751 2011 v
774 1988 816 2022 18
837 1987 1034 2030 συμμαχίας
1054 1987 1206 2032 ζητήσας
1224 1986 1323 2030 ἔτυχε
1337 1987 1407 2020 τοῦ
1425 1986 1457 2020 D
1551 1986 1598 2020 20
1614 1982 1741 2029 ἠθροί-

410 2031 552 2074 σθησαν
570 2032 601 2066 D
710 2028 762 2067 ἵν’
777 2052 823 2059 ·-
838 2030 1045 2077 χωρήσουσιν
1065 2044 1119 2067 om
1137 2034 1168 2067 D
1268 2034 1312 2067 21
1334 2031 1401 2075 τῆς
1414 2049 1459 2056 -
1473 2028 1610 2074 μισθὸν
1629 2041 1682 2064 om
1698 2031 1742 2065 D.

322 2130 386 2165 sibi
411 2132 541 2166 veniam
563 2132 777 2177 flagitiorum.
822 2133 964 2168 Ioannes
986 2133 1167 2179 imperator
1179 2134 1340 2178 Ireneque
1353 2130 1565 2186 imperatrix,
1586 2133 1742 2175 tanquam

321 2176 378 2220 qui
392 2176 425 2209 in
440 2178 542 2220 magis
556 2178 612 2222 pia
629 2190 668 2212 ac
682 2179 784 2222 magis
798 2178 909 2212 divina
924 2180 1172 2223 prospicerent,
1194 2180 1322 2223 legatos
1343 2177 1529 2222 excipiunt,
1551 2187 1614 2210 nec
1630 2177 1742 2210 verbis

320 2231 391 2254 rem
413 2221 607 2265 prolatando
631 2234 761 2257 rursum
784 2223 1007 2257 iusiurandum
1022 2225 1253 2270 comprobant,
1278 2232 1497 2268 sponsamque
1509 2221 1670 2255 Helenam
1685 2233 1742 2256 re·

321 2269 458 2310 petunt,
481 2277 567 2310 quae
584 2267 626 2300 ad
644 2278 773 2301 socrum
789 2272 823 2302 et
839 2269 1009 2313 coniugem
1024 2270 1109 2303 redit
1119 2297 1129 2315 ‚
1155 2273 1190 2303 et
1204 2279 1269 2315 pax
1283 2268 1400 2302 iterum
1413 2267 1500 2300 inter
1514 2267 1683 2301 Romanos
1705 2270 1743 2301 et

317 2310 483 2354 Bulgaros
496 2311 677 2355 peragitur.

404 2355 461 2390 37.
507 2356 575 2389 Sed
591 2356 748 2390 historiae
763 2358 865 2391 series
881 2357 944 2391 alio
961 2357 1121 2402 deflectit,
1145 2359 1180 2390 et
1194 2365 1279 2402 quae
1294 2356 1392 2403 cpoli
1406 2357 1589 2400 agebantur
1602 2367 1741 2392 narrare

315 2399 438 2444 gestit:
467 2411 606 2445 namque
630 2413 703 2434 cum
730 2405 810 2435 tunc
835 2403 992 2447 temporis
1016 2402 1059 2436 ob
1084 2402 1195 2437 varios
1213 2402 1335 2447 ubique
1347 2402 1555 2447 principatus
1568 2402 1602 2436 in
1618 2402 1740 2436 multas

314 2444 415 2478 etiam
428 2450 544 2490 partes
558 2456 612 2479 res
627 2446 750 2480 divisae
765 2446 983 2491 agitarentur,
1006 2447 1097 2481 varie
1113 2447 1210 2480 etiam
1226 2447 1383 2480 orationis
1397 2458 1516 2492 corpus
1531 2447 1739 2480 conforman-

312 2489 389 2524 dum
414 2494 476 2525 est.
521 2491 717 2534 Balduinus,
742 2502 839 2536 quem
855 2503 957 2536 supra
972 2492 1077 2525 oratio
1094 2496 1207 2525 nostra
1223 2492 1319 2537 cpoli
1335 2491 1516 2537 imperasse
1532 2492 1738 2526 demonstra-

312 2538 432 2578 verat,
464 2536 507 2568 ob
533 2535 705 2569 conflictus
729 2547 808 2581 erga
830 2537 998 2570 Romanos
1015 2541 1049 2570 et
1063 2536 1265 2581 potissimum
1290 2543 1427 2582 propter
1441 2537 1492 2570 sui
1511 2536 1737 2572 adversarium

310 2579 466 2614 Ioannem
489 2581 721 2626 imperatorem
733 2607 743 2624 ‚
766 2581 871 2627 quiin
886 2586 1056 2625 angustum
1071 2581 1267 2616 dominatum
1283 2582 1370 2615 illius
1391 2585 1622 2626 contraxerat,
1644 2582 1736 2615 diffi-
1751 2589 1753 2592 ’

311 2624 394 2658 dena
419 2636 460 2658 ac
485 2626 584 2670 plane
610 2626 786 2671 desperans
811 2627 854 2659 ad
875 2627 1077 2661 Francorum
1091 2638 1202 2670 regem
1218 2627 1282 2661 sibi
1296 2627 1461 2661 affinitate
1479 2627 1686 2660 coniunctum
1701 2630 1736 2660 et

313 2669 460 2703 eiusdem
478 2670 609 2715 generis
624 2675 659 2704 et
673 2672 830 2705 Romanis
844 2671 1108 2714 infensissimum,
1127 2672 1268 2716 ideoque
1283 2672 1452 2717 suppetias
1466 2673 1555 2706 ferre
1571 2675 1734 2716 paratum,

311 2714 552 2760 proficiscitur,
577 2727 777 2762 operamque
798 2716 885 2750 illius
908 2728 970 2750 nec
997 2718 1265 2750 contemnendam
1281 2717 1401 2763 poscit.
1445 2717 1486 2750 fit
1500 2717 1571 2751 voti
1589 2726 1734 2760 compos,

311 2763 347 2793 et
372 2759 458 2795 intra
483 2762 588 2795 breve
611 2766 740 2808 tempus
755 2762 957 2796 Francorum
972 2762 1146 2806 sexaginta
1159 2762 1246 2795 milia
1255 2787 1266 2805 ,
1287 2766 1327 2795 ut
1339 2762 1374 2795 in
1388 2763 1557 2797 Romanos
1571 2771 1660 2795 arma
1673 2770 1732 2793 ea-

311 2810 448 2851 petent,
480 2805 568 2843 lecta
587 2811 677 2843 sunt.
735 2810 771 2842 et
791 2818 863 2843 cum
884 2806 1024 2853 navigiis
1051 2806 1107 2842 via
1129 2807 1272 2843 difficilis
1299 2811 1389 2843 esset
1420 2807 1622 2853 (largiorem
1646 2804 1732 2840 enim

1923 3229 1924 3236 μ
1909 3148 1924 3201 τιὴ,-
