1898 3242
246 165 345 218 264
639 171 1015 216 CONSTANTINI
1045 170 1309 215 MANASSIS

382 285 449 327 καὶ
470 286 602 327 τοίνυν
624 282 805 340 ἄφυκτον
828 283 924 326 ἰδὼν
950 282 970 326 ὃ
997 281 1184 335 κάκιστος
1201 285 1274 339 τὴν
1293 286 1402 339 βίαν,

382 354 449 395 καὶ
470 350 672 394 πάντοθεν
692 350 959 406 κυκλούμενος
977 350 1032 404 ὥς
1053 352 1198 411 ἄρκτος
1213 351 1289 395 ὕπ’
1316 350 1488 410 ἀρκύων,

383 424 569 477 πειρᾶται
591 418 697 474 τάχα
715 420 789 475 τὴν
811 421 914 475 ζωὴν
935 421 1084 476 κλέψαι
1103 423 1195 464 ποσὶ
1219 419 1385 478 φυγάσι,

247 492 359 533 6210
377 490 444 530 καὶ
470 486 701 545 δραπετεύει
723 487 900 545 λαγωός,
937 490 1038 532 εἴποι
1056 507 1117 539 τις
1133 489 1202 540 ἄν,
1234 492 1290 538 εἷς
1308 490 1470 546 πέτραν,

381 557 450 598 καὶ
467 554 667 614 τράπεζαν
685 558 757 612 τὴν
778 556 973 612 μυστικὴν
995 557 1230 614 καταφυγὴν
1254 563 1435 604 ποιεῖται.

386 624 491 666 ἀλλὰ
514 624 561 668 τὸ
584 628 743 680 πλῆθος
763 626 958 669 ἔκκαυθὲν
978 623 1173 675 καθάπαξ
1199 627 1255 674 εἷς
1276 626 1423 679 μανίαν

386 692 485 735 αὐτὸ
509 692 555 736 τὸ
575 697 654 751 πῦρ
666 726 678 745 ,
714 691 768 744 ὧς
791 694 913 736 ἔοικεν
924 726 936 745 ,
971 693 1163 752 ὖπερνικᾷ
1182 693 1228 735 τὸ
1245 693 1397 750 βρέμον
1413 706 1424 720 ⁹

385 759 499 804 ἔνδον
516 763 582 803 καὶ
601 762 678 818 γὰρ
698 767 777 805 τῶν
796 763 912 819 ἱερῶν
935 760 1092 804 ἀδύτων
1116 759 1397 817 εἴσδραμόντες

203 833 233 868 C
252 830 361 875 6215
389 830 541 871 ἐκεῖθεν
563 828 848 886 ἄφαρπάζουσι
869 829 937 872 τὸν
953 829 1108 874 τάλανα
1124 834 1286 883 βοῶντα

388 897 461 940 σὺν
480 905 716 953 στεναγμοῖς
736 900 992 955 καρδιακοῖς,
1028 899 1102 942 σὺν
1126 896 1318 954 δάκρυσιν
1339 897 1565 958 ἕνθέρμοις,

386 967 453 1007 καὶ
474 964 598 1022 κόρας
619 964 898 1024 ἐξορύττουσιν
922 968 1047 1009 αὐτοῦ
1071 974 1158 1016 ταῖς
1183 967 1407 1022 μαχαιρίσι.

388 1035 455 1078 καὶ
483 1034 556 1078 σὺν
583 1035 693 1092 αὐτῷ
711 1036 779 1077 τὸν
800 1036 977 1089 δυσσεβῆ
1002 1033 1286 1092 πατράδελφον
1305 1037 1516 1091 τυφλοῦσι,

390 1101 610 1159 ἄνθρωπον
637 1102 883 1161 δύστροπον,
918 1102 1082 1155 σκαιόν,
1118 1101 1327 1153 κάκιστον,
1351 1101 1633 1157 παντορὲκτην,

208 1213 210 1216 ,
253 1172 365 1213 6220
385 1174 517 1225 μῆνας
537 1171 583 1213 οὗ
608 1171 726 1213 πλέον
747 1172 947 1228 τέσσαρας
963 1170 1207 1231 γευσάμενον
1224 1175 1294 1213 τοῦ
1314 1168 1500 1226 κράτους.

389 1241 455 1283 καὶ
483 1237 602 1281 πάλιν
627 1240 668 1281 αἶ
682 1242 916 1293 βασίλισσαι
935 1240 980 1281 τὸ
1000 1240 1145 1295 στέφος
1162 1239 1417 1288 ἀναδοῦνται,

390 1308 456 1348 καὶ
476 1305 598 1348 πάλιν
620 1308 692 1361 τὴν
714 1306 1008 1364 πατρόπαππον
1026 1306 1154 1362 ἀρχὴν
1175 1309 1532 1361 κατακληροῦνται.

386 1378 460 1428 τῆς
483 1373 605 1429 ζάλης
625 1376 667 1417 δὲ
684 1380 764 1417 τῶν
782 1380 1014 1431 πειρασμῶν
1031 1375 1330 1428 ἀπελασθείσης
1346 1372 1501 1431 πόρρω,

397 1441 559 1484 ἔπνευσε.
579 1444 750 1500 ζέφυρος
772 1441 894 1497 ἡδύς,
929 1444 1112 1499 ἐγέλασεν
1139 1443 1264 1485 εὐδία.

256 1509 366 1553 6225
396 1528 401 1536 ‘-
427 1510 543 1552 ,Ἀλλ’
568 1509 593 1565 ἡ
614 1512 834 1566 βασίλισσα
852 1513 951 1566 Ζωὴ
972 1511 1017 1553 τὸ
1037 1516 1118 1554 τῶν
1135 1509 1343 1564 Ῥωμαίων
1359 1506 1505 1567 κράτος

392 1576 592 1636 κράτορος
617 1578 913 1637 ἀρρενόφρονος
925 1578 1088 1636 χρῄζειν
1109 1581 1356 1634 διεγνωκυῖα,

393 1648 462 1690 καὶ
485 1648 641 1690 παίδων
662 1648 705 1689 δὲ
724 1649 918 1702 διαδοχῆς
935 1650 1001 1690 καὶ
1023 1652 1185 1704 τοκετοῦ
1204 1649 1370 1701 διψῶσα

206 1715 237 1751 D
399 1716 467 1756 καὶ
485 1717 698 1770 γλιχομένη
723 1715 956 1772 τεκνουργὸς
973 1717 1143 1758 ἀκοῦσαι
1166 1713 1430 1769 παιδομήτωρ

400 1781 498 1837 (ὕπὸ
524 1785 635 1826 δυοῖν
657 1783 735 1842 γὰρ
757 1790 940 1827 κοπετοῖν
964 1782 1019 1834 ὡς
1039 1785 1202 1841 δένδρον
1218 1787 1458 1825 ποτισθεΐσα

352 1902 444 1937 6208
466 1897 581 1947 ἄρκος
602 1901 642 1936 Μ
779 1903 869 1937 6209
891 1900 1068 1947 κλέψαιτο
1092 1902 1137 1947 τῇ
1164 1898 1305 1945 φυγάδι
1327 1901 1367 1935 Μ
1484 1899 1577 1934 6210
1601 1896 1640 1934 ἐν
1661 1899 1725 1934 πέ-

353 1959 424 1994 τρᾳ
446 1947 478 1981 Α
614 1947 706 1982 6212
728 1945 902 1987 πολλάκις
925 1949 963 1984 Μ
1100 1960 1136 1982 v·
1161 1948 1253 1982 6220
1277 1959 1331 1981 om
1353 1946 1387 1983 R
1525 1946 1615 1980 6221
1639 1944 1728 1991 κρά-

354 2004 419 2033 τος
442 1993 482 2027 Μ
642 1994 733 2028 6223
763 1993 836 2037 γὰρ
869 1994 934 2030 AR
1027 1991 1274 2038 ἄπελαθείσης
1307 1993 1337 2026 A
1493 1991 1585 2027 6227
1617 2002 1656 2026 τε
1688 1992 1726 2026 Μ

354 2039 444 2074 6229
468 2036 543 2074 ἀπὸ
567 2039 602 2073 R
669 2040 830 2073 τοκετῶν
852 2040 898 2085 R,
945 2040 1137 2084 κηπευτῶν
1162 2040 1194 2074 Α

264 2149 332 2183 que
354 2138 556 2175 restituere.
604 2140 827 2176 nihilominus
846 2142 890 2176 de
912 2140 1050 2185 integro
1074 2141 1134 2174 fax
1149 2139 1331 2175 seditionis
1349 2149 1496 2172 accensa
1514 2137 1584 2171 fuit
1600 2136 1727 2171 adver-

264 2195 322 2217 sus
347 2184 519 2220 hominem
546 2187 824 2221 abominandum.
872 2192 1088 2232 quapropter
1115 2185 1314 2221 inevitabili
1344 2184 1382 2218 vi
1411 2188 1618 2230 perspecta,
1651 2193 1726 2232 cum

262 2229 373 2262 instar
393 2231 467 2264 ursi
492 2243 513 2265 a
531 2232 674 2266 canibus
697 2233 803 2267 cincti
822 2245 861 2267 se
879 2234 1032 2278 undique
1053 2233 1298 2266 circumdatum
1321 2234 1492 2273 cerneret,
1515 2228 1622 2263 vitam
1644 2229 1729 2274 fuga

264 2286 473 2310 conservare
496 2277 639 2321 nititur,
674 2283 710 2311 et
739 2279 832 2322 quod
863 2279 968 2323 vulgo
999 2278 1068 2313 dici
1097 2277 1296 2321 consuevit,
1320 2275 1419 2320 lepus
1437 2276 1484 2309 vad
1506 2286 1627 2319 rupem
1648 2285 1728 2308 sese

262 2320 434 2366 proripit,
468 2323 513 2356 ad
538 2334 691 2356 mensam
723 2324 905 2367 mysticam
931 2324 1087 2368 perfugii
1119 2323 1194 2357 loco
1229 2323 1389 2357 tendens.
1436 2331 1558 2354 verum
1579 2319 1728 2365 populus

263 2377 513 2410 saepenumero
548 2368 593 2401 ad
624 2369 778 2409 ¹furorem
815 2381 926 2414 usque
960 2381 1125 2404 accensus
1152 2369 1268 2412 ignem
1293 2367 1407 2412 ipsum
1441 2366 1584 2401 vincere
1626 2365 1728 2399 solet.

263 2423 340 2445 nam
362 2423 437 2446 cum
454 2413 547 2446 intra
564 2413 643 2458 ipsa
667 2414 774 2457 adyta
795 2426 895 2448 sacra
918 2427 1022 2449 cursu
1043 2415 1286 2460 perrupissent
1302 2439 1311 2456 ‚
1343 2413 1426 2446 inde
1448 2412 1610 2446 miserum
1631 2409 1727 2447 avel-

264 2457 358 2501 lunt,
390 2462 426 2492 et
460 2458 622 2492 clamanti
652 2459 805 2504 gementi
838 2460 1033 2495 lacrimanti
1073 2459 1189 2494 oculos
1220 2458 1398 2493 novaculis
1427 2462 1572 2500 eruunt,
1609 2457 1729 2495 eadem

262 2514 376 2547 poena
396 2503 500 2538 etiam
521 2506 645 2549 patruo
673 2505 783 2549 ipsius
810 2504 966 2549 irrogata
979 2533 990 2550 ,
1026 2506 1086 2550 qui
1108 2506 1163 2539 vir
1182 2510 1258 2539 erat
1276 2504 1429 2538 moribus
1453 2502 1641 2548 improbis,
1665 2513 1728 2536 ne-

263 2559 386 2593 quam,
411 2549 621 2593 sceleratus,
644 2550 793 2585 omnium
815 2556 999 2597 appetens.
1046 2551 1185 2596 imperii
1204 2555 1341 2595 gustum
1360 2561 1429 2583 non
1446 2549 1538 2586 ultra
1559 2549 1730 2588 4menses

263 2594 434 2640 percepit.
482 2597 670 2630 secundum
692 2597 779 2631 haec
794 2608 913 2631 rursus
937 2597 1177 2641 imperatrices
1194 2595 1527 2630 administrationem
1553 2605 1669 2629 rerum
1692 2593 1730 2628 in

264 2651 343 2674 sese
360 2640 558 2719 recipiunt,
587 2647 623 2676 et
645 2642 811 2676 traditum
830 2654 850 2678 a
875 2642 1066 2677 maioribus
1088 2641 1270 2686 imperium
1286 2645 1466 2686 usurpant.
1515 2651 1623 2684 quare
1645 2650 1727 2684 pro—

265 2685 320 2719 cul
343 2697 433 2732 expu
446 2698 486 2721 sa
508 2687 731 2722 vexationum
750 2692 982 2734 tempestate,
1004 2689 1074 2722 iam
1095 2687 1205 2722 dulcis
1224 2687 1387 2721 favonius
1411 2686 1590 2731 spirabat,
1618 2690 1654 2726 et
1671 2696 1728 2719 se—

267 2731 398 2765 renitas
423 2733 593 2777 quaedam
616 2734 772 2770 suaviter
791 2734 981 2771 arridebat.

356 2778 540 2812 Caeterum
563 2778 687 2823 regina
716 2779 791 2813 Zoe
820 2791 896 2814 cum
917 2779 1101 2815 statuisset
1121 2778 1304 2824 imperium
1321 2779 1512 2812 Romanum
1534 2775 1648 2811 virilis
1663 2773 1730 2808 im·
1776 2815 1778 2819 .

263 2824 438 2867 potatoris
465 2835 574 2870 opera
599 2824 778 2871 indigere,
805 2826 974 2872 simulque
993 2836 1214 2860 successores
1239 2836 1282 2859 ex
1304 2836 1342 2859 se
1361 2829 1461 2859 natos
1486 2832 1652 2866 conseqm
1669 2830 1729 2854 cu-
