1898 3242
289 234 388 281 246
675 206 1053 277 coN‘srANTm
1087 198 1354 280 MANAssls
1390 239 1392 241 ·
1414 205 1418 208 ’

424 347 492 390 καὶ
512 344 581 388 τὸν
597 347 752 398 χιτῶνα
769 344 839 387 τὸν
863 345 1036 402 σκληρὸν
1057 342 1243 401 κρύπτειν
1265 349 1315 402 τῇ
1335 333 1558 403 πορφυρίδι

291 415 402 459 5780
421 415 488 458 καὶ
507 413 710 468 τραπεζῶν
729 412 950 467 ἀπέχεσθαι
968 417 1048 455 τῶν
1067 417 1139 468 τῆς
1158 414 1404 470 κρεοβοριάς.
1500 406 1501 409 ¹
1560 416 1562 418 ’

426 481 478 523 τὰ
499 481 572 535 μὲν
595 475 666 523 οὖν
691 479 796 525 ἄλλα
817 479 960 536 λύχνος
979 475 1029 536 ἦν
1049 478 1277 538 ἢμεραυγὴς
1296 482 1565 538 παμφαίνων·

427 549 532 603 πλὴν
554 545 608 598 ὡς
625 553 762 606 φορῶν
784 548 856 604 τὴν
873 553 1018 606 γηγενῆ
1033 551 1099 591 καὶ
1113 549 1346 603 χωματίνην
1365 547 1511 605 σάρκα,

243 622 275 658 D
429 615 544 672 ἔφερε
566 619 632 659 καὶ
657 615 896 671 σπιλώματα
916 622 1035 661 τινῶν
1055 614 1435 673 προσοχθισμᾶῗων,

426 683 559 740 ὥσπερ
579 686 620 726 ἓν
640 685 775 742 πέπλῳ
797 689 969 742 καθαρῷ
986 687 1152 739 κηλῖδας
1174 681 1480 732 δυσεκπλύτους.

293 751 404 797 5785
428 750 483 802 ὥς
504 750 581 807 γάρ
609 769 733 809 φασιν
761 753 799 795 οἳ
817 751 1049 810 γράψαντες
1064 752 1142 808 πρὸ
1159 749 1318 807 χρόνων
1339 750 1605 810 παλαιτέρων,

427 819 474 863 τὸ
497 820 601 862 κατὰ
620 812 775 874 πνεῦμα
793 821 975 877 συγγενὲς
995 819 1103 874 σχὼν
1124 819 1226 878 πρὸς
1249 819 1322 873 τὴν
1341 819 1536 873 βασιλίδα
1608 831 1610 833 ’

429 887 540 941 ὅμως
563 888 663 944 αὐτῇ
689 887 980 946 συμφύρεσθαι
1000 890 1065 932 καὶ
1087 891 1286 944 σαρκικοῖς
1305 886 1469 941 ἐτόλμα.
1556 878 1559 895 ⁵

431 950 549 1005 οὗτος
572 954 592 998 ὃ
612 961 770 1012 πρῶτος
788 955 1022 1013 μολυσμός,
1051 954 1237 1011 δεύτερος
1252 955 1293 996 δ’
1317 949 1370 997 αὖ
1392 956 1574 1004 ἐκεῖνος·

432 1022 594 1073 ἀνάξιον
618 1023 866 1074 αὖτάνακτος
890 1023 967 1078 εἶχε
987 1023 1032 1066 τὸ
1055 1021 1332 1079 σμικρολόγον,

293 1090 407 1135 5790
433 1093 499 1133 καὶ
517 1092 561 1134 τὸ
588 1090 815 1148 φιλόδωρον
837 1092 963 1134 αὐτοῦ
984 1097 1055 1146 τῆς
1077 1090 1237 1147 γνώμης
1260 1087 1453 1144 ἀπεδήμει

432 1157 487 1211 ὡς
509 1159 729 1216 ὀφθαλμὸς
746 1161 788 1201 ἐκ
810 1158 998 1213 σώματος
1018 1159 1094 1201 κᾶκ
1114 1161 1348 1215 τερεβίνθου
1369 1157 1536 1215 φύλλον.
1591 1176 1594 1179 ’

428 1227 647 1271 κάντεῦθεν
671 1225 780 1269 ἅπαν
798 1232 868 1269 τοῦ
891 1230 1019 1269 Φωκᾶ
1035 1228 1269 1283 προτέρημα
1289 1228 1356 1268 καὶ
1378 1225 1526 1277 κάλλος

431 1294 616 1349 ἄσχημον
639 1296 922 1351 κατεφαίνετο,
953 1293 1191 1351 δύσμορφον
1215 1296 1479 1350 καθωρᾶτο.’·’

144 1380 173 1416 p
206 1381 273 1420 113
429 1364 495 1403 καὶ
518 1363 595 1418 γὰρ
623 1362 701 1403 ἀπὸ
724 1366 798 1404 τοῦ
815 1360 1005 1415 σώματος
1025 1366 1097 1415 τῆς
1113 1359 1237 1417 κόρης
1261 1362 1504 1415 ἐκκοπείσης)

295 1428 404 1474 5795
430 1428 537 1471 ἅπαν
560 1434 631 1471 τοῦ
651 1434 797 1483 σκῆνος
812 1427 997 1486 ἀμαυρόν
1010 1461 1023 1481 ,
1059 1428 1167 1471 ἅπαν
1183 1428 1335 1485 λυπρὸν
1355 1427 1401 1471 τὸ
1422 1429 1568 1483 δέμας·

431 1497 509 1540 κάκ
527 1499 762 1554 τερεβίνθου
783 1490 989 1554 τρυφερᾶς
1009 1495 1216 1554 φυλλάδος
1237 1494 1494 1552 ἕκρευσάσης,

434 1565 472 1607 οἳ
491 1570 637 1615 κλῶνες
657 1565 913 1622 ἂχαρίτωτοι,
950 1564 996 1607 τὸ
1020 1566 1206 1618 στέλεχος
1232 1565 1405 1621 ἀχρεῖον.

433 1634 585 1675 κείσθω
607 1650 678 1688 μοι
703 1634 746 1675 δὲ
766 1635 832 1675 καὶ
850 1631 1059 1690 γνώρισμα
1081 1637 1154 1687 τῆς
1174 1629 1580 1687 πτωχογνωμοσύιής.

434 1701 553 1755 λιμὸς
573 1702 646 1755 τὴν
670 1705 745 1756 γῆν
765 1699 951 1754 ἐβόσκετο
973 1700 1046 1754 τὴν
1067 1699 1144 1742 ὑπὸ
1163 1696 1503 1754 τοὺς-Ῥωμαίους,

296 1770 411 1812 5800
431 1770 498 1826 καὶ
519 1772 569 1826 τῇ
584 1767 773 1829 πυράγρα
787 1773 866 1811 [τοῦ
884 1772 1013 1812 κακοῦ
1033 1768 1078 1811 τὸ
1101 1772 1261 1823 πλῆθος
1284 1767 1519 1825 ἠναλγοῦτο,

388 1910 426 1933 v.
453 1897 545 1934 5780
580 1909 634 1932 om
658 1897 729 1932 AM
909 1897 999 1933 5781
1031 1893 1084 1932 ὥν
1112 1897 1152 1932 Μ
1333 1897 1424 1932 5788
1446 1890 1562 1936 αὖθις
1589 1891 1701 1937 ἄλλος
1719 1896 1761 1931 Μ

388 1943 482 1978 5794
505 1941 755 1987 ἀποκοπείσης
777 1940 889 1987 κόρης
908 1944 974 1977 AR
1069 1945 1161 1980 5797
1180 1940 1332 1987 ἄγροῖον
1350 1944 1382 1977 Α
1481 1943 1573 1979 5798
1596 1941 1638 1977 δέ
1647 1942 1764 1989 μοιΜ

389 1990 480 2028 5799
505 1988 610 2034 λιμὸς
635 1986 809 2038 ἐβόσκετό
830 2000 920 2026 ποτε
939 1990 1006 2027 AR.
1142 2001 1180 2027 v.
1203 1990 1295 2026 5800
1317 1989 1387 2025 add
1403 1988 1438 2026 R

298 2105 405 2147 atque
429 2101 569 2137 dotibus
590 2102 777 2148 insigniter
795 2102 955 2148 lucebat,
968 2096 1016 2138 'et
1035 2114 1146 2149 usque
1169 2103 1257 2138 adeo
1279 2102 1455 2136 studiosus
1477 2106 1553 2136 erat
1570 2099 1762 2146 pulchritu-

297 2148 391 2181 dinis
416 2149 574 2182 internae
587 2175 596 2192 ,
620 2155 659 2182 ut
681 2154 782 2183 veste
805 2150 982 2194 spinarum
1003 2149 1041 2183 in
1058 2161 1187 2184 morem
1205 2155 1381 2195 pungente
1400 2147 1638 2192 corpusculum
1663 2156 1762 2180 suum

297 2194 497 2237 affligeret,
526 2196 590 2228 sub
617 2206 772 2239 purpura
797 2196 950 2230 tunicam
968 2207 1112 2241 prorsus
1138 2206 1295 2240 asperam
1315 2198 1473 2238 tegeret,
1500 2204 1522 2227 a
1545 2191 1706 2227 carnibus
1723 2191 1764 2226 in

297 2238 397 2272 victu
421 2239 629 2273 abstineret.
675 2241 828 2284 denique
850 2243 956 2275 rebus
989 2241 1027 2275 in
1051 2240 1127 2275 aliis
1153 2246 1228 2274 erat
1250 2240 1362 2274 instar
1378 2238 1466 2272 facis
1492 2237 1680 2272 clarissime
1698 2247 1764 2282 per

298 2283 392 2317 diem
416 2283 646 2327 splendentis.
694 2296 814 2319 verum
833 2291 871 2320 ut
894 2288 995 2320 homo
1009 2313 1020 2330 ‚
1038 2287 1099 2331 qui
1120 2290 1323 2321 terrestrem
1344 2289 1380 2318 et
1400 2295 1602 2331 corpoream
1625 2293 1764 2318 carnem

299 2333 478 2373 gestaret,
508 2330 674 2373 quasdam
699 2331 804 2364 etiam
825 2331 922 2366 labes
946 2333 1119 2374 habebat,
1149 2331 1274 2375 quibus
1303 2330 1458 2364 homines
1490 2329 1764 2372 offenderentur,

299 2386 344 2408 ac
377 2373 408 2408 si
433 2374 589 2408 maculae
621 2379 753 2410 vestem
787 2378 946 2411 mundam
975 2379 1141 2420 foedent,
1172 2388 1262 2423 quae
1290 2374 1479 2410 difficulter
1510 2373 1580 2409 elui
1611 2373 1764 2420 possint.

299 2431 380 2454 nam
407 2423 447 2454 ut
475 2419 584 2465 prisci
615 2431 731 2455 rerum
756 2426 932 2464 gestarum
963 2423 1153 2468 scriptores
1176 2423 1335 2466 tradunt,
1369 2419 1528 2466 quamvis
1548 2417 1765 2465 imperatrici

299 2464 476 2511 spirituali
496 2465 703 2509 cognatione
730 2466 867 2500 iunctus
901 2474 1019 2511 esset,
1048 2467 1155 2501 nihilo
1178 2473 1293 2501 tamen
1315 2466 1425 2501 minus
1448 2477 1523 2500 eam
1546 2463 1764 2500 matrimonio

298 2521 440 2555 quoque
464 2510 594 2545 carnali
617 2522 719 2545 ausus
738 2516 792 2546 est
808 2512 877 2545 sibi
899 2512 1076 2557 copulare.
1122 2518 1264 2558 praeter
1282 2512 1370 2546 hanc
1387 2511 1497 2546 labem
1515 2509 1705 2545 accedebat
1726 2514 1765 2551 et

299 2555 394 2599 alia,
417 2567 559 2600 prorsus
591 2556 736 2601 indigna
757 2557 835 2591 viro
861 2558 1043 2602 principe,
1073 2558 1232 2592 nimirum
1258 2557 1419 2593 avaritia.
1479 2557 1610 2610 quippe
1641 2556 1764 2590 aberat

299 2601 412 2634 omnis
431 2601 643 2646 liberalitas,
665 2602 762 2638 velut
785 2602 901 2637 oculus
926 2615 947 2637 a
966 2615 1132 2648 corpore,
1163 2615 1184 2637 a
1212 2603 1412 2637 terebintho
1439 2602 1538 2637 folla.
1586 2612 1651 2649 per
1673 2601 1763 2634 hano

299 2657 438 2680 causam
466 2646 579 2681 virtus
606 2648 716 2682 omnis
743 2653 847 2693 atque
876 2648 1096 2694 pulchritudo
1124 2649 1263 2682 Phocae
1285 2648 1466 2693 plurimum
1488 2647 1761 2683 deformabatur.

301 2691 463 2726 nimirum
481 2692 512 2726 si
535 2692 628 2727 absit
650 2694 768 2728 oculus
804 2705 825 2729 a
847 2694 1012 2740 corpore’,
1044 2699 1167 2728 totum'
1183 2694 1330 2728 hominis
1359 2692 1619 2728 tabernaculum
1642 2689 1763 2734 caligi-

302 2748 425 2771 nosum
443 2743 518 2779 est;
540 2743 577 2772 et
598 2750 673 2773 cum
704 2739 923 2774 terebinthus
947 2739 1109 2774 foliorum
1133 2740 1297 2775 honorem
1325 2739 1462 2784 amisit,
1484 2745 1556 2773 tum
1574 2736 1678 2772 rami'
1723 2746 1763 2768 a·

303 2782 377 2816 tiae
397 2783 660 2828 venustatisque
687 2785 775 2819 nihil
796 2786 944 2829 habent,
975 2790 1048 2820 tum
1067 2785 1177 2830 stipes
1203 2785 1335 2819 inutilis
1358 2789 1425 2820 est.
1472 2789 1577 2829 atque
1601 2783 1668 2816 ho'c
1699 2791 1763 2814 oco

302 2826 402 2862 lubet
422 2828 553 2863 indicia
572 2831 739 2874 quaedam
762 2831 931 2865 avaritiae
948 2831 1144 2878 Nicephori
1166 2842 1339 2875 promere.
1375 2831 1556 2876 premebat
1579 2826 1764 2872 aliquando

303 2874 415 2908 fames
437 2873 615 2911 subiectas
635 2876 802 2912 Romanis
827 2876 1027 2924 provincias
1061 2878 1150 2912 adeo
1173 2875 1234 2911 vix
1268 2882 1307 2911 ut
1324 2875 1514 2911 medimnus
1537 2884 1643 2909 aureo
1667 2883 1764 2907 num-
