1864 3242
531 151 929 198 ACROPOLITAM
960 152 1158 196 NOTAE.
1472 150 1533 199 26
1546 150 1565 196 l

125 259 319 316 σεβασμζᾳ
336 260 455 327 μονῇ
462 262 535 301 τοῦ
554 258 671 328 ἆγίου
686 259 912 330 Γρηγορίου
930 275 1001 302 του
1019 262 1344 330 θανματονργσῦ,
1372 260 1415 302 ἐν
1435 259 1566 332 ἐκείνῃ

123 320 176 371 τῇ
181 318 319 385 “novif-
332 319 387 372 τῷ
415 314 498 357 τότε
519 313 737 371 διαγόντων
753 317 891 369 ἡμῶν,
935 318 1098 369 εἰσῆλθε
1118 315 1243 359 δὲκαὶ
1262 315 1360 372 πρὸς
1378 315 1450 359 τὸν
1466 315 1567 359 ναόν

122 376 198 419 τοῦ
214 375 319 415 θεοῦ
338 358 574 441 τελουμένης
590 375 663 426 τῆς
681 375 944 441 λειτουργίας,
982 374 1049 415 καὶ
1067 371 1310 426 α’πεκλείσθη
1327 370 1425 427 παρ’
1447 373 1566 443 ἡμῶν

121 443 198 480 της
213 427 322 482 ἱερᾶς
343 425 575 481 α’κροᾶσεως
595 428 663 470 καὶ
680 426 909 500 ἅπεδιῶχθη
928 428 1024 481 μετὰ
1045 427 1248 483 αἰσχύνης,
1279 427 1500 499 ὀδυρομένη
1518 427 1562 472 τό

121 483 281 555 γεγρνός,
297 483 362 530 ἐπὶ
380 482 499 542 αὐτῇ.
553 482 677 526 πάλιν
687 485 809 552 ἡμεῖς
826 486 870 527 ἐν
892 483 1088 539 πνεύματι
1109 487 1326 539 τολμητίαι,
1354 486 1421 527 καὶ
1441 483 1563 528 πάλιν

120 538 222 593 ἡμῖν
250 537 408 582 απειλαὶ
439 528 508 582 καὶ
534 554 780 595 περιστασεις
809 541 877 582 καὶ
904 543 1098 585 κίνδυνοι.
1169 543 1226 584 ἔτι
1259 540 1333 612 τὴν
1367 540 1565 596 κοσμικήν

95 618 97 620 ·
121 596 238 664 ἐσμεν
259 598 406 648 σοφίαν
424 594 669 648 ἀπαίδευτοι,
697 598 765 639 καὶ
783 598 964 652 στυγητοὶ
985 598 1051 639 δια
1069 602 1184 640 τοῦτο
1201 599 1269 640 καὶ
1285 595 1562 667 οἶποτρόπαιοι.

120 651 241 695 πάλιν
258 650 573 723 αντιφερόμεθα
583 659 669 704 ταῖς
694 651 852 709 αρχαῖς,
891 654 958 695 καὶ
976 652 1134 704 εἰκότως
1152 651 1449 724 ἆπελεγχόμεθα
1466 653 1564 697 δύσ-

119 723 305 781 χρηστοικ
350 726 489 764 μικρον
521 726 594 763 της
626 713 708 752 ταῖν
744 712 886 752 δεινῶν
913 712 1108 764 ἐπιφορᾶς
1139 709 1415 780 ἄνεψύξαμεν,
1453 712 1520 753 καὶ
1539 712 1564 754 6

118 763 305 807 Σαταν”
274 781 432 836 ηγαγεν
440 767 496 816 εἰς
513 766 620 820 ημᾶς
637 783 713 820 την
732 763 879 834 α’σελγῆ
895 783 937 809 τε
954 768 1021 808 καὶ
1040 766 1263 821 φαρμακὸν,
1291 771 1362 821 τῆς
1383 769 1564 838 οἰκουμέ-

117 837 195 875 νης
213 818 256 864 τὸ
275 821 532 892 πρόσκομμα,
574 821 619 865 τὸ
648 820 892 891 παγκόσμιον
919 823 1143 866 σκάνδαλον
1173 841 1268 879 μετα
1295 828 1368 867 τοῦ
1399 821 1563 880 αὐχένος

118 878 187 920 καὶ
213 882 291 932 τῆς
311 875 467 933 ὀφρύος
491 879 560 921 καὶ
586 883 660 920 τοῦ
687 895 962 950 φρυαγματος,
1000 880 1099 935 τάχα
1124 882 1197 934 μὲν
1213 880 1472 937 καταπλήξων
1494 885 1563 926 καὶ

116 936 421 981 καταπαλαίσων
438 934 556 988 ημᾶς
567 934 648 988 ηδη
675 941 762 985 ταῖς
790 940 870 978 τῶν
900 934 1091 1008 αλγεινῶν
1110 939 1470 992 ἐκδειματωθέντας
1493 941 1561 983 καὶ

117 990 527 1061 προκατασεισθέντας
546 990 765 1062 ἐπαγωγαῖς
785 995 918 1044 (τοῦτο
936 992 1011 1048 γοὲρ
1031 991 1160 1050 ῳήθη,
1171 995 1363 1062 πτωχούς
1383 995 1458 1050 τὴν
1474 994 1560 1038 δια-

116 1062 235 1088 νοιαν
251 1047 320 1088 καὶ
337 1045 408 1091 τόν
423 1050 495 1100 τῆς
515 1051 650 1100 ψυχῆς
668 1046 783 1089 τόνον
799 1051 1062 1102 παρειμένους
1089 1049 1255 1117 εἴδεός),
1298 1051 1422 1101 ὅντως
1443 1052 1486 1094 δὲ
1505 1058 1561 1109 τῷ

116 1101 223 1172 μόνῳ
241 1106 367 1172 σοφῷ
375 1116 417 1144 τε
433 1103 502 1144 καὶ
517 1105 668 1173 ἰσχυρῷ
684 1104 1132 1159 κατασοφισθησόμενός
1148 1123 1189 1148 τε
1208 1109 1275 1149 καὶ
1298 1096 1561 1163 έκνευρισθη-

116 1157 294 1212 σόμενος.
349 1157 504 1229 αθρους
523 1156 746 1210 ακαθεκτος
762 1160 792 1213 ἦ
805 1178 951 1214 μαινας
966 1167 1023 1218 τῷ
1040 1162 1234 1219 ημεδαπῷ
1252 1166 1417 1220 σεμνείω
1436 1179 1560 1218 προσ-

116 1216 252 1283 ε’ρραξε
274 1230 369 1269 μετα
390 1214 594 1270 βαρείας“
569 1230 650 1272 οσω
673 1218 741 1258 καὶ
761 1219 941 1271 σφοδρᾶς
962 1222 1033 1288 τῆς
1056 1224 1231 1272 πομπῆς,
1258 1206 1424 1290 ὄξύρρόυ
1442 1224 1560 1274 δίκην

115 1269 332 1327 χειμάρρου
351 1276 607 1340 πολυμιγοῦς.
666 1272 880 1327 ἑωρακότες
902 1272 1029 1327 αὐτήν
1054 1277 1096 1316 οἱ
1112 1276 1216 1344 περὶ
1227 1293 1298 1324 τας
1314 1276 1443 1326 πύλας
1457 1277 1559 1330 ἡμέ-

114 1345 242 1382 τεροι,
274 1329 343 1369 καὶ
361 1341 447 1370 οσοι
462 1344 544 1370 των
561 1325 688 1379 ἐντός,
717 1332 951 1383 πεφρίκασι,
982 1330 1343 1385 διαπεφωνήκασιν.
1375 1332 1557 1387 εἰσερρύη

114 1386 362 1438 πανετοίμως
390 1385 458 1426 καὶ
484 1385 540 1434 εἰς
564 1382 682 1427 αὐτὸν
708 1385 775 1428 τὸν
794 1402 898 1427 νεων
916 1390 987 1440 τῆς
1006 1389 1123 1437 θείας
1140 1389 1206 1429 καὶ
1223 1392 1415 1459 μυστικῆς
1430 1390 1558 1431 ἐπιτε-

113 1441 309 1509 λουμένης
329 1442 477 1490 θυσίας
497 1459 523 1494 η
545 1439 701 1509 ἐναγής.
730 1442 846 1496 ημεῖς
865 1443 920 1493 δέ,
947 1443 1015 1484 καὶ
1033 1447 1129 1485 ταῦτ
1135 1441 1208 1486 ’ἐν
1209 1443 1425 1515 αμηχανία
1444 1461 1558 1500 γεγο-

113 1494 221 1546 νὸτες
239 1514 293 1554 τω
313 1494 495 1567 οἶδοκήτῳ
513 1501 586 1539 τοῦ
603 1496 842 1552 πράγματος,
863 1497 1102 1554 οἷπείργομεν
1119 1497 1244 1550 εὕθῦς
1262 1500 1336 1555 τὴν
1354 1505 1558 1555 μοιχαλίδα

112 1557 184 1607 τῆς
203 1555 312 1608 ἱερᾶς
326 1550 571 1623 οἷκροασεως,
599 1556 671 1607 τῆς
690 1559 830 1607 κοινῆς
846 1557 912 1597 καὶ
934 1556 1153 1608 συμφώνου
1168 1574 1249 1598 των
1267 1562 1418 1599 πιστῶν
1438 1556 1556 1612 εὐχῆς

113 1627 154 1652 τε
170 1611 238 1652 καὶ
251 1610 474 1678 υμνῳδίας.
529 1606 904 1664 ἄποτροπιαζόμεθα
925 1611 999 1664 τιῙν
1024 1610 1261 1666 ασχήμονα,
1282 1631 1357 1667 την
1381 1613 1555 1664 ἐκτόπως

111 1671 196 1716 τοῖς
215 1664 355 1720 νόμοις
381 1683 451 1708 του
473 1670 646 1721 Χριστοῦ
667 1668 950 1720 ἐνυβρίζουσαν
970 1669 1038 1709 καὶ
1052 1668 1127 1723 τήν
1146 1667 1265 1739 ὕβριν
1288 1669 1554 1723 δημοσιεύον-

113 1737 209 1775 σαν,
244 1721 352 1772 ολαις
354 1723 512 1794 ὁρμαῖς
531 1723 849 1777 ἔξοστρακίζομεν
867 1741 949 1766 των
972 1725 1092 1767 ὁσίων
1115 1723 1249 1768 τόπων
1269 1726 1342 1779 τήν
1368 1727 1551 1780 βέβηλοι,

111 1782 303 1833 περιδεεῖς
321 1778 393 1832 μὲν
414 1795 523 1828 οντες
542 1783 591 1837 τῇ
610 1779 800 1850 ἀσθενείᾳ
815 1785 887 1834 τῆς
900 1780 1053 1835 σαρκός
1069 1782 1136 1823 καὶ
1153 1779 1386 1851 ν’πότρομοι,
1409 1800 1463 1824 τω
1482 1787 1555 1825 τοῦ

111 1838 252 1888 κυρίου
278 1835 322 1877 δὲ
348 1838 539 1892 κρατίστω
568 1821 686 1893 φόβω
715 1836 789 1889 τήν
815 1837 1034 1909 ἄνθρωπον
1059 1836 1359 1910 ἐκκρουόμεναι,
1388 1826 1455 1880 καλ
1481 1844 1554 1881 τοῦ

110 1896 391 1946 παρανομῆσαι
406 1891 452 1934 το“
468 1897 614 1933 θανεῖν
630 1897 778 1946 μᾶλλον
796 1892 1026 1947 αἱρούμενοι
1039 1927 1049 1944 ‚
1079 1912 1146 1935 και
1165 1894 1209 1935 τό
1227 1899 1277 1951 τῇ
1295 1893 1411 1936 οἷκοιν
1415 1894 1552 1963 ωνήτῳ

111 1947 438 2000 συνεκκλησιιίσαι
454 1965 533 1990 των
551 1946 798 1991 απευκταίων
814 1950 935 1991 πλέον
946 1948 1164 2020 ηγούμενοι
1181 1955 1251 1992 τοῦ
1263 1955 1412 2003 πικρῶς
1424 1949 1552 1992 α’παλ-

110 2009 279 2059 λαγῆναι
298 2007 415 2046 τουδε
436 2009 508 2046 τοῦ
525 2003 719 2058 σκήνους,
743 2005 911 2076 πληγας
940 2007 982 2048 ἐν
1008 2024 1112 2061 αυτῳ
1140 2007 1208 2047 καὶ
1235 2011 1456 2075 καθείρξεις
1484 2009 1552 2048 καὶ

109 2060 301 2130 λιμοίξεις,
331 2061 399 2102 καὶ
416 2062 498 2103 εἴτι
515 2060 610 2103 ι’ίλλο
630 2066 708 2104 τῶν
727 2060 1035 2115 α’πειλουμένων,
1067 2061 1348 2131 υπενεγκόντες
1371 2062 1437 2104 δια
1458 2066 1551 2116 βίου

111 2115 272 2168 παντός.
309 2122 389 2159 τῶν
409 2117 480 2171 μὲν
502 2135 578 2173 γαρ
593 2116 798 2172 παρόντων
817 2118 977 2172 ἄνδρων
994 2118 1036 2160 τό
1055 2117 1278 2172 βιαιότατόν
1296 2136 1336 2163 τε
1354 2120 1420 2161 καὶ
1439 2137 1548 2172 μονι·

111 2172 306 2241 μιότατον,
336 2173 391 2227 μη“
407 2175 622 2228 περαιτέρω
641 2179 710 2228 τῆς
727 2180 799 2216 τοῦ
819 2178 966 2227 δεσμοῦ
985 2173 1126 2244 διαρρή
1132 2178 1225 2225 ξεως
1245 2177 1473 2228 ἐξισχυσαν,
1500 2177 1551 2232 τῇ

111 2228 288 2302 ἑπικήρῳ
312 2230 632 2300 συγκατεστράφη
657 2235 757 2287 ζωῆ,
793 2233 983 2285 μεγίστων
1007 2228 1458 2300 ἅντιφιλοτιμησαμενον
1483 2233 1550 2274 καὶ

111 2285 366 2328 ἆκαταλύτων
385 2285 574 2329 ἐπαθλων
593 2285 731 2341 ἑσμόν·
760 2287 802 2329 vd
823 2287 864 2329 6'
886 2286 1099 2341 ἀστοχῆσαι
1120 2285 1255 2341 νόμων
1271 2293 1394 2338 θεοῦ,
1424 2290 1491 2329 καί
1514 2306 1549 2329 τι

109 2346 192 2386 τῶν
212 2341 433 2396 θελγὸντων
461 2360 534 2397 την
562 2346 756 2396 αἴσθησιν
779 2350 989 2399 προκρῖναι
1015 2361 1095 2389 των
1122 2349 1194 2387 τοῦ
1211 2347 1351 2398 κυρίου
1373 2348 1547 2397 θεσμῶν,

110 2397 154 2441 τό
177 2396 427 2452 ἄπερρῖφθαι
449 2403 645 2471 προξενεῖ
652 2401 691 2450 ἐξ
713 2397 860 2450 αυτοῦ,
886 2402 1049 2454 πικρίαν
1071 2397 1325 2450 ἀνύποιστον,
1356 2398 1549 2453 αἰσχύνην

110 2453 345 2509 ἀπέραντον.
379 2455 473 2526 χρῆ
493 2473 539 2510 με
525 2456 566 2498 ἒν
597 2459 670 2498 οὑν
699 2456 807 2510 ημᾶς
832 2456 920 2526 την
926 2459 968 2498 ἐν
988 2462 1222 2527 προσευχαῖς
1241 2454 1480 2508 α’ληθίζειν’
1463 2460 1549 2498 επί-

110 2516 251 2564 κλησιν
268 2511 336 2553 καὶ
355 2506 421 2554 οἷα
438 2513 554 2554 τέκνα
573 2517 646 2554 τοῦ
650 2510 819 2567 αγαθοῦ
837 2512 880 2555 τὸ
896 2510 1057 2583 ἆγαθόν
1071 2514 1255 2583 ἐνεργεῖν,
1277 2515 1310 2553 εἰ
1331 2515 1396 2552 καὶ
1413 2530 1433 2553 ο
1454 2529 1548 2565 χους

110 2566 330 2637 ὖποσύρει,
362 2566 561 2618 συντόνως
582 2567 791 2614 οἷνθέλκειν
813 2570 965 2618 ἑαυτοῖς
981 2569 1081 2620 πρός
1099 2586 1145 2609 τα
1167 2567 1251 2610 ἅνω
1274 2567 1339 2609 δια
1360 2585 1433 2621 την
1450 2567 1548 2620 πρὸς

110 2623 181 2666 τὸν
197 2622 372 2676 ὕψιστον
390 2625 537 2679 πατέρα
557 2623 678 2676 αι’δώ,
709 2627 775 2672 καὶ
792 2626 834 2673 τὸ
855 2629 1068 2678 πολίτευμα
1090 2625 1210 2677 ξ’,χειν
1241 2642 1295 2674 ως
1315 2625 1358 2666 ἐν
1377 2628 1548 2693 πατρίδι,

111 2681 156 2722 ἐν
174 2679 382 2750 ου’ρανοῖς,
423 2680 546 2734 ἔρρειν
576 2679 747 2733 ἀφέντας
776 2688 859 2724 πᾶν
891 2681 1035 2752 γεηρόν
1062 2682 1129 2722 καὶ
1152 2676 1228 2734 πρό
1252 2698 1293 2735 γε
1313 2685 1384 2733 τῆς
1402 2678 1549 2721 αναλύ-

111 2751 230 2788 σεως,
266 2737 301 2778 εἰ
319 2735 361 2778 δὲ
379 2739 450 2788 τῆς
466 2736 624 2802 πρώτης
645 2756 717 2780 ουκ
733 2737 1009 2792 ἐφικνούμεθα
1029 2737 1193 2788 τάξεως,
1221 2736 1318 2790 πρὸς
1339 2754 1410 2785 τας
1431 2735 1549 2777 ἐνεκ-

112 2790 314 2848 φροὶστους
337 2790 579 2844 απολαύσεις
602 2794 699 2845 τέως
729 2795 827 2850 ὁρᾶν
856 2797 898 2836 αἳ
920 2793 968 2848 δη
990 2796 1155 2850 βραβεῖα
1175 2799 1256 2845 τοῖς
1274 2795 1315 2836 ἐν
1336 2791 1457 2850 ἀρετῇ
1477 2810 1549 2834 κα-
