1924 3242
720 196 788 239 AN
790 195 972 240 NALES.
1249 159 1257 169 ο
1505 193 1571 241 79

138 307 301 365 πήματι
321 305 451 355 οὗκέτι
469 305 567 366 ῥᾷον
589 306 704 351 ἐστίν.
774 306 968 360 ἑλεπόλεις
998 308 1042 352 δὲ
1072 311 1216 366 στῆσαι
1235 307 1328 352 κατ’
1350 305 1475 352 ἀῧτοῧ
1492 312 1571 351 τῶν

137 373 355 438 ἀμηχάνων
371 375 628 431 καθέστηκεν.
694 381 934 434 προσβαλεῖν
957 379 1000 420 δὲ
1019 380 1085 420 καὶ
1103 377 1204 433 μετὰ
1221 384 1358 435 πεῖραν
1375 376 1571 434 ἀνακρου-

137 448 288 505 σθῆναι
311 444 435 496 αῖὸὡς
457 444 530 498 μὲν
553 442 720 501 ὑπάρχει
739 449 797 503 τῷ
814 444 948 502 κράτει
969 451 1040 501 τῆς
1054 444 1260 501 Ῥωμαίων
1282 446 1408 503 ἀρχῆς
1440 443 1574 502 (φήμη
1597 451 1627 486 Β

136 512 216 570 γὰρ
250 511 374 568 αῧτῆς
403 514 466 555 ἐπὶ
488 518 572 563 τοῖς
589 511 785 564 τοιούτοις
800 511 905 556 πάνυ
927 512 1109 567 πολλή),
1143 516 1208 556 καὶ
1239 514 1286 557 τὸ
1314 513 1415 571 πρὸς
1442 511 1576 568 μάχην

105 585 381 638 ὄπαροτρῦναι
403 579 666 638 Βουλγάρους
685 579 1007 638 ε’φησυχάζοντας
1028 581 1155 624 οὐκέτι
1179 582 1386 639 συμφέρει.
1451 585 1580 624 ταῦτα

135 647 422 704 συνεβούλευον
440 649 478 692 οἷ
498 649 567 692 τὸν
586 650 756 703 βασιλέα
776 653 848 705 τῆς
871 647 1126 706 ἐγχειρήσεως
1146 649 1444 706 ἀποτρέποντες.
1490 647 1512 690 ὅ
1536 649 1580 690 δὲ

134 714 415 773 Παλαιολόγος
428 715 696 774 Ἀνδρόνικος,
730 716 775 760 ὃν
792 718 916 774 μέγαν
937 718 1169 771 δομέστικον
1194 715 1215 759 ὃ
1238 715 1354 772 λόγος
1373 733 1443 771 μοι
1461 721 1577 773 προϊ-

135 783 326 842 στόρησε,
359 786 412 829 τὰ
439 787 596 829 ἐναντία
616 790 770 840 μᾶλλον
789 791 848 844 τῷ
863 790 1030 840 βασιλεῖ
1043 783 1313 840 συνεβούλευε.
1381 786 1447 826 καὶ
1475 784 1578 826 ἄπο-

134 849 354 911 πειρᾶσθαι
369 854 452 911 χρὴ
477 859 550 897 τοῦ
571 853 722 904 ἄστεως
738 858 818 896 τῶν
835 857 1009 911 Σερρῶν.
1079 855 1145 895 καὶ
1174 855 1209 895 εἲ
1234 853 1308 906 μὲν
1330 850 1578 908 κρατήσομεν

81 920 301 974 1οτούτου,
334 922 474 979 κέρδος
494 919 715 976 ἐσχήκαμεν
738 922 783 965 οὗ
804 920 948 978 μικρόν
955 953 969 974 ,
1012 923 1078 963 καὶ
1096 925 1251 975 μᾶλλον
1270 920 1322 962 τὰ
1341 924 1420 962 τῶν
1443 922 1578 961 Βουλ-

133 987 268 1046 γάρων
287 988 678 1045 ταπεινωθήσονται,
712 992 778 1032 καὶ
810 990 883 1044 τὴν
912 994 984 1044 τῆς
1009 988 1165 1044 ἀγάπης
1187 989 1400 1046 πρεσβείαν
1421 988 1577 1045 εὐχερέ«

132 1073 272 1114 στερον
294 1057 494 1110 δέξαιντο,
534 1058 614 1100 ἐπεὶ
643 1059 708 1100 καὶ
740 1057 918 1100 ἕκποὸιὺν
938 1058 1069 1101 αὐτῶν
1090 1056 1111 1099 ὅ
1134 1056 1347 1112 δεσπότης,
1380 1057 1512 1109 μέλλει
1535 1056 1579 1096 δὲ

133 1126 199 1167 καὶ
220 1124 318 1168 ἄλλο
344 1126 497 1182 βρέφος
514 1125 632 1183 ἄρξαι
652 1130 731 1168 τῶν
744 1124 992 1183 Βουλγάρων
1015 1124 1035 1168 ὃ
1057 1127 1099 1168 ἐκ
1124 1130 1197 1181 τῆς
1218 1124 1393 1182 Εἰρήνης
1413 1128 1485 1179 τῆς
1504 1127 1578 1165 τοῦ

124 1193 310 1249 Ἀγγέλου
335 1193 548 1251 Θεοδώρου
568 1199 626 1251 τῷ
638 1194 758 1238 Ἀσὰν
779 1196 984 1250 γεννηθεὶς
1000 1192 1186 1249 Μιχαήλ.
1255 1195 1288 1235 εἰ
1311 1194 1353 1235 ὁὲ
1378 1192 1435 1247 μὴ
1462 1209 1575 1248 περι-
1598 1198 1628 1232 C

79 1265 122 1302 1⁵
131 1261 317 1317 γενέσθαι
344 1259 452 1316 ἡμᾶς
471 1264 649 1316 συμβαίη
670 1267 743 1306 τοῦ
762 1261 934 1314 ἄστεως,
974 1264 1016 1304 τί
1033 1262 1077 1304 τὸ
1100 1262 1242 1316 ζημίαν
1261 1259 1406 1316 ἐπάγον
1429 1264 1479 1316 τῇ
1498 1263 1577 1301 τῶν

126 1327 335 1383 Ῥωμαίων
353 1328 481 1387 ἀρχῆς
524 1327 714 1383 λαβόντες
732 1330 810 1386 γὰρ
834 1328 1042 1386 διάπειραν
1063 1328 1335 1385 ήρεμήσομεν,
1369 1330 1435 1370 καὶ
1459 1326 1578 1369 πάλιν

133 1395 497 1454 ὃιαπρεσβεόσομεν
521 1397 622 1454 πρὸς
650 1396 933 1454 Βουλγάρους,
964 1397 1135 1439 κάκεῖνοι
1158 1397 1338 1450 ἀσμένως
1359 1395 1431 1450 τὴν
1453 1411 1577 1452 πρεσ-

130 1466 245 1518 βείαν
275 1466 453 1516 δέξαιντο
485 1463 563 1508 ὑπὸ
593 1466 772 1523 βρέφους
802 1464 1014 1523 ἀρχόμενοι
1023 1497 1036 1518 ,
1074 1464 1096 1507 ὃ
1125 1465 1176 1507 τὰ
1206 1464 1307 1521 πρὸς
1334 1461 1468 1518 μάχην
1506 1463 1578 1505 οὐκ

131 1529 248 1576 οἶδεν.
297 1564 299 1566 ·
317 1533 482 1583 ἕκαστος
503 1534 547 1576 ὁὲ
562 1533 614 1576 τὰ
632 1538 704 1588 τῆς
723 1532 879 1591 εἰρήνης
896 1538 1023 1591 φιλεῖ,
1058 1537 1129 1588 τῆς
1147 1530 1408 1582 ἀναπαύσεως
1428 1547 1578 1585 στοχα-

75 1598 314 1656 2οζόμενος.-
353 1599 462 1652 ἔδοξε
482 1605 541 1660 τῷ
559 1605 723 1655 βασιλεῖ
737 1601 882 1659 ἄριστα
901 1605 1198 1655 βεβουλεῦσθαι
1218 1600 1287 1643 τὸν
1310 1600 1434 1655 μέγαν
1458 1599 1580 1653 δομέ-

221 1710 243 1744 1
269 1707 400 1752 στῆναι
419 1707 522 1753 vulgo
658 1708 682 1743 6
713 1704 733 1742 ὁ
759 1704 799 1742 δὲ
819 1705 1075 1752 Παλαιολόγος
1102 1703 1123 1742 ὁ
1145 1705 1260 1751 μέγας
1288 1703 1499 1749 δομὲστικος
1515 1704 1579 1739 καὶ

224 1749 506 1796 ἀποπειρᾶσθαι
522 1753 675 1798 Σερρῶν
692 1751 763 1798 ἔφη
782 1753 826 1796 D,
851 1753 978 1788 omissis
993 1753 1056 1787 καὶ
1076 1752 1112 1786 εἰ
1124 1772 1169 1779 -
1186 1749 1334 1795 Μιχαήλ
1447 1751 1470 1785 9
1491 1749 1576 1795 χρὴ]

223 1796 295 1843 ἔφη
317 1810 339 1844 χ
369 1797 378 1809 “
391 1798 411 1833 ?
503 1799 548 1835 14
570 1796 659 1834 εἰδὲ
679 1799 740 1833 καὶ
757 1797 806 1844 μὴ
825 1799 1117 1845 περιγενοίμεθα,
1139 1797 1195 1837 τίς
1210 1793 1234 1841 ἡ
1256 1796 1363 1840 ζημία
1370 1808 1383 1838 ,-
1410 1796 1452 1837 A,
1476 1795 1578 1829 omis-

225 1844 273 1878 sis
289 1811 465 1890 λαβόντες
481 1864 524 1870 -
543 1843 806 1888 στοχαζόμενος
939 1845 985 1878 20
1006 1844 1074 1878 τοῦ
1093 1841 1132 1877 δὲ
1152 1840 1347 1885 δεξάμενος
1370 1838 1390 1876 ὁ
1408 1839 1579 1886 βασιλεὺς

222 1887 293 1934 τὴν
308 1887 449 1935 βουλὴν
465 1889 518 1930 εἰς
534 1887 602 1930 τὰς
619 1888 763 1933 Σέρρας
779 1887 943 1932 ἄφίκετο.
976 1883 1082 1932 εὗρεν
1100 1881 1169 1923 οὖν
1190 1886 1259 1932 τὴν
1276 1884 1343 1942 μὲν
1357 1885 1465 1921 πόλιν
1482 1887 1576 1930 διερ-

223 1933 417 1979 ριμμένην,
450 1933 519 1980 τὴν
548 1932 588 1968 δ’
616 1932 816 1976 ἀκρόπολιν
841 1933 1125 1990 τετειχισμένην,
1148 1932 1212 1967 καὶ
1233 1934 1380 1977 φυλακα
1397 1930 1459 1965 ἐπ’
1478 1929 1576 1977 αὐτῇ

220 1980 426 2025 Δραγωτᾶν
439 1978 535 2015 τινά.
562 1978 653 2021 τοὺς
673 1977 950 2021 Τζουλούκανας
970 1974 1039 2014 οὖν
1055 1979 1237 2023 αθροίσας
1257 1975 1277 2012 ὁ
1300 1975 1470 2023 βασιλεὺς
1487 1988 1576 2020 κρα-

221 2026 334 2070 τῆσαι
349 2024 488 2070 ταύτης
505 2022 656 2070 ἠρέθισε
674 2023 884 2070 (ῇρετίσατο
894 2025 931 2070 ?)
942 2051 952 2068 ,
977 2024 1015 2060 οἳ
1035 2023 1081 2060 τοὶ
1099 2023 1190 2066 τόξα
1203 2020 1380 2068 λαβόντες
1398 2021 1461 2055 καὶ
1478 2022 1576 2056 σαντ’-

220 2070 290 2111 ὃας
316 2068 662 2115 αὕτοσχεδιάσαντες
691 2068 742 2110 ὥς
770 2068 930 2110 ἀσπίδας
958 2067 998 2104 ἐν
1023 2068 1069 2105 οὔ
1091 2070 1213 2114 πολλῷ
1235 2068 1416 2112 κρατῆσαι
1436 2065 1577 2111 ταύτης

223 2115 384 2162 ἴσχυσαν,
406 2115 468 2152 καὶ
485 2115 698 2152 σκυλεύουσι
713 2115 760 2151 τὰ
779 2113 1049 2160 παρευρημὲνα.
1095 2111 1177 2150 ὅσοι
1197 2111 1238 2149 δ’
1258 2115 1408 2158 ἴσχυσαν
1427 2112 1503 2147 τῶν
1520 2109 1575 2147 ἐν·

132 2209 244 2242 menta
266 2206 302 2242 iu
323 2218 396 2242 eam
417 2210 458 2242 ut
477 2207 695 2252 adigerentur
713 2206 791 2242 fieri
811 2206 942 2241 omnino
958 2218 1023 2242 non
1039 2217 1149 2252 posse.
1195 2203 1337 2249 aggredi
1351 2214 1431 2237 vero
1447 2205 1482 2237 et
1496 2214 1576 2237 arce

130 2256 259 2287 tentata
272 2252 393 2299 repelli
406 2253 631 2288 Romanorum
647 2253 759 2288 robori
782 2264 822 2286 ac
836 2252 974 2295 virtuti,
1006 2253 1100 2286 cuius
1125 2251 1210 2285 adeo
1234 2249 1410 2295 praeclara
1433 2249 1523 2282 fama
1544 2248 1579 2282 iu

133 2308 247 2335 omnes
261 2299 434 2344 pervasit,
455 2299 580 2345 probro
597 2310 680 2334 esse.
726 2298 891 2343 Bulgaros
906 2298 1115 2343 quiescentes
1131 2297 1172 2331 ad
1188 2295 1317 2342 proelia
1332 2293 1502 2329 concitare
1517 2293 1578 2328 mi-

132 2343 220 2378 nime
245 2343 442 2380 conducere.
488 2345 572 2379 haec
589 2356 704 2389 regem
730 2345 773 2378 ab
799 2343 1050 2389 oppugnatione
1069 2342 1281 2377 retrahentes
1310 2339 1521 2374 adducebant
1543 2339 1579 2372 in

136 2387 287 2423 medium.
330 2389 554 2435 Palaeologus
583 2390 812 2433 Andronicus,
849 2400 946 2434 quem
971 2394 1050 2423 ante
1073 2399 1226 2432 magnum
1242 2386 1458 2420 domesticum
1474 2385 1580 2419 fuisse

136 2433 414 2478 significavimus,
442 2430 534 2470 hisce
548 2436 718 2470 contraria
734 2434 926 2480 imperatori
942 2434 1147 2469 consulebat.
1194 2431 1388 2467 tentandam
1404 2442 1479 2464 esse
1495 2431 1578 2464 Ser-

137 2490 247 2514 rarum
262 2488 395 2522 arcem3
428 2493 468 2516 ea
492 2481 608 2535 potitis
630 2481 766 2515 multum
784 2480 861 2514 inde
876 2479 1030 2514 utilitatis
1043 2481 1210 2523 futurum,
1239 2478 1341 2511 rebus
1357 2476 1579 2520 Bulgarorum

137 2524 243 2569 magis
256 2535 297 2558 ac
311 2525 415 2570 magis
430 2526 577 2568 afflictis,
597 2527 652 2571 qui
667 2526 730 2561 ista
745 2526 877 2560 ratione
891 2525 1090 2569 legationem
1109 2535 1170 2570 pro
1187 2535 1271 2569 pace
1286 2521 1427 2556 ineunda
1442 2521 1580 2567 expedi—

137 2570 202 2604 tius
218 2569 414 2614 admittent,
448 2582 521 2605 cum
535 2582 556 2606 a
570 2572 658 2606 nullo
674 2577 833 2616 regantur
844 2597 856 2613 ‚
890 2575 925 2605 et
943 2571 1079 2605 infantis
1097 2569 1272 2605 Michaelis
1289 2579 1331 2602 ex
1350 2565 1446 2601 Irene
1460 2566 1580 2610 Angeli

136 2615 311 2650 Theodori
326 2615 395 2650 filia
410 2618 520 2651 Asano
535 2617 681 2663 suscepti
696 2618 949 2652 dominationem
965 2616 1119 2650 subituri.
1165 2613 1285 2659 quodsi
1302 2616 1444 2647 castrum
1463 2611 1512 2646 ita
1526 2613 1580 2645 fe-

135 2665 232 2695 rente
247 2662 379 2695 fortuna
393 2662 488 2696 nobis
502 2674 567 2696 non
583 2663 724 2697 cesserit
735 2690 745 2706 ‚
779 2663 861 2708 quid
883 2662 961 2696 inde
978 2662 1202 2696 Romanorum
1222 2658 1360 2705 imperio
1381 2657 1577 2692 incommodi

134 2706 308 2750 impendet
318 2707 337 2740 ⁸?
365 2718 433 2741 rem
449 2707 579 2752 experti
594 2708 807 2752 cessabimus,
829 2719 1025 2752 rursumque
1039 2707 1132 2740 viros
1147 2705 1188 2739 ad
1205 2705 1368 2748 Bulgaros
1383 2703 1577 2747 legabimus,

136 2752 195 2797 qui
211 2753 253 2786 ab
268 2752 471 2794 infant-esne
483 2752 613 2787 nomine
626 2753 756 2798 quidem
773 2765 905 2800 pugnae
919 2753 1068 2795 conscio,
1091 2750 1268 2796 gubernati
1281 2748 1510 2783 lubentissime
1524 2748 1576 2780 le-

135 2797 224 2842 gatis
238 2797 379 2832 animum
393 2797 580 2834 advertent.
625 2799 766 2843 quilibet
787 2810 869 2833 vero
892 2798 1014 2844 quietis
1038 2796 1211 2831 commoda
1232 2795 1296 2830 sibi
1317 2797 1575 2839 repraesentans

136 2854 251 2890 pacem
267 2847 418 2890 exoptat.
461 2843 587 2891 optime
607 2844 751 2880 omnium
767 2855 921 2891 magnum
936 2843 1150 2879 domesticum
1164 2840 1368 2878 consuluisse
1385 2838 1576 2885 imperatori
