1924 3242
751 181 1009 225 ANNALES.
1538 175 1599 224 41

162 295 397 357 ἐῷρρησε,
431 295 498 338 καὶ
530 295 662 350 διῆγεν
689 293 809 337 ἐκεῖσε
835 295 952 352 μέχρι
976 298 1047 350 τῆς
1068 293 1193 338 αὐτοῦ
1213 297 1405 350 τελευτῆς.
1461 292 1605 352 ἐντεῦ-

149 370 238 410 θεν
266 362 291 407 ὅ
319 364 509 419 βασιλεὺς
538 361 894 420 προσεκτικώτερον
915 364 1058 420 ἐχρᾶτο
1080 370 1163 414 τοῖς
1184 360 1413 420 πράγμασι,
1447 363 1513 404 καὶ
1536 365 1608 416 τῆς

162 433 360 491 προτέρας
381 430 703 488 ἐλευθεριότητος
724 430 796 473 οὐκ
817 431 1068 483 ἀντεποιεῖτο,
1105 430 1290 488 φύλακάς
1310 449 1351 474 τε
1372 431 1461 488 περὶ
1487 427 1609 472 αὑτὸν

165 501 304 556 ἴστησε
335 502 402 543 καὶ
433 499 638 558 φρουροὺς
666 497 820 556 νύκτωρ
855 515 896 541 τε
931 501 997 541 καὶ
1031 500 1131 552 μεθ’
1166 498 1320 556 ἡμέραν
1351 506 1435 549 τοῖς
1464 499 1610 541 ἐκείνου

123 569 445 627 ὔπροσέχοπας.
474 567 651 623 μάλιστα
673 568 716 610 δὲ
734 568 821 624 περὶ
842 570 971 609 ταῦτα
992 567 1204 610 συνέτεινεν
1225 566 1250 622 ἡ
1267 569 1429 622 βασιλὶς
1444 565 1611 624 Εἰρήνη,

166 635 486 696 ἂρρενωπότερον
511 637 557 680 τὸ
582 631 687 692 ἦθος
713 635 860 691 ἔχουσα
888 637 954 678 καὶ
984 641 1068 685 τοῖς
1094 639 1192 677 πᾶσι
1218 634 1528 693 βασιλικώτερον
1549 637 1612 678 ἐν-
1634 642 1666 677 D

165 705 429 763 τυγχάνουσα.

300 766 378 824 Ἐἲς
409 770 617 827 συνθήκας
652 773 695 815 δὲ
726 770 971 826 θελήσαντες
1003 771 1137 813 ἐλθεῖν
1166 769 1205 811 οἳ
1232 769 1376 812 Ἰταλοὶ
1415 770 1618 813 ἀπέλυσαν

169 836 270 900 πρὸς
294 842 364 885 τὸν
384 838 565 896 ’βασιλέα
597 843 664 883 καὶ
695 840 740 882 τὸ
768 844 848 883 τῶν
873 842 1026 894 Πηγῶν
1049 838 1164 881 ἄστυ.
1234 840 1299 880 καὶ
1322 837 1426 881 οὕτω
1451 839 1500 893 ὁὴ
1523 839 1614 893 μετ’

118 922 161 956 10
172 910 304 954 αὐτῶν
338 908 360 952 ὅ
389 909 577 964 βασιλεὺς
598 907 784 963 Ἰωάννης
808 906 1029 965 εῗρήνευσεν
1042 939 1055 960 ,
1090 905 1250 949 πάντων
1275 911 1355 949 τῶν
1381 907 1481 964 πρὸς
1505 906 1618 949 νότον

167 976 516 1036 ὓποχωρησάντων
539 977 649 1035 αὐτῷ
668 978 883 1028 Λατίνων,
919 975 975 1018 ἔτι
999 976 1042 1018 δὲ
1060 973 1312 1032 κρατούντων
1331 976 1433 1032 πρὸς
1454 979 1619 1033 Βορρᾶν

170 1046 222 1089 τὰ
243 1048 411 1102 πλησίον
431 1045 528 1088 ὄντα
546 1049 618 1101 τῆς
635 1042 1095 1094 Κωνσταντινουπόλεως
1114 1045 1180 1086 καὶ
1200 1048 1250 1101 τῇ
1269 1049 1342 1086 τοῦ
1360 1043 1619 1099 Νικομήδους

170 1112 282 1158 πόλει
306 1116 518 1171 ἐγγίζοντα.
551 1110 553 1112 ’

307 1180 387 1228 24.
455 1182 610 1236 Συνέβη
645 1181 690 1224 δέ
718 1198 756 1225 τι
785 1181 863 1239 πρὸ
891 1181 1016 1224 αὐτοῦ’
1039 1183 1104 1224 καὶ
1129 1186 1320 1223 τοιοῦτον.
1392 1181 1429 1223 οἳ
1451 1180 1528 1238 γὰρ
1551 1184 1622 1235 τῆς

121 1249 532 1307 15Ἀὸριανουπόλεως
550 1247 752 1307 οῗκήτορες
769 1252 982 1307 πρεσβείαν
997 1250 1098 1307 πρὸς
1113 1249 1183 1292 τὸν
1198 1249 1368 1303 βασιλέα
1385 1250 1623 1301 ἐστείλαντο,

175 1317 294 1368 ὅπως
315 1318 530 1375 ἀποστείλῃ
553 1317 655 1374 πρὸς
678 1318 824 1367 αὐτοὺς
846 1317 1076 1374 στράτευμα
1100 1319 1165 1359 καὶ
1190 1323 1262 1372 τῆς
1278 1319 1441 1359 Ἰταλῶν
1463 1319 1626 1359 ἐλευθε-

177 1385 288 1444 ρώσῃ
317 1385 465 1443 χειρός.
534 1384 556 1428 ὃ
590 1386 634 1427 δὲ
666 1386 734 1429 τὸν
758 1383 1099 1442 πρωτοστράτορα
1116 1385 1244 1439 Ἰσῆν,
1280 1383 1509 1442 στράτευμα
1534 1385 1629 1435 δοὺς

151 1475 154 1477 ·
178 1455 312 1512 αὐτῷ,
345 1454 626 1505 ἐξαπέστειλεν.
696 1459 818 1508 συνῆν
844 1454 886 1495 δὲ
917 1454 1027 1511 αὐτῷ
1055 1455 1122 1495 καὶ
1153 1451 1173 1494 ὃ
1197 1452 1416 1508 Καμῦτζης
1431 1452 1630 1508 Ἰωάννης.

142 1575 145 1578 ⁴
179 1522 225 1565 οἳ
249 1524 318 1564 καὶ
351 1520 664 1579 διαπεράσαντες
692 1522 762 1564 τὸν
782 1520 1075 1575 Ἑλλήσποντον
1098 1523 1166 1564 καὶ
1191 1521 1258 1563 ὁιὰ
1281 1526 1353 1576 τῆς
1371 1523 1634 1572 Μακεδονίας

123 1588 407 1641 2οδιελθόντες
440 1592 496 1639 εἷς
521 1589 850 1645 Ἀδριανούπολιν
883 1590 1097 1646 ἀφίκοντο,
1132 1589 1242 1639 ἐντὸς
1269 1591 1311 1632 δὲ
1338 1588 1538 1645 γενόμενοι
1563 1594 1632 1644 τῆς

179 1657 333 1709 πόλεως
355 1660 491 1714 διῆγον
511 1658 647 1700 ἐκεῖσε.
716 1659 826 1708 ἐλπὶς
845 1657 895 1712 δὴ
915 1652 965 1713 ἦν
981 1662 1040 1716 τῷ
1055 1656 1392 1715 βασιλεῖἾωάννῃ
1417 1658 1485 1700 διὰ
1505 1663 1636 1708 ταῦτα

183 1729 250 1770 καὶ
286 1731 366 1770 τῶν
395 1727 506 1783 πέριξ
538 1727 710 1783 ἐγκρατῆ
735 1727 935 1782 γενέσθαι.
1006 1727 1100 1768 ἀλλ’
1127 1724 1147 1767 ὃ
1171 1726 1385 1780 Κομνηνὸς
1410 1725 1635 1784 Θεόδωρος,
1659 1738 1687 1772 P
1711 1739 1753 1773 21

274 1835 299 1869 2
320 1833 382 1868 καὶ
407 1852 454 1858 -
479 1829 709 1867 ἀντεποιεῖτο
737 1844 790 1867 om
812 1833 844 1867 D
981 1832 1004 1867 4
1027 1831 1169 1878 νύκτωρ
1199 1852 1244 1858 -
1269 1831 1516 1877 προσέχοντας
1537 1845 1590 1868 om
1605 1834 1637 1868 D

276 1881 298 1915 8
322 1876 362 1914 δ’
395 1875 633 1920 ἐθελήσαντες
657 1878 694 1912 οἱ
720 1876 850 1913 Ἰταλοὶ
877 1880 1066 1913 συνελθεῖν
1092 1879 1124 1913 D
1266 1881 1309 1913 10
1330 1876 1498 1923 Ἰωάννης
1527 1891 1581 1913 om
1603 1880 1636 1913 D

281 1927 323 1960 11
347 1922 394 1959 τὰ
421 1921 516 1968 πρὸς
532 1924 680 1967 Βορρᾶν
697 1922 743 1957 τὰ
764 1924 917 1967 πλησίον
934 1925 1000 1970 τῆς
1017 1925 1050 1959 D
1187 1925 1229 1959 13
1254 1923 1402 1969 Συνέβη
1420 1946 1465 1951 -
1482 1924 1573 1968 γὰρ]
1599 1925 1637 1959 οὶ

277 1967 318 2050 «ἐῖὲ
334 1969 366 2004 D
420 2012 428 2024 ἱ
466 1971 547 2050 D17
570 1968 903 2015 πρωτοβεστιάριον
916 1970 948 2005 D
1086 1970 1131 2005 21
1157 1966 1240 2004 δὲΙ)
1376 1971 1422 2005 22
1443 1971 1506 2005 καὶ
1521 1971 1589 2005 add
1602 1970 1634 2004 D

295 2026 450 2060 γκρατης
500 2041 509 2050 .

188 2117 274 2154 quos
287 2106 331 2141 ad
345 2109 530 2141 extremum
544 2106 637 2141 vitae
652 2107 775 2141 exitum
789 2108 935 2141 aetatem
950 2106 1056 2141 duxit.
1102 2106 1178 2140 hinc
1200 2106 1381 2152 imperator
1401 2106 1560 2142 attentius
1581 2119 1637 2142 re-

187 2153 254 2188 bus
268 2153 466 2195 advertere3
499 2153 648 2187 omnibus
663 2153 705 2186 nd
721 2164 758 2186 se
772 2153 916 2187 adeundi
930 2153 1124 2187 facultatem
1135 2178 1145 2195 ,
1170 2164 1235 2197 qua
1251 2152 1341 2197 prius
1356 2153 1539 2187 utebantur
1554 2154 1641 2188 libe-

189 2198 299 2242 riore,
330 2209 513 2241 coercere;
547 2199 706 2232 custodes
726 2210 768 2232 ac
792 2198 934 2242 vigiles,
968 2199 1025 2244 qui
1041 2203 1142 2232 noctu
1156 2198 1369 2243 interdiuque
1385 2210 1422 2233 se
1437 2210 1477 2232 ac
1490 2199 1639 2234 rationes

190 2255 269 2278 suas
284 2243 519 2289 defenderent,
537 2245 671 2278 addere.
717 2244 777 2278 sed
795 2244 937 2279 omnium
952 2243 1093 2278 maxime
1107 2244 1305 2290 imperatrix
1319 2245 1426 2286 Irene,
1442 2244 1587 2279 moribus
1602 2257 1643 2279 ac

190 2289 327 2334 ingenio
342 2291 508 2331 mascula,
531 2295 567 2324 et
582 2302 654 2324 cum
671 2290 822 2324 omnibus
837 2291 943 2335 magis
958 2290 1052 2335 regie
1068 2301 1166 2335 quam
1182 2301 1245 2335 par
1259 2294 1335 2324 erat
1351 2301 1555 2326 conversans
1566 2316 1576 2333 ‚
1599 2291 1642 2325 ad

193 2336 454 2370 conservandum
469 2347 542 2370 enm
555 2336 758 2371 incumbere.

284 2380 360 2414 Itali
372 2381 503 2416 interim
521 2393 595 2415 cum
611 2382 814 2426 imperatore
830 2381 1038 2415 concordiam
1057 2381 1257 2416 confirmare
1274 2381 1428 2415 volentes
1445 2386 1557 2416 castro
1577 2382 1644 2416 Pe-

196 2435 314 2470 gntum
329 2436 482 2468 οπμενος
505 2428 619 2472 sicque
634 2439 708 2461 cum
725 2428 773 2461 eis
789 2428 932 2461 Ioannes
947 2428 1132 2474 imperator
1147 2438 1265 2473 pacem
1281 2428 1485 2473 composuit,
1512 2438 1585 2462 cum
1603 2428 1647 2462 ad

197 2472 355 2505 Austrum
372 2473 521 2506 omnibus
536 2474 800 2516 renuntiassent,
824 2473 885 2507 sed
900 2473 1028 2518 adhuc,
1053 2484 1141 2518 quae
1155 2473 1245 2508 circa
1259 2473 1403 2508 Boream
1418 2474 1534 2508 affinia
1547 2474 1647 2520 cpoli

200 2521 295 2551 erant
309 2516 452 2562 urbique
464 2518 713 2553 Nicomediensi
730 2519 900 2564 proxima,
923 2519 1118 2553 retinerent.

290 2562 345 2597 24.
391 2563 546 2608 Contigit
572 2565 672 2599 etiam
698 2565 781 2599 illud
807 2565 913 2610 prius,
961 2564 1251 2610 Adriauopolitani
1279 2564 1373 2600 cives
1390 2565 1589 2609 legationem
1606 2565 1649 2598 ad

200 2607 436 2653 imperatorem
462 2610 608 2654 obeunt,
642 2615 681 2645 ut
707 2611 855 2645 exercitu
881 2611 926 2644 ad
951 2622 1010 2645 eos
1025 2616 1188 2645 convecto
1205 2611 1371 2645 servitute
1387 2611 1506 2645 Italica
1521 2611 1650 2645 liberet.

202 2653 258 2687 ille
272 2653 359 2687 Isem
372 2658 619 2700 protostratora
635 2668 708 2690 cum
726 2656 829 2702 copiis
844 2657 953 2698 misit;
989 2656 1126 2690 militiae
1151 2667 1287 2690 consors
1310 2660 1387 2691 erat
1412 2658 1556 2691 loannes
1582 2656 1651 2690 Ca-

202 2704 346 2742 rnytzes.
393 2698 427 2732 hi
441 2699 659 2746 Hellesponto
682 2702 883 2746 adnavigato
899 2714 960 2747 per
974 2701 1208 2736 Macedoniam
1223 2702 1290 2736 iter
1306 2703 1469 2737 facientes
1485 2702 1651 2736 Adriano-

203 2744 305 2790 polim
329 2744 466 2778 veniunt
479 2771 488 2788 ,
519 2747 701 2792 urbemque
723 2748 867 2792 ingressi
890 2748 1017 2782 stativa
1039 2748 1198 2782 habuere.
1245 2753 1340 2782 certa
1357 2760 1437 2783 vero
1453 2758 1531 2793 spes
1546 2747 1650 2791 impe-

204 2790 307 2823 ratori
331 2790 448 2824 Ioanni
471 2790 669 2826 inhaeserat·
683 2793 886 2838 reliquorum
911 2793 1009 2827 etiam
1032 2793 1252 2828 adiacentium
1278 2794 1427 2838 locorum
1453 2792 1653 2827 dominatum

205 2834 402 2870 habiturum.
450 2847 565 2871 verum
581 2837 783 2873 Theodorus
799 2838 989 2874 comnenus
1001 2863 1012 2882 ‚
1046 2838 1088 2873 de
1104 2850 1172 2884 quo
1190 2850 1250 2875 nos
1265 2850 1368 2885 supra
1383 2838 1523 2874 diximus
1535 2863 1546 2882 ,
1568 2837 1651 2874 vici-
