1924 3242
385 187 482 233 206
907 186 967 229 IN
1000 185 1293 231 GEORGIUM

385 290 674 360 ἐπαινούμενος
688 291 729 334 τό
749 289 945 334 στοῖδιον’“
927 297 1054 350 εαυτῷ
1073 310 1152 334 των
1173 291 1308 334 α’θλων
1325 291 1517 367 ἐπήξατο.
1561 291 1677 350 αὐχεῖ
1690 296 1725 337 ’δ
1717 283 1811 339 ’⁸22⁹-

384 354 526 390 τεῦθεν
548 346 755 402 μαρτύρων
763 347 899 414 μήτηρ
920 350 988 391 καὶ
1007 347 1153 403 τροφὸς
1173 346 1458 402 ὀνομάζεσθαι,
1485 346 1517 408 ᾗ
1541 355 1650 401 πᾶσα
1668 351 1739 406 μὲν
1754 355 1821 408 γῆ·

383 405 451 446 καὶ
480 402 661 444 θάλασσα
687 401 882 456 ὑπήκοος,
915 409 1023 447 πᾶσα
1049 404 1091 446 δὲ
1118 404 1281 457 ἤπειρος
1304 407 1371 447 καὶ
1391 410 1442 460 γῆ
1458 411 1641 460 νησιῶτις
1660 424 1819 451 παντα-

385 458 508 513 χόθεν
527 459 580 507 c69
603 455 681 499 οἷπο
697 457 843 501 κύκλου
865 461 973 511 ῥέπει
998 459 1110 528 πρός
1115 460 1276 512 κέντρον
1296 465 1504 530 βασιλείοις
1525 463 1694 530 ἑπομένη
1715 461 1812 505 νεό-

383 529 515 581 μασιν,
543 511 618 566 αφ’
636 510 686 568 ἧς
705 518 827 568 σοφία
846 517 913 557 καὶ
931 515 1162 568 δικαιοσύνη
1184 520 1292 558 πᾶσα
1309 515 1454 567 πάσαις
1471 517 1634 573 πηγοὶζει
1650 524 1812 572 ψυχαῖς-

387 587 548 611 παντων
581 569 624 611 δὲ
651 571 853 624 πρακτέων
883 571 1000 642 ἐσμὸς
1031 570 1335 642 θεμιστεύεται,
1359 590 1407 615 τα
1434 573 1505 627 μὲν
1533 575 1574 623 ἐς
1600 573 1734 628 ψυχήν
1769 576 1812 618 ἐν

385 630 488 668 θεοῦ
506 628 645 682 μοίρα,
675 643 723 668 τα
746 625 787 669 6’
808 626 915 677 ἐκτός
938 629 982 670 ἐν
1001 626 1106 678 τάξει
1123 627 1270 679 πατρὸς
1290 625 1447 681 εὗφυως
1466 629 1716 684 τεταγμένης,
1743 630 1812 674 καὶ

387 699 441 731 ως
458 683 554 752 ε’πος
570 684 694 723 εἰπεῖν
713 679 800 724 «ivri
820 688 960 725 κοινοῦ
979 681 1176 752 χρήματος
1195 683 1317 725 απασι
1334 691 1416 734 τοῖς
1433 685 1660 737 ὁμοπίστσις
1676 682 1816 728 τελού-

387 751 469 790 σης.
525 736 578 790 ἡν
596 740 634 779 εἶ’
647 754 704 786 τις
721 756 898 810 ποιητων
911 737 1135 806 θαυμάζων
1155 737 1382 805 ἐτύγχανεν,
1411 738 1492 782 εἶτα
1522 739 1622 794 πρός
1640 746 1722 790 τοῖς
1741 740 1817 784 αλ·

387 798 470 842 λοις
508 794 712 847 ἐγκωμίοις
746 795 812 836 καὶ
845 792 1071 848 θεόδμητον
1101 793 1288 863 ἐτόλμησε
1317 801 1523 866 προσερεῖν
1552 793 1744 868 καθάπερ
1765 795 1816 839 το

378 848 502 890 ’Ἱλιον
529 851 773 903 δεδομῆσθαι
798 850 1031 904 μυθεύεται,
1060 848 1171 903 μόλις
1194 850 1243 892 ἆν
1269 853 1373 905 ε’τυχε
1394 856 1465 905 τῆς
1483 849 1613 902 αξίας,
1638 848 1691 906 ἧς
1718 849 1814 908 ἆγο-

390 904 478 975 ροῖς
485 921 524 946 τε
543 906 607 946 καὶ
633 904 839 958 μαρτύρων
858 908 984 956 ἑστίας
1003 908 1070 948 καὶ
1092 925 1200 948 ναων
1219 908 1362 960 κάλλη,
1389 909 1456 949 καὶ
1479 907 1718 975 περιβόλοις,
1745 908 1814 950 καὶ

389 958 430 1001 τ’
451 959 549 1002 ἅλλα
569 965 643 1002 τοῦ
661 961 804 1011 παντὸς
823 964 906 1015 εἴδη
927 962 1097 1014 κόσμου,
1126 964 1192 1004 καὶ
1215 964 1396 1030 μεγέθοις
1412 962 1494 1006 ὑπό
1515 980 1554 1005 τε
1573 963 1742 1016 φύσεως
1746 964 1810 1006 καὶ

388 1016 524 1069 τέχνης
539 1019 825 1071 κεκοσμημένα,
853 1017 956 1067 τίς
929 1036 979 1059 αν
1001 1019 1107 1070 ἑξῆς,
1139 1020 1174 1059 εἰ
1193 1037 1245 1071 μη
1265 1016 1433 1071 στόματα
1448 1019 1542 1060 δέκα
1556 1021 1624 1062 καὶ
1639 1018 1816 1090 γλωσως

389 1071 488 1113 καθ’
504 1070 684 1140 Ομηρον
714 1071 906 1126 ἐσχηκώς,
937 1072 1096 1116 δυ’ναιτο
1129 1075 1371 1128 καταλέγεινς
1402 1073 1510 1123 ὅπως
1538 1076 1609 1128 μὲν
1638 1074 1686 1117 τὰ
1714 1074 1813 1117 κατιὶ

386 1127 460 1180 τήν
484 1126 614 1181 χώραν
636 1132 837 1183 γεωργίαις
854 1132 1040 1182 κοσμοίη,
1069 1147 1135 1170 και
1149 1147 1228 1170 των
1246 1147 1286 1172 τε
1304 1127 1561 1200 ὑπαρχόντων
1581 1131 1792 1185 ἐπικαρπία
1767 1147 1814 1180 ας

387 1185 454 1226 καὶ
488 1184 626 1237 ἑτέρων
655 1189 792 1237 κτῆσιν
822 1188 1086 1226 παντοδαπων
1113 1187 1262 1237 διδοίη,
1298 1182 1386 1227 ἐντ
1360 1203 1383 1240 ῃ
1407 1187 1563 1227 παίδων
1582 1187 1727 1238 τροφαὶ
1745 1187 1813 1229 καὶ

384 1241 545 1280 παιδεία
569 1257 667 1280 κατα
694 1238 820 1309 νόμον
852 1245 1102 1293 Χριστιανοῖς
1137 1239 1325 1292 πάτριον,
1363 1242 1428 1281 καὶ
1459 1241 1580 1290 ξένων
1607 1241 1814 1295 υποδοχαί,

384 1295 453 1336 καὶ
478 1300 685 1348 θεραπεῖαι
713 1293 871 1349 ἀνδρῶν
899 1294 1052 1350 εἰἷαγων
1078 1312 1177 1336 κατα
1201 1313 1270 1344 τας
1294 1298 1519 1348 θαυμασίας
1539 1294 1704 1350 μάλιστα
1725 1299 1814 1338 δια-

383 1347 512 1399 ταξεις
538 1367 615 1391 των
642 1352 758 1403 ἱερων
779 1356 990 1404 μαθητῶν,
1020 1347 1107 1392 ἐν
1071 1368 1105 1418 ῃ
1127 1352 1376 1392 παντοδαπαί
1396 1349 1453 1393 δι’
1473 1353 1582 1401 ἔτους
1599 1369 1677 1395 των
1697 1353 1814 1408 αἴρων

383 1405 576 1459 πρόσοδοι
605 1406 735 1459 έορταί
763 1423 803 1448 τε
831 1407 897 1448 καὶ
924 1405 1164 1476 πανηγύρεις
1192 1408 1258 1448 καὶ
1288 1410 1484 1460 θυμηδίαι
1511 1409 1702 1462 φέρουοαί
1725 1425 1814 1450 τινα

385 1467 467 1510 τοῖς
483 1461 623 1514 πένησι
638 1465 908 1534 ψυχαγωγία,νὲ
963 1464 1018 1504 ἔτι
1042 1460 1080 1504 6’
1099 1463 1296 1515 ἐκκλησίαι
1313 1465 1379 1505 καὶ
1405 1462 1513 1517 νόμοι
1539 1464 1605 1506 καὶ
1629 1463 1814 1517 δικαστή-

387 1534 474 1570 ρια,
504 1517 570 1558 καὶ
601 1515 677 1558 ὅσα
702 1517 752 1571 δη
776 1516 877 1559 καθ’
895 1519 1056 1560 ἕκαστον
1076 1519 1116 1560 ἐν
1134 1516 1330 1560 πόλεσιν
1312 1519 1458 1573 ετέραις
1475 1520 1577 1561 ἔστιν
1595 1521 1714 1566 ἰδεῖν,
1729 1520 1814 1562 ἐν·

384 1577 519 1614 ταῦθα
547 1571 655 1624 εὕροι
682 1590 741 1623 τις
766 1571 898 1615 πάνθ’
915 1574 1018 1627 όμοῦ
1035 1591 1082 1615 τα
1099 1578 1298 1627 πανταχοῦ
1313 1579 1386 1628 γῆς
1404 1589 1563 1616 σπανια.
1619 1590 1698 1618 ωστ
1704 1573 1814 1618 ’ἐοι-

384 1629 497 1671 κέναι
523 1626 643 1682 τήνδε
667 1628 740 1682 τήν
762 1627 880 1671 πόλιν
899 1634 1025 1684 κοινῷ
1044 1630 1120 1671 τινὶ
1140 1634 1210 1683 τῆς
1223 1647 1299 1699 γης
1320 1632 1579 1702 ἐργαστηρίῳ,
1603 1635 1751 1683 μᾶλλον
1771 1628 1812 1674 δ’

388 1686 563 1728 ἐνταῦθα
581 1685 661 1726 ἐστὶ
679 1684 720 1727 τό
737 1684 871 1728 κοινὸν
888 1672 1117 1756 ἀνθρώπων
1136 1686 1325 1752 ἐμπόριον
1344 1687 1411 1727 καὶ
1426 1686 1453 1739 ἦ
1466 1685 1583 1739 κοινὴ
1601 1691 1680 1728 τῶν
1699 1687 1742 1728 ἐν
1760 1689 1815 1742 γῇ

388 1740 603 1809 φυομένων
622 1742 828 1794 διοίκησις.
883 1740 985 1794 πρός
1002 1740 1055 1794 ἣν
1078 1740 1222 1810 α’γεται
1227 1739 1356 1783 πανθ’
1377 1740 1450 1784 οσα
1466 1739 1712 1811 πολλαχόθεν
1729 1747 1816 1792 ταῖς

389 1794 512 1865 ὥραις
546 1794 687 1847 φύεται
700 1825 710 1842 ,
740 1814 788 1838 τα
807 1795 878 1850 μὲν
899 1797 941 1839 ἐκ
960 1801 1030 1848 τῆς
1046 1797 1168 1848 πέραν
1194 1794 1383 1867 η’πείρου,
1413 1815 1460 1839 τα
1482 1795 1521 1839 δ’
1542 1798 1584 1839 ἐκ
1604 1795 1813 1851 θαλαττης,

387 1869 435 1893 τα
457 1849 495 1893 δ’
518 1852 559 1893 ἐκ
576 1856 657 1893 ταῖν
673 1851 757 1894 ι’ίνω
773 1854 839 1894 καὶ
858 1852 964 1894 κοὶτω
980 1857 1160 1902 Μυσων,
1188 1870 1234 1894 τα
1252 1850 1292 1895 δ’
1313 1855 1354 1895 ἐκ
1370 1857 1440 1924 τῆς
1459 1857 1634 1895 Σκυθῶν
1652 1855 1814 1907 ἐρημίας

387 1905 619 1962 παραδόξως
657 1909 800 1958 εἰπεῖν,
837 1909 904 1949 καὶ
944 1906 1188 1973 Θεμισκυρας
1217 1914 1289 1950 τοῦ
1314 1914 1392 1950 τῶν
1414 1907 1631 1976 Ἀμαζόνων
1658 1911 1812 1952 πεδίου.

387 1964 453 2005 καὶ
473 1980 526 2012 ως
545 1964 636 2012 ε’πος
656 1964 780 2005 εἰπεῖν
795 1962 925 2005 πάντα
931 1962 1212 2032 πανταχόθεν,
1241 1982 1288 2006 τα
1310 1982 1382 2018 μεν
1402 1965 1450 2018 δὴ
1472 1962 1674 2014 όλκαδων,
1701 1981 1749 2005 τα
1768 1963 1812 2006 δὲ

388 2015 441 2061 δι’
475 2017 701 2072 όχηματων,
730 2037 776 2061 τα
808 2019 851 2061 δὲ
875 2017 1033 2074 τρόποις
1059 2022 1346 2072 παντοδαποῖς,
1377 2038 1430 2070 ως
1460 2022 1515 2069 εἰς
1538 2019 1670 2062 κοινόν
1691 2036 1811 2061 κατα-

385 2073 532 2129 γῶγιον
558 2080 710 2142 συρρεῖ,
743 2074 887 2146 ὥσπερ
901 2075 994 2125 τούς
1010 2075 1209 2130 ποταμοῦς
1226 2076 1378 2145 ὁρῶμεν
1400 2073 1626 2129 αὐτομάτως
1650 2073 1812 2117 συνιόνε·

386 2147 454 2179 τας
469 2133 524 2179 εἰς
540 2128 755 2173 θάλατταν.
795 2129 887 2173 ἐνθ’
903 2133 1001 2174 ἰδεῖν
1020 2133 1144 2182 ἔστιν,
1174 2149 1228 2181 ως
1244 2130 1318 2173 ov'n
1337 2132 1477 2173 ἄλλοθι
1494 2147 1586 2179 τους
1603 2128 1676 2183 οὐχ
1692 2127 1812 2184 ἦττον

385 2184 580 2238 κτήμασιν
599 2185 807 2253 ἐγγείοις“
778 2205 804 2240 η
822 2193 1021 2236 ναυτικοῖς
1041 2185 1268 2246 ἰσχύοντας.
1311 2192 1383 2229 τοῦ
1402 2203 1446 2241 γε
1467 2186 1549 2239 μήν
1567 2187 1723 2239 λιμένος
1740 2186 1812 2228 θέ-

386 2255 451 2283 σιν
466 2257 506 2282 τε
525 2242 591 2281 καὶ
612 2239 751 2290 κάλλος
769 2243 832 2283 καὶ
851 2244 1037 2296 μέγεθος,
1065 2244 1130 2284 καὶ
1152 2260 1205 2292 ως
1222 2246 1264 2284 εὐ
1285 2242 1356 2296 μὲν
1374 2259 1452 2283 των
1473 2258 1605 2295 ορμων
1620 2242 1687 2283 καὶ
1711 2258 1810 2283 νεω-

385 2298 500 2351 ρίων,
531 2292 577 2337 εὖ
609 2296 651 2337 δὲ
679 2300 903 2339 νεωσοίκων
930 2300 1004 2351 ἔχει
1034 2299 1101 2339 καὶ
1115 2303 1190 2365 τῆς
1209 2298 1325 2367 ἄλλης
1339 2301 1578 2350 κατασκευῆς
1595 2298 1661 2339 καὶ
1681 2299 1811 2366 χρείας

382 2353 450 2394 καὶ
473 2355 545 2404 τῆς
571 2352 611 2400 ἐξ
641 2350 774 2405 ἄκρων
802 2352 856 2401 εἷς
885 2353 984 2406 ἄκρα
1006 2351 1245 2406 διαβασεως,
1277 2351 1380 2395 οἷσθ’
1405 2352 1632 2424 ὁλόκληρον
1641 2370 1695 2402 ως
1711 2351 1811 2406 ἄλη·

381 2411 471 2456 θως
500 2406 706 2448 θάλασσαν
736 2408 899 2459 ἐξεῖναι,
942 2407 997 2460 μή
1025 2410 1161 2461 λιμένα
1189 2413 1339 2459 καλεῖν,
1380 2407 1470 2450 ἔνθ’
1498 2405 1658 2477 εὐχερὴς
1685 2407 1756 2461 μὲν
1785 2408 1811 2450 6

385 2465 568 2514 ἔκπλους,
604 2460 866 2515 εὖχερέστερος
899 2461 939 2504 δ’
967 2464 988 2505 6
1013 2463 1246 2512 καταπλους.
1301 2466 1401 2506 ἔνθα
1433 2462 1610 2517 γαλήνην
1621 2466 1810 2535 βαθεῖαν

387 2519 518 2571 ευρεῖν
539 2520 642 2560 ἔστιν
663 2517 741 2560 κοῖν
762 2525 845 2568 ταῖς
865 2519 1048 2568 θυέλλαις
1065 2521 1131 2560 καὶ
1152 2521 1390 2587 καταιγίσιν,
1420 2536 1480 2562 οτε
1500 2521 1565 2562 καὶ
1584 2518 1631 2561 vo?
1649 2523 1719 2572 τῆς
1737 2524 1811 2573 γῆς

389 2575 563 2642 θεμέλια
578 2579 806 2616 κλονεῖσθαι
829 2577 948 2618 δοκεῖ.
1003 2573 1126 2615 ταυθ’
1149 2573 1252 2624 απαξ
1271 2592 1400 2617 παντα
1419 2593 1496 2617 κακ
1516 2579 1590 2618 τοῦ
1600 2573 1810 2645 παρήκον-

388 2648 455 2680 τος
474 2628 654 2679 εἰπόντας
672 2632 801 2679 ἐνίους
822 2627 1082 2700 οἷποχρωντως
1105 2631 1204 2682 ε’χειν
1228 2633 1364 2681 σφίσιν
1381 2631 1565 2685 ήγεῖσθαι
1586 2627 1775 2685 ἀνδρῶν
1758 2628 1810 2671 οἶν

390 2688 451 2740 είη
477 2688 565 2727 λίαν
592 2687 941 2739 ῤἀστωνευομένων
967 2684 1066 2739 πρός
1091 2703 1139 2726 τα
1167 2685 1280 2727 καλα.
1337 2687 1392 2735 οἷς
1416 2689 1460 2729 ἐκ
1487 2687 1646 2729 πάντων
1667 2701 1746 2727 των
1765 2701 1808 2740 γε

390 2743 605 2812 εἰρημένων
635 2744 865 2796 συμβαίνειν
892 2758 966 2796 την
995 2744 1173 2795 βασιλίδα
1202 2740 1320 2795 τήνδε
1343 2759 1422 2784 των
1449 2741 1598 2786 πόλεων
1624 2744 1810 2808 περιττῶς

389 2796 681 2854 ἀμφοτέρωθεν
690 2802 980 2853 κεκοσμῆσθαι,
1009 2801 1081 2840 τοῦ
1098 2814 1139 2840 τε
1154 2801 1284 2853 λαχεῖν
1301 2815 1382 2841 των
1391 2797 1528 2842 ’ἄλλων
1547 2793 1810 2852 διαφερόντως
1826 2840 1830 2844 ,
