1924 3242
270 180 272 182 ’
326 178 389 228 54
715 176 948 224 GEORGII
979 176 1356 222 ACROPOLITAE

325 289 533 349 ὀνόματος.
597 289 741 334 ἐκείνου
761 291 804 334 δὲ
816 289 1119 347 τελευτήσαντος
1133 290 1233 345 μετὰ
1252 289 1323 344 τὴν
1339 290 1394 340 εἷς
1413 287 1521 344 ἡμᾶς
1535 292 1615 332 τῶν
1632 305 1747 344 ποιη-

324 359 462 415 μάτων
494 356 710 415 σαφήνειαν
745 361 812 401 καὶ
841 353 913 414 τὴν
949 364 1019 414 τῆς
1048 362 1128 402 τῶν
1156 356 1284 414 λόγων
1313 357 1448 412 τέχνης
1474 357 1746 408 διδασκαλίαν,

326 428 435 484 παρὰ
456 427 523 469 τὸν
543 427 775 482 Βλεμμίδην
794 425 1049 484 Νικηφόρον,
1078 424 1123 468 ὃν
1142 424 1228 468 τότε
1253 422 1395 474 πάντες
1418 425 1580 478 οἴδαμεν
1606 422 1747 466 τελεώ-

324 511 437 551 τερον
462 497 540 536 τῶν
568 493 698 536 ἄλλων
719 496 761 537 ἔν
781 501 868 545 ταῒς
889 495 991 537 κατὰ
1011 495 1252 552 φιλοσοφίαν
1270 490 1521 546 ἐπιστήμαις,
1555 489 1748 547 ἔφοίτησά

323 577 364 604 τε
385 561 507 612 αὐτὸς
527 563 594 604 καὶ
614 560 700 605 ὅσοι
719 562 792 605 σὺν
809 563 896 617 ἐμοὶ
915 563 1115 605 ἐτελοῦντο
1135 560 1187 603 τὰ
1206 557 1357 615 λογικά.
1402 561 1468 601 καὶ
1489 557 1509 600 ὅ
1529 559 1618 614 περὶ
1634 556 1781 612 ἦμῶῖνό

268 626 278 633 ’
324 626 441 684 λόγος
471 629 588 686 μέχρι
602 675 604 677 ,
619 628 808 673 τοσούτου
836 631 940 673 νυνί·
974 630 1140 679 ἐσαῦθις
1161 629 1204 670 δὲ
1226 626 1303 684 ὅπῃ
1324 628 1500 684 παρείκοι
1523 629 1574 682 τῇ
1596 625 1750 685 ἱστορίᾳ

323 695 714 754 παρεμβληθήσεται.
1708 715 1710 717 >

276 770 305 805 B
462 765 540 809 33.
600 765 708 807 Ἐπεὶ
730 764 793 816 δέ,
821 762 876 815 ὧς
895 760 1159 821 προειρήκειν,
1194 763 1260 804 καὶ
1278 759 1428 818 ἀμφοῖν
1450 764 1535 811 τοΐν
1550 757 1751 812 βασιλέοιν

322 833 365 875 αἶ
385 833 553 876 σπονδαὶ
569 837 640 887 τῆς
656 830 936 887 συμβιβάσεως
955 832 1138 887 γένοιντο,
1165 834 1223 887 τῷ
1242 846 1281 872 τε
1298 831 1460 883 βασιλεῖ’
1471 828 1575 884 φημὶ
1589 823 1751 881 Ἰωάννῃ

320 905 378 958 τῷ
399 899 540 960 Δούκᾳ
560 902 626 942 καὶ
646 905 703 958 τῷ
725 904 933 957 κρατοῦντι
953 903 1033 941 τῶν
1054 895 1299 954 Βουλγάρων
1314 895 1434 939 Ἀσὰν
1453 892 1628 949 Ἰωάννῃ,
1650 909 1752 949 προ-
1764 899 1808 934 10

258 995 264 1000 -
322 969 513 1022 κατέλαβε
529 969 608 1022 ,μέν
630 966 650 1009 ὃ
668 968 856 1021 βασιλεὺς
876 967 948 1020 τὴν
964 964 1218 1020 Λάμψακον,
1244 966 1311 1006 καὶ
1332 965 1630 1019 διαπεραιοῦται
1651 959 1753 1014 μετὰ

322 1040 402 1079 τῶν
424 1037 573 1078 οἷκειάιν
592 1034 795 1090 δυνάμεων
814 1037 868 1084 εἰς
883 1032 1191 1084 Καλλιούπολιν,
1214 1034 1279 1074 καὶ
1299 1035 1465 1084 πολεμεῖ
1479 1031 1524 1072 τὸ
1546 1027 1646 1070 ἄστυ
1667 1026 1754 1070 ἕλε-ι

323 1102 455 1153 πόλεις
471 1101 641 1157 στήσας,
674 1104 740 1144 καὶ
760 1103 800 1144 ἓν
822 1102 868 1144 οὗ
885 1106 1019 1158 πολλῷ
1036 1098 1170 1157 χρόνῳ
1188 1102 1391 1156 χειροῦται
1410 1101 1549 1148 τοῦτο,
1583 1098 1655 1150 τῆς
1672 1098 1753 1137 τῶν

322 1172 539 1213 Βενετίκων
562 1169 764 1219 διασώσας
784 1173 900 1211 τοῦτο
918 1167 1062 1224 χειρός.
1104 1167 1205 1220 μετὰ
1229 1170 1345 1208 τοῦτο
1367 1160 1663 1216 καταλαμβάνει
1680 1161 1754 1215 τὴν

323 1235 619 1280 Καλλιούπολιν
653 1239 719 1278 καὶ
754 1235 775 1277 ὃ
801 1236 922 1278 Ἀσὰν
949 1235 1022 1277 σὺν
1042 1238 1093 1290 τῇ
1113 1235 1235 1292 οἰκείᾳ
1255 1236 1407 1287 γαμετῇ
1427 1235 1477 1286 τῇ
1498 1231 1539 1279 ἐξ
1564 1227 1754 1285 Οὕγγρων
1765 1232 1808 1270 15

322 1306 474 1362 Μαρίᾳ
500 1306 566 1345 καὶ
592 1307 642 1359 τῇ
663 1305 836 1358 θυγατρὶ
855 1301 991 1357 Ἑλένῃ
1002 1332 1014 1352 ,
1049 1303 1114 1342 καὶ
1137 1301 1363 1355 συνέρχεται
1385 1299 1440 1347 εἷς
1460 1293 1755 1339 Καλλιούπολιν

323 1374 382 1428 τῷ
404 1374 582 1424 βασιλεῖ,
621 1371 686 1411 καὶ
705 1369 756 1411 τὰ
775 1371 830 1419 εἰς
852 1371 988 1426 φιλίαν
1012 1365 1230 1424 ἀμφότεροι
1253 1363 1573 1422 διαπράττονται.
1640 1357 1756 1412 οὗτος

277 1447 307 1481 C
328 1438 402 1493 μὲν
423 1432 493 1479 οῦν
515 1438 562 1479 οὗ
583 1437 784 1493 διεπέρασε
803 1436 871 1478 τὸν
887 1434 1198 1489 Ἑλλήσποντον,
1237 1433 1331 1475 ἀλλ’
1356 1432 1501 1487 ἔμεινεν
1521 1432 1562 1473 ἓν
1584 1436 1667 1480 τοῖς
1685 1433 1756 1484 τῆς

321 1503 659 1554 ,Καλλιουπόλεως
675 1505 852 1560 μέρεσιν·
887 1502 908 1544 ὃ
932 1504 974 1545 δὲ
997 1499 1382 1556 βασιλεύςἿωάννης
1400 1499 1472 1554 τὴν
1491 1498 1615 1540 αὐτοῦ
1635 1495 1755 1548 σύζυ-

324 1589 394 1628 γον
412 1572 486 1614 σῦν
510 1576 560 1628 τῇ
578 1573 751 1628 θυγατρὶ
768 1569 903 1627 Ἑλένῃ
932 1570 1067 1624 λαβὼν
1099 1571 1397 1624 διαπεραιοῦται
1420 1568 1475 1615 εἷς
1497 1563 1810 1618 Λάμψακον,20

323 1638 426 1681 ἔνθα
447 1634 496 1693 ἦν
516 1637 542 1693 ἦ
564 1640 723 1694 βασιλὶς
745 1637 894 1695 Εἷρήνη
903 1669 916 1689 ,
950 1639 1016 1679 καὶ
1045 1640 1239 1692 πληροῦσι
1259 1634 1331 1688 τὴν
1356 1636 1435 1675 τῶν
1457 1634 1610 1674 παίδων
1632 1629 1755 1674 συνά·

326 1723 465 1763 φειαν,
499 1711 571 1748 τοῦ
599 1704 846 1761 πατριάρχου
880 1707 922 1745 Γ
917 1707 1091 1760 ερμανοῦ
1112 1703 1163 1745 τὰ
1185 1706 1256 1756 τῆς
1278 1701 1494 1758 ἱερολογίας
1515 1699 1755 1748 τελέσαντος.

415 1812 439 1846 6
460 1808 620 1855 παρήκοι
638 1811 738 1855 vulgo
829 1810 851 1844 8
875 1804 914 1842 δὲ
930 1828 975 1834 -
991 1810 1033 1843 12
1050 1808 1112 1852 εἰς]
1138 1806 1174 1842 δ’
1195 1806 1234 1840 αἱ
1252 1805 1408 1840 σπονδαὶ
1426 1802 1606 1849 ἐγένοντο,
1631 1804 1754 1839 διαπε-

416 1857 587 1900 ραιοῦται
626 1852 664 1889 ἐκ
705 1852 914 1898 Λαμψάκου
951 1852 1041 1897 μετὰ
1079 1854 1153 1887 τῶν
1192 1851 1335 1886 οἰκείων
1369 1848 1389 1885 ὁ
1434 1847 1602 1896 βασιλεὺς
1637 1849 1689 1889 εἰς
1722 1849 1753 1882 D

416 1901 461 1936 14
484 1898 674 1939 ἀνασπάσας
701 1897 820 1943 χειρός
845 1899 877 1932 D
1053 1896 1144 1942 μετὰ
1171 1897 1281 1930 τοῦτο
1311 1907 1364 1929 om
1379 1896 1410 1930 D
1591 1896 1632 1929 15
1655 1894 1700 1938 τῇ
1717 1891 1755 1935 ἐξ

421 1941 595 1988 Οὔγγρων
628 1945 759 1989 Μαρίᾳ
793 1954 847 1977 om
868 1943 900 1977 D
1081 1944 1123 1977 16
1144 1939 1264 1987 Ἑλένῃ
1291 1952 1343 1974 om
1370 1942 1401 1975 D
1580 1938 1632 1978 εἰς
1658 1939 1755 1972 Καλ-

417 1987 604 2024 λιούπολιν
632 1999 683 2022 om
712 1989 743 2022 D
923 1988 966 2022 17
989 1987 1024 2026 ἐς
1058 1987 1088 2021 D
1268 1980 1377 2025 οὗτος
1400 2004 1445 2010 -
1468 1982 1610 2028 μέρεσιν
1643 1993 1698 2016 om
1723 1983 1755 2016 D

418 2036 462 2069 19
485 2031 505 2069 ὁ
539 2027 607 2068 οὖν
631 2031 741 2067 Ἀσὰν
770 2030 838 2076 τὴν
869 2029 986 2066 αὐτοῦ
1009 2029 1165 2076 γαμετὴν
1188 2029 1251 2065 καὶ
1278 2030 1320 2066 τὸ
1349 2026 1550 2074 θυγάτριον
1576 2026 1698 2072 λαβών
1723 2027 1754 2061 D

417 2080 462 2115 21
484 2079 687 2124 πληροῦται
698 2076 745 2113 τὰ
761 2078 829 2112 τοῦ
846 2076 981 2122 κήδους
992 2077 1067 2111 τῶν
1081 2077 1224 2111 παίδων
1240 2077 1272 2111 D
1371 2076 1417 2112 22
1439 2073 1694 2118 ἱεροτελεστίας
1710 2073 1754 2107 D.

327 2167 444 2201 fimum
468 2168 542 2202 suit.
587 2179 626 2202 eo
650 2167 839 2212 demortuo,
863 2170 1038 2213 postquam
1063 2166 1159 2200 nobis
1183 2166 1371 2210 poematum
1386 2163 1542 2206 ambages
1557 2162 1756 2206 explicasset

328 2215 365 2244 et
390 2212 546 2245 orationis
575 2213 799 2246 conficiendae
829 2217 935 2246 artem
965 2212 1176 2253 tradidisset,
1211 2209 1254 2243 ad
1275 2208 1484 2242 Blemmidem
1512 2207 1754 2251 Nicephorum,

328 2266 395 2300 quo
417 2256 575 2290 neminem
597 2257 631 2289 in
656 2257 888 2302 philosophicis
903 2256 1079 2301 disciplinis
1093 2253 1367 2301 praestantiorem
1381 2252 1550 2294 novimus,
1573 2262 1626 2285 me
1647 2252 1754 2297 ipsum

329 2300 473 2343 contuli,
498 2304 531 2333 et
552 2301 737 2344 quicunque
752 2313 815 2334 una
830 2312 955 2335 mecum
969 2301 1084 2345 logicis
1097 2297 1376 2345 speculationibus
1392 2297 1619 2331 attendebant.
1665 2300 1700 2330 et
1713 2296 1755 2330 de

330 2355 382 2378 me
397 2345 469 2397 ipso
484 2345 568 2378 haec
581 2345 614 2378 in
630 2346 801 2390 praesenti
814 2345 894 2379 satis
910 2346 1000 2379 dicta
1014 2346 1095 2380 sint:
1116 2347 1151 2378 in
1169 2347 1337 2389 posterum
1351 2353 1431 2376 vero
1445 2342 1590 2386 reliqua,·
1607 2340 1664 2374 ubi
1679 2351 1757 2375 sese

329 2389 443 2423 tulerit
458 2389 605 2432 occasio,
629 2389 790 2423 historiae
802 2390 1002 2423 inserentur.

419 2434 475 2468 33.
522 2434 606 2466 Cum
629 2434 761 2478 itaque,
784 2438 822 2467 ut
843 2434 1094 2479 praedixeram,
1117 2433 1214 2466 ambo
1236 2432 1378 2465 Ioannes
1399 2431 1512 2465 Ducas
1526 2430 1707 2476 imperator
1721 2433 1756 2464 et

327 2478 457 2512 Asanus
473 2479 612 2512 Ioannes
630 2478 848 2522 Bulgarorum
866 2490 925 2512 rex
941 2479 974 2511 in
989 2489 1086 2511 unum
1102 2477 1240 2510 foedere
1254 2477 1320 2510 icto
1338 2476 1588 2514 convenissent,
1611 2475 1756 2520 impera-

329 2527 383 2557 tor
408 2523 625 2568 Lampsacum
649 2527 893 2568 praeoccupat,
915 2527 950 2556 et
965 2523 1068 2567 copiis
1083 2522 1291 2565 Calliupolim
1306 2521 1448 2562 traiicit‚
1472 2521 1669 2565 adactisque
1685 2531 1756 2553 ma-

329 2568 435 2601 chinis
458 2568 626 2602 castellum
645 2568 791 2609 invadit,
815 2572 850 2601 et
865 2580 929 2601 non
945 2569 1044 2601 multo
1060 2571 1138 2612 post
1152 2579 1171 2600 e
1186 2567 1387 2600 Venetorum
1401 2566 1552 2599 manibus
1566 2568 1753 2609 recuperat.

329 2617 407 2658 post
420 2613 504 2646 haec
516 2615 646 2646 Asanus
663 2624 736 2646 curn
751 2623 855 2646 uxore
869 2612 976 2646 Maria
991 2613 1127 2656 Ungara
1142 2615 1177 2645 et
1191 2611 1260 2644 filia
1273 2612 1404 2645 Helena
1419 2610 1626 2654 Calliupolim
1648 2609 1752 2651 venit,

329 2657 385 2691 ubi
400 2668 472 2690 cum
487 2658 687 2702 imperatore
702 2669 883 2692 sermonem
899 2658 1060 2698 conserit3
1081 2656 1268 2701 ibidemque
1285 2656 1459 2690 amicitiam
1474 2660 1615 2699 uterque
1629 2654 1753 2688 confir-

327 2706 429 2736 mant.
473 2702 528 2735 hic
550 2703 804 2748 Hellespontum
829 2715 894 2736 non
916 2703 1065 2743 traiecit,
1089 2701 1197 2734 sedin
1214 2701 1406 2745 Calliupolis
1419 2700 1569 2746 partibus
1581 2698 1751 2733 remansit.

327 2745 468 2780 Ioannes
481 2747 662 2791 imperator
676 2759 751 2782 cum
766 2759 871 2781 uxore
886 2751 918 2781 et
932 2746 1002 2780 filia
1018 2747 1147 2780 Helena
1161 2747 1395 2791 Lampsacum,
1418 2745 1475 2779 ubi
1490 2749 1565 2778 erat
1579 2745 1675 2778 Irene
1689 2743 1752 2776 im-

328 2791 490 2836 peratrix,
513 2797 647 2827 remeat.
694 2797 728 2827 et
743 2804 918 2838 puerorum
932 2792 1064 2838 nuptias
1082 2796 1254 2837 apparant,
1278 2802 1352 2830 cum
1367 2792 1555 2826 Germanus
1567 2787 1753 2835 patriarcha

1901 0 1924 89 ,v't‘d
