1864 3242
537 177 932 223 ACROPOLITAM
963 178 1163 222 NOTAE.
1466 174 1564 221 271

117 284 323 339 ineolog).
372 298 418 325 ea
449 289 583 325 tamen
603 299 656 325 ex
677 286 766 325 aliis
785 286 1150 336 sub1ni1fistfautur3
1186 286 1359 338 G'regbm
1379 298 1421 338 Ρ.
1442 287 1496 327 78
1524 289 1565 328 3.

118 342 198 382 neo'
211 342 368 381 diversa
388 351 479 382 sunt
499 355 600 396 quae
621 344 755 382 scribit
770 342 1158 381 Phranza.A1.1..v

187 411 272 451 P.
288 401 367 442 170
383 413 423 438 v.
449 401 490 441 9.
520 398 545 441 ὅ
564 400 830 453 Καρυανίτης]
859 398 1142 451 Pachymerius
1164 411 1206 450 Ρ.
1227 399 1281 440 63
1307 399 1350 439 7.
1378 397 1565 450 reliquos,

116 457 153 494 si
172 454 253 495 sibi
263 454 462 494 adversari
482 463 663 509 poterant
682 457 747 494 vel
767 458 848 494 suis
868 456 1070 494 conatibus
1085 452 1370 507 impedimento
1393 466 1493 503 esse,
1519 460 1563 492 ut

117 510 170 550 de
187 510 324 550 medio
338 513 484 561 tulerit,
511 511 658 550 habeto
675 513 749 550 tibi
768 525 821 550 ex
839 511 1082 564 Pachymere
1100 525 1141 564 Ρ.
1169 514 1222 553 80
1256 511 1480 551 11.A1.1..

118 625 186 666 16
198 579 278 662 Ῑλ
280 569 375 662 Ῑ’11072
391 582 432 607 v
450 573 491 612 7.
548 568 592 611 ἐκ
621 564 872 622 σκοτομήνης
899 567 1092 622 βαθείας]
1127 566 1410 620 Pachymerius
1437 580 1479 618 Ρ.
1509 567 1563 607 97

187 698 189 700 ·
229 679 284 718 ib.
313 693 353 719 v.
384 680 451 721 12.
502 679 552 721 οἰ
577 677 650 733 μὲν
676 695 752 736 γαρ
780 678 824 721 έν
850 682 903 736 τῇ
926 675 1348 721 Κωνσταντινουπόλει
1369 679 1563 730 Λατῖναι]

74 790 76 794 y
117 735 400 788 Pacbymerius
419 749 462 788 Ρ.
486 738 564 778 106
592 738 791 778 8.A1.1..

226 793 281 830 ib.
300 799 394 831 ·.not
425 805 464 830 v.
498 791 538 833 5.
595 795 882 845 χρυσεψητεῖον
909 792 991 829 sive
1017 795 1329 845 χρυσοεψητεῖον
1356 792 1532 829 fornax·
1521 803 1562 828 m

116 861 196 901 qua
222 861 362 887 aurum
382 849 563 901 coquitur
580 855 619 886 et
643 850 843 887 conflatur.
902 847 1070 886 Suidas:
1101 851 1431 902 χρυσοεψητεῖον,
1462 847 1563 888 ἔνθα

82 939 87 942 .
115 904 362 958 χωννεύουσι
381 905 450 945 καὶ
473 904 619 956 ἕψουσι
639 903 711 946 τὸν
732 901 893 957 χρυσόν.
949 906 1111 943 DousA.

224 975 269 1013 Ρ.
290 961 370 1004 174
395 973 437 999 v.
455 963 496 1002 3.
550 976 632 1001 των
656 960 900 1014 κομερκίων]
932 962 1262 998 commerciorum.
1322 973 1404 998 vox
1424 962 1564 998 Latina

114 1023 202 1055 tota·
225 1016 436 1069 κομέρκιον
460 1017 545 1054 sive
570 1016 832 1071 κομμέρκιον,
862 1030 1148 1055 οοηιηιενειιιηι.
1208 1016 1300 1056 vide
1322 1018 1564 1056 Glossarium

114 1075 292 1112 Meursii.
343 1074 507 1112 Douss.

121 1156 125 1158 -
225 1129 281 1167 ib.
304 1141 344 1166 v.
365 1133 430 1171 17.
485 1131 540 1183 τῷ
558 1127 651 1181 (imi
665 1130 738 1181 τῆς
757 1128 943 1176 Σικελίας
957 1130 1012 1182 τῷ
1029 1127 1204 1183 Μαφρέ]
1236 1130 1429 1180 Gregoras
1450 1128 1520 1166 lib.
1539 1131 1565 1170 3

115 1198 156 1237 Ρ-
176 1188 228 1228 71
253 1186 322 1226 21.
378 1170 720 1237 Pachymoeiusp.
741 1187 796 1226 82
822 1186 890 1225 21.
947 1186 1049 1222 Am..

225 1240 280 1278 ib.
293 1255 332 1279 v.
347 1242 414 1284 18.
441 1244 499 1296 τῷ
517 1242 723 1295 Πρίγγιπι]
746 1242 889 1277 iterum
900 1253 998 1291 pura
1009 1241 1355 1291 putavoxLatina‚
1382 1239 1564 1294 Πρίνκιψ

115 1299 199 1336 sive
224 1299 408 1351 Πρίγγεψ
430 1298 631 1348 princeps
691 1299 774 1338 ταῖν
803 1293 999 1350 Φράγγων
1027 1293 1100 1350 ρήξ
1127 1296 1374 1334 maceriem
1398 1311 1466 1334 rex
1490 1304 1564 1335 etc.

114 1353 206 1392 vide
222 1355 386 1392 Meursii
403 1354 661 1391 Glossarium.
716 1354 880 1390 Dousi.

225 1423 268 1462 Ρ.
291 1410 369 1452 175
396 1423 436 1448 v.
455 1410 524 1451 21.
581 1409 827 1460 κανικλείου]
858 1408 1026 1446 οαηὶοἰεί
1051 1407 1294 1459 praefectura
1317 1415 1399 1446 erat
1419 1421 1564 1460 magna

114 1465 233 1504 valde
263 1465 435 1518 dignitas
455 1466 582 1518 cpoli.
638 1464 731 1504 vide
761 1467 920 1503 omnino
942 1466 1104 1502 Meursii
1124 1465 1367 1502 Glossarium
1380 1495 1390 1513 ,
1431 1472 1469 1502 et
1491 1464 1564 1502 ad-

114 1521 208 1561 hibe
227 1523 543 1560 Cantacuzenum
561 1522 631 1559 lib.
656 1524 673 1562 1
697 1534 784 1573 cap.
813 1522 863 1563 14
884 1527 923 1558 et
943 1522 1011 1559 lib.
1033 1521 1060 1561 4
1089 1534 1175 1572 cap.
1197 1521 1265 1562 40.
1322 1523 1485 1561 DousA.

226 1578 282 1617 ib.
302 1592 343 1617 v.
363 1578 432 1624 24.
490 1579 670 1631 μείζονος
690 1578 876 1631 κέρδους]
908 1579 1103 1628 Gregoras
1126 1590 1167 1628 Ρ.
1187 1580 1243 1619 72
1272 1581 1312 1619 3.
1368 1580 1471 1616 Am..

225 1649 268 1687 p·
299 1638 379 1678 176
407 1648 447 1673 v·
474 1636 516 1676 5.
571 1632 643 1676 τόν
679 1631 950 1686 αὐτάδελφον]
996 1635 1189 1684 Gregoras
1219 1647 1260 1685 p.
1289 1636 1342 1676 72
1372 1637 1411 1675 8.
1470 1632 1564 1672 hinc

113 1692 315 1743 colligitur
331 1690 519 1729 michaeli
535 1692 774 1742 Palaeologo
803 1689 902 1728 duos
928 1691 1050 1728 fuisse
1078 1691 1241 1737 fratres,
1281 1692 1462 1742 quamvis
1482 1703 1563 1728 ιιοιι

115 1761 170 1786 ex
190 1747 332 1786 eadem
358 1755 506 1797 matre,
552 1750 742 1786 Ioannem
770 1753 808 1784 et
835 1747 1147 1784 Constantinum.
1206 1745 1510 1798 Pachymerius:
1540 1743 1563 1788 ὁ

115 1803 293 1858 μέντοιγε
320 1803 439 1858 μέγας
447 1807 728 1875 τπονοστσιῠλ.ος
747 1819 841 1850 τους
863 1799 1062 1854 ἅδελφοὺς
1079 1799 1288 1854 ἐπιστήσας
1310 1801 1469 1852 νέους”
1444 1818 1564 1851 οντας

113 1860 183 1902 καὶ
199 1859 402 1909 συνετούς,
431 1876 489 1902 ων
511 1875 650 1914 ατερος
671 1858 743 1913 μὲν
763 1856 962 1911 Ἰωάννης,
990 1858 1014 1900 o‘
1033 1856 1076 1899 δὲ
1098 1855 1280 1912 δεύτερος
1300 1856 1388 1912 μετ’
1410 1861 1564 1901 ἐκεῖνον

114 1916 136 1959 ὖ
154 1917 458 1964 Κωνσταντῖνος
479 1915 669 1969 ἐλέγοντο,
686 1914 894 1966 ὀφφικίοις
912 1930 1027 1956 ovum
1042 1915 1361 1968 σεμνυνομένους
1381 1914 1452 1964 tais·
1470 1930 1563 1969 πρε-

113 1987 270 2022 πουσας
284 1972 410 2029 ἑαυτῷ
429 1971 608 2024 φυλακας
623 1975 811 2043 καθίστη.
867 1974 969 2009 Au..

225 2029 280 2067 ib.
302 2043 340 2067 v.
357 2032 396 2071 9.
455 2029 480 2070 o‘
496 2027 568 2080 μὲν
589 2024 663 2069 οὖν
682 2025 1026 2081 σεβαστοκροὶτωρ]
1058 2028 1171 2079 plura
1195 2026 1244 2064 de
1263 2025 1327 2064 liis
1349 2025 1440 2064 vide
1456 2026 1562 2078 apud

113 2087 329 2137 Gra-goram
345 2087 414 2123 lib.
439 2089 464 2128 8
483 2099 517 2123 c.
537 2087 611 2123 ult.
667 2088 770 2123 Am..

224 2142 279 2180 ib.
313 2155 350 2180 v.
388 2142 454 2184 14.
512 2142 555 2182 οἱ
579 2139 651 2193 μὲν
681 2138 776 2192 οὖν]
808 2139 940 2179 hostes
968 2140 1127 2178 Graecis
1157 2140 1253 2193 ipsis
1281 2140 1400 2190 louge
1427 2139 1562 2189 plures

112 2205 237 2236 erant.
294 2197 388 2236 hinc
415 2197 467 2236 ad
494 2200 685 2236 militares
707 2206 810 2235 artes
838 2199 992 2235 animus
1016 2196 1246 2234 advertitur.
1300 2208 1396 2232 nam
1422 2196 1562 2232 Graeci

112 2257 272 2307 propius
290 2253 448 2293 hostem
467 2257 602 2292 castris
617 2257 734 2292 motis
749 2256 910 2291 mittunt
932 2252 1136 2291 homiuem
1152 2252 1342 2290 idoneum
1354 2281 1364 2300 ,
1396 2253 1464 2302 qui
1485 2250 1561 2289 ho-

111 2312 222 2349 stiles
251 2312 449 2349 exercitus
475 2313 642 2349 concitet
669 2318 707 2348 et
737 2310 954 2348 conturbet.
1011 2311 1044 2347 is
1064 2315 1184 2346 noctu
1210 2309 1334 2346 veluti
1357 2309 1561 2358 transfuga

114 2380 206 2405 cum
233 2366 427 2406 michaele
459 2369 636 2405 Aetoliae
666 2369 843 2419 prin01pe
874 2365 1136 2417 congreditur.
1194 2367 1350 2402 nuntiat
1382 2365 1442 2400 illi
1472 2377 1561 2400 ma-

113 2436 237 2474 gnum
253 2424 472 2474 periculum
490 2423 734 2476 impendere.
791 2425 899 2461 illius
921 2435 1086 2474 generos
1110 2420 1284 2459 Achaiae
1305 2427 1343 2458 et
1360 2421 1561 2470 Pelopon-

110 2482 198 2517 nesi
221 2481 440 2531 principem
467 2488 506 2518 et
526 2481 684 2533 Siciliae
706 2493 840 2531 regem
863 2480 964 2517 clam
983 2492 1056 2530 per
1072 2479 1224 2528 legatos
1243 2490 1382 2528 pacem
1401 2477 1559 2514 Graecis

111 2537 387 2587 largitionibus
404 2537 605 2575 obtulisse.
663 2538 696 2575 si
725 2538 830 2575 salus
860 2549 930 2574 sua
957 2537 1031 2573 sibi
1057 2548 1171 2571 curae
1191 2540 1315 2581 esset,
1346 2539 1560 2584 antequam

109 2594 180 2630 illa
202 2591 409 2630 concordia
427 2594 612 2642 iniretur,
650 2594 726 2631 sibi
744 2595 995 2644 prospiceret.
1054 2589 1224 2627 Michael
1243 2590 1379 2640 paucis
1398 2602 1559 2626 suorum

111 2662 153 2686 re
169 2648 341 2686 indicata
360 2655 451 2686 ante
471 2651 565 2688 solis
583 2657 713 2688 ortum
736 2651 850 2700 fugit,
882 2661 1051 2699 eumque
1073 2647 1141 2683 alii
1165 2653 1282 2698 atque
1298 2647 1366 2684 alii
1383 2658 1560 2697 sequun-

112 2712 195 2742 tur:
225 2706 279 2742 ita
301 2703 508 2743 Michaelis
527 2707 674 2744 milites
689 2720 827 2744 omnes
846 2707 887 2742 in
911 2706 1048 2754 fugam
1068 2716 1110 2740 se
1130 2709 1294 2739 vertere.
1323 2715 1440 2738 mane
1463 2703 1557 2738 socii

110 2762 207 2811 fuga
233 2759 440 2799 Michaelis
475 2764 649 2813 cognita,
697 2776 787 2800 cum
821 2774 979 2799 causam
1005 2760 1192 2811 consequi
1219 2772 1299 2795 non
1325 2764 1486 2809 possent
1519 2765 1557 2794 et

110 2816 226 2855 valde
249 2819 504 2856 imminutum
519 2831 679 2856 suorum
696 2830 906 2856 numerum
923 2822 1147 2864 cernerent,
1181 2817 1221 2852 in
1246 2815 1383 2865 fugam
1403 2827 1445 2851 se
1466 2827 1556 2852 ver-—
