1864 3242
302 197 399 247 ‘276
822 197 882 246 IN
916 198 1216 243 GEORGIUM

409 321 449 360 p.
475 309 551 350 196
572 309 698 350 v.13.
754 306 943 362 κατέλαβε
960 309 1084 364 γοῦν]
1112 306 1433 379 Pachymeresp.
1452 312 1531 353 160
1558 308 1748 353 4.Α1.1..

412 364 466 402 ib
484 365 609 407 v-18.
665 379 740 416 την
761 365 818 413 εἰς
835 363 1263 408 Κωνσταντινουπολιν
1280 367 1457 420 εἴσοδον]
1486 368 1591 406 bene
1608 367 1748 406 admo-

305 420 399 458 dum
421 419 520 458 haec
541 421 673 460 omnia
693 422 1059 472 Gregoras.A1.L.

416 475 470 513 ib
491 489 530 513 v·
550 479 619 518 20.
677 476 786 530 ὁτῆς
809 477 1008 544 Κυζίκου]
1037 477 1364 531 Pachymeresp.
1384 482 1464 523 160
1495 481 1560 520 16
1615 480 1719 517 Au„

415 546 456 586 p·
479 533 559 573 197
582 546 621 571 v-
645 535 709 574 11.
766 529 911 576 τούτου
941 537 1012 587 τῆς
1037 532 1311 588 θεομήτορος]
1341 534 1603 587 Pachymeres
1629 534 1700 573 lib.
1723 536 1751 576 2

309 602 344 626 c·
376 590 444 628 31.
502 589 694 640 Gregoras
714 590 785 627 lib.
806 589 833 631 4
858 605 900 642 Ρ.
922 593 975 632 87
1007 590 1073 631 14.
1129 591 1250 644 idque
1282 600 1372 630 ante
1402 589 1639 629 Michaelem
1662 595 1753 642 post

308 645 571 683 Iustinianum
601 651 640 682 et
669 647 895 685 Heraclium
924 649 1074 698 primus
1108 650 1286 685 omnium
1311 650 1592 699 imperatui-mn
1620 651 1762 697 egerat*

307 703 475 738 Ioannes
494 701 730 751 comnenus,
754 704 788 742 si
805 703 903 743 fides
922 702 1148 744 adhibenda
1164 711 1223 742 est
1239 706 1378 745 Ioanni
1396 705 1588 744 cinnamo
1605 704 1754 740 Hister.

308 757 378 795 lib.
400 758 438 797 1.
495 758 598 796 ALL-

418 812 473 850 ib
497 826 535 850 v·
559 813 624 855 13.
681 812 775 866 περὶ
803 811 847 855 vd
877 816 950 866 τῆς
982 815 1130 867 σοφίας
1155 818 1230 856 τοῦ
1256 818 1358 857 θεοῦ·
1385 811 1551 867 ἄφίκετο
1575 781 1754 868 τέμενος]

311 870 438 907 multa
467 868 515 906 de
541 867 619 907 hoc
645 870 794 921 templo
814 884 836 907 a
853 873 1069 910 Iustiniano
1095 879 1273 912 extructo
1298 871 1436 910 dixere
1464 872 1602 912 Graeci
1613 877 1660 924 'et
1675 871 1758 907 La-

312 927 406 973 tini,
436 927 569 963 omnia
591 932 727 963 tamen
743 927 856 965 infra
887 926 1143 978 dignitatem:
1170 930 1375 967 molimina
1395 929 1501 966 enim
1521 919 1700 966 omnium
1714 927 1759 963 in

314 981 481 1019 dicendo
503 995 601 1034 opus
620 983 841 1033 superabat.
898 986 982 1035 ipse
1002 984 1207 1023 Michaelis
1223 986 1346 1023 Pseui
1367 983 1640 1024 facundissimi
1659 983 1760 1020 sori-

313 1039 436 1090 ptoris
453 1039 495 1075 111
514 1037 623 1074 idem
633 1040 827 1089 templum
837 1046 964 1077 terrae
982 1048 1094 1078 motu
1114 1048 1343 1093 quassatum
1363 1040 1648 1091 disiectamque
1667 1051 1760 1076 mo-

315 1093 479 1132 nodiam
505 1092 634 1131 adhuc
663 1094 874 1144 ineditam,
905 1095 1066 1147 dignam
1096 1104 1230 1134 tamen
1258 1110 1359 1149 quae
1386 1097 1541 1147 legatur
1559 1096 1607 1133 ab
1628 1095 1761 1132 omui-

315 1150 414 1198 bus,
445 1149 647 1198 dabimus,
676 1157 722 1187 ut
743 1165 856 1189 meus
886 1166 947 1190 ms
980 1153 1107 1191 oodex
1133 1155 1251 1190 tineis
1279 1165 1421 1190 exesus
1427 1125 1679 1202 ²'madoreque
1697 1150 1761 1186 la-

319 1219 431 1246 cerus
473 1205 749 1276 εαΡΡεόἰῒοῑοίῒ.
805 1219 887 1244 11011
926 1210 999 1246 erit
1037 1207 1274 1247 iniucundus
1300 1208 1413 1246 labor
1434 1209 1539 1246 inter
1564 1208 1761 1244 lacrimas.

321 1262 378 1309 εἷς
394 1259 469 1313 τὴν
487 1265 560 1312 τῆς
585 1260 699 1328 αγίας
718 1263 876 1328 Σοφίας
897 1261 1137 1315 σύμπτωσιν.
1194 1259 1248 1333 ᾖν
1267 1261 1346 1316 ἄρα
1367 1261 1436 1303 καὶ
1457 1260 1643 1316 συμφοροῖ
1665 1273 1765 1314 συμ-

322 1321 453 1370 φορᾶς
478 1316 546 1357 καὶ
578 1313 715 1365 πάθος
742 1315 903 1367 πάθους
929 1319 998 1360 καὶ
1024 1316 1130 1389 λύπη
1157 1317 1287 1371 λύπης
1313 1319 1381 1360 καὶ
1411 1319 1587 1389 οἰμωγῆς
1609 1314 1763 1370 οἰμωγὴ

322 1374 390 1414 καὶ
409 1376 564 1426 θρῆνος
582 1369 742 1425 θρήνου
751 1375 907 1441 μείζων
926 1390 967 1416 τε
986 1375 1054 1416 καὶ
1071 1372 1369 1442 ἀργαλεώτερος.
1425 1376 1491 1417 καὶ
1509 1391 1557 1416 τα
1577 1372 1648 1428 μὲν
1666 1371 1766 1414 αλλα

322 1432 402 1469 τῶν
432 1426 706 1481 παθημάτων,
739 1427 812 1470 όσα
832 1430 898 1472 καὶ
925 1435 1075 1485 μνῆμαι
1098 1431 1284 1500 φέρουσι,
1313 1429 1467 1473 πόλεων
1496 1426 1765 1480 κατασκαφάς,

324 1500 434 1526 ναων
476 1482 711 1554 ἐρημωσεις,
760 1486 883 1527 οἴκων
928 1486 1171 1541 ἐρειπώσεις,
1222 1483 1458 1540 ἄγαλματων
1505 1483 1766 1540 συμπτώσεις,

326 1539 344 1560 *
376 1538 546 1590 στάσεις,
583 1538 820 1610 απαγωγάς,
860 1543 1124 1612 αἰχμαλωσίας
1158 1541 1385 1610 ἐγνώκαμὲν
1416 1559 1457 1585 τε
1489 1543 1557 1585 καὶ
1589 1543 1768 1595 οἴδαμεν-

329 1597 485 1648 εἴδομεν
510 1595 536 1638 ἃ
558 1613 633 1638 ουκ
637 1595 878 1666 η’λπίσαμεν
906 1596 1000 1640 ου’δὲ
1026 1597 1423 1670 προσεδοκήσαμεν,
1425 1615 1500 1641 ουκ
1522 1597 1572 1641 ἄν
1593 1613 1688 1639 ποτε
1711 1597 1769 1645 εἷς

327 1657 428 1694 νοῦν
461 1649 791 1721 ἆνετυπῶσαμεν,
820 1654 888 1697 καὶ
920 1651 970 1696 οὗ
999 1659 1131 1722 μεῖζον
1157 1654 1282 1699 κακόν
1300 1653 1375 1697 οὐκ
1394 1650 1448 1707 ἦν
1471 1652 1612 1697 ἰδεῖν*
1631 1654 1701 1695 καὶ
1717 1668 1766 1694 ου

327 1714 630 1761 προαποθανεῖν
659 1725 820 1758 παντως
848 1708 898 1751 ἂν
926 1708 1120 1779 η’νέγκατό
1147 1727 1219 1759 τις.
1276 1712 1316 1752 τί
1339 1715 1477 1762 τοῦτο,
1512 1708 1585 1752 τδν
1618 1706 1771 1778 κόσμον

328 1764 468 1817 ἤμων,
506 1763 578 1806 τόν
612 1762 808 1818 ου’ρανόν,
850 1764 916 1807 τὸν
951 1765 1088 1819 ἣλιον,
1128 1783 1203 1820 την
1247 1766 1397 1820 σκέπην
1431 1767 1498 1808 καὶ
1534 1761 1771 1835 καταφυγήν

334 1821 476 1873 ημῶν,
504 1836 577 1873 την
605 1821 759 1873 ἐλπίδα,
788 1837 863 1874 την
891 1822 1021 1892 μόνην
1047 1824 1329 1892 ψυχαγωγίαν,
1357 1821 1432 1875 την
1460 1819 1607 1892 μόνην
1610 1818 1772 1873 οῗντίλη-

332 1887 424 1927 ψιν,
445 1874 490 1916 τό
510 1877 678 1946 ἔρεισμα,
695 1876 737 1918 τὸ
765 1877 1005 1943 ἱλαστήριον,
1023 1878 1093 1920 τόν
1111 1882 1327 1932 περικαλλῆ
1346 1877 1463 1926 νεών,
1489 1876 1559 1920 τόν
1581 1874 1772 1949 οἶσυγκρι-

333 1948 403 1973 τον
441 1929 572 1989 οἶκον,
614 1931 659 1974 ὃν
702 1930 952 2002 ω’κοδὸμησεν
986 1935 1014 1986 ἦ
1047 1937 1182 1987 Σοφία
1221 1934 1286 1976 ἐπὶ
1328 1938 1384 1992 τῷ
1422 1935 1564 2006 ἑαυτῆς
1598 1931 1771 1986 ὀνόματι,

335 1988 400 2029 καὶ
430 1989 479 2028 οὑ
508 1985 700 2055 υπήρεισε
720 1987 814 2038 τούς
835 1989 930 2031 ἑπτα
952 1988 1117 2039 στύλους
1135 1991 1328 2040 ἐκείνους,
1355 1978 1455 2045 υπὲρ
1478 2007 1526 2032 ου
1545 1989 1648 2031 mez‘
1629 1990 1772 2039 εαυτῆς

336 2044 480 2094 ε’σφαξε
501 2041 664 2114 θύματα
682 2045 748 2086 καὶ
766 2044 836 2087 τόν
855 2051 1030 2101 κρατῆρα
1046 2047 1243 2101 ἐκέρασεν.
1299 2045 1332 2088 οἳ
1350 2063 1420 2088 του
1441 2045 1621 2096 πάθους,
1652 2042 1687 2086 ὦ
1701 2059 1773 2112 της

337 2103 556 2167 συμφορᾶς.
613 2117 644 2141 ω
664 2105 737 2142 τοῦ
756 2101 950 2170 μεγέθους
966 2107 1046 2144 τῶν
1066 2119 1222 2152 κακων,
1250 2100 1283 2144 ὦ
1304 2107 1375 2156 τῆς
1389 2100 1560 2150 Ἰλιάδος
1616 2101 1688 2172 'le‘
1695 2113 1772 2140 0υῦ

339 2153 390 2195 ἆν
414 2155 482 2200 καὶ
506 2155 582 2208 τήν
609 2160 783 2210 γλῶτταν
805 2156 955 2216 ἔνόὥκῃ
978 2157 1075 2200 ω’στε
1095 2157 1149 2213 μὴ
1171 2160 1318 2210 εἰπεῖν,
1348 2160 1407 2208 τίς
1427 2175 1500 2200 ουκ
1518 2173 1569 2198 αν
1585 2155 1652 2197 καὶ
1669 2152 1771 2196 ἑκών

338 2211 543 2265 ἐμπνιγείη
570 2212 665 2271 πρὶν
689 2213 917 2266 ἐκλαλῆσαι,
945 2219 1085 2256 τοῦτον
1107 2212 1290 2256 ἐκεῖνον’
1277 2213 1326 2255 δν
1344 2214 1367 2257 6
1376 2213 1480 2263 θεὸς
1484 2212 1708 2284 τἐξελέξατο»
1738 2205 1773 2263 ᾦ

338 2267 546 2315 ἐπεφοίτα,
576 2270 606 2322 ᾧ
630 2272 778 2320 μᾶλλον
799 2271 923 2311 εἰπεῖν
944 2268 1146 2341 ἐνεδημει,
1175 2266 1206 2326 ᾧ
1234 2267 1442 2340 η’ρέσκετο,
1470 2265 1501 2325 ᾦ
1527 2268 1771 2338 ἐπετέρπετο,

341 2323 398 2370 εἷς
419 2320 466 2363 ο“ν
485 2319 661 2364 απέκειτο
685 2340 733 2364 τα
752 2323 983 2378 τιμιώτατα,
1013 2325 1056 2369 τὸ
1082 2331 1229 2394 μῦρον,
1255 2324 1300 2368 τὸ
1321 2327 1485 2379 χρίσμα,
1515 2322 1558 2365 τὸ
1575 2320 1774 2392 βασιλικὸν

342 2378 440 2429 λέγω
465 2378 532 2418 καὶ
560 2376 767 2430 ἷερατικόν.
824 2382 920 2422 εἴπω
948 2382 991 2424 τὸ
1020 2380 1267 2436 παραδοξον,
1293 2381 1336 2422 τὸ
1361 2384 1434 2422 τοῦ
1460 2383 1562 2421 θεοῦ
1578 2383 1690 2432 σῶμα
1706 2377 1776 2420 καὶ

344 2431 464 2485 αἷμα,
502 2434 543 2475 ἐν
575 2431 606 2491 ᾧ
630 2433 772 2478 ἐθυετο
801 2452 927 2485 ουτος.
984 2439 1044 2489 τίς
1077 2439 1202 2479 εἰπεῖν
1225 2434 1412 2508 τολμησει
1437 2435 1481 2478 τὰ
1506 2434 1681 2490 γεγονὸς,
1716 2434 1776 2482 τίς

343 2490 481 2558 ἐνέγκη
501 2489 612 2561 ψυχη
637 2497 886 2545 προενεγκεῖν
905 2491 979 2544 τήν
1000 2491 1165 2546 φωνήν,
1193 2489 1309 2542 οὗτος
1331 2492 1356 2534 6
1376 2490 1595 2544 διώνυμος,
1624 2491 1648 2532 o‘
1665 2506 1776 2543 περι-

344 2531 509 2598 βόητος,
541 2546 565 2589 6
579 2546 752 2596 ἄσυλος’
740 2548 875 2590 ἔπεσεν
890 2548 1009 2601 οἴμοι.
1068 2549 1180 2590 ἔπεσε
1200 2552 1346 2619 σεισμω
1362 2548 1574 2601 κλονηθεὶς
1589 2546 1656 2588 καὶ
1676 2548 1776 2614 βρα-

345 2606 432 2670 σαῷ
462 2606 536 2655 γῆς
561 2605 772 2656 τιναχθείς.
827 2604 894 2645 καὶ
916 2604 937 2646 6
958 2604 1178 2675 ἐπιβλέπων
1198 2604 1262 2645 ἐπὶ
1279 2621 1354 2674 την
1370 2609 1450 2659 γῆν
1469 2604 1536 2644 καὶ
1557 2606 1683 2644 ποιῶν
1701 2598 1777 2642 αὕ-

345 2673 420 2709 την
450 2658 603 2711 τρέμειν
629 2657 703 2700 οὐκ
727 2656 974 2712 ηὐδόκησεν,
1014 2657 1090 2701 ουίι
1118 2657 1270 2715 ᾐδέσθη
1305 2678 1402 2715 αρα,
1442 2657 1518 2702 ov'n
1543 2656 1683 2725 η’λέησε
1706 2658 1776 2698 πί-

346 2727 513 2756 πτοντα·
541 2713 641 2782 πρὸς
661 2714 703 2757 σὲ
719 2732 792 2769 γαρ
816 2733 835 2757 ο
825 2713 1008 2786 ‘2621055
1010 2715 1107 2765 ναός
1120 2720 1194 2757 τοῦ
1211 2720 1333 2766 θεοῦ,
1363 2716 1430 2758 καὶ
1444 2720 1558 2783 χῶμα
1568 2711 1777 2783 γενόμενον

348 2770 414 2809 καὶ
437 2767 715 2836 διαλυόμενον,
744 2771 810 2812 καὶ
815 2788 932 2840 προς
955 2769 1079 2814 αυτὸν
1095 2769 1215 2813 παλιν
1234 2771 1442 2826 κονιορτὸν
1470 2769 1681 2839 αἰρόμενον
1710 2768 1778 2809 καὶ

350 2821 668 2880 οἷναφερὸμενον,
700 2824 774 2869 ουίι
799 2824 1055 2883 α’πεστραφη,
1084 2825 1135 2872 ου’
1163 2827 1356 2883 κατενύγη
1375 2828 1440 2870 ἐπὶ
1462 2828 1525 2870 σοὶ
1545 2827 1569 2869 6'
1587 2825 1779 2879 εὔσπλαγ-
