1858 3236
228 223 294 271 84
587 255 592 259 ·
609 220 983 269 CONSTANTINI
1022 219 1286 266 MANASSIS

361 334 719 395 παραστησάμενος
736 333 844 395 αὐτῷ
865 331 1043 391 δημότας
1063 333 1137 379 σὺν
1151 330 1318 384 ὓπάτοις

355 404 570 461 απηλιίιην”
593 404 740 462 ἔφησεν
753 402 910 462 “stipulae
924 403 998 459 τὴν
1017 401 1321 458 τῶν“Ρωμαίων
1343 398 1459 446 πόλιν

230 476 339 518 1920
361 475 627 530 καλλίπυργον
647 473 840 527 πεποίηκα
861 474 1017 527 λιθίνην
1037 472 1279 530 στερεμνίαν.

360 543 440 584 ἐπεὶ
465 541 510 584 δὲ
531 542 598 582 καὶ
618 542 867 595 μεθίσταμαι
886 545 959 595 τῆς
976 538 1127 597 τύρβης
1146 543 1226 581 τῶν
1245 535 1505 595 πραγμάτων,

366 613 560 666 κροτῆσαι
577 607 776 663 βούλομαι
794 609 965 658 πολλοὺς
981 609 1043 650 ἐπὶ
1066 612 1116 664 τῇ
1140 610 1302 662 τελευτῇ
1319 623 1400 659 μου

359 679 426 718 καὶ
437 675 677 733 χρήσασθαι
695 680 946 732 γελοιασμοῖς
963 677 1030 717 καὶ
1050 675 1282 732 κροταλίσαι
1298 680 1439 731 χεῖρας

353 742 408 795 ὡς
426 746 491 787 ἐπὶ
507 746 632 798 μίμου
651 748 812 801 τελευτῇ
834 747 1065 799 γελοιαστοῦ
1082 744 1148 785 καὶ
1168 741 1372 784 παι’κτου.”

107 811 137 846 Ρ
155 810 201 847 40
227 812 333 856 1925
353 814 419 855 καὶ
440 817 568 854 ταῦτα
589 811 794 862 διετάξατο
815 816 888 854 τοῦ
904 813 997 865 βίου
1017 811 1281 862 καταπαίζων.

358 880 419 938 ἐφ’
443 879 551 930 ὅλοις
574 880 617 922 δὲ
639 878 880 934 πεντήκοντα
900 880 975 922 σὺν
993 876 1039 930 ἓξ
1061 877 1265 936 κρατήσας
1276 875 1439 935 χρόνοις

355 948 428 1003 τὴν
450 947 615 1005 ὀφειλὴν
638 947 807 989 ἀπέδοτο
820 980 832 998 ,
861 948 1054 1001 κατέβαλε
1075 947 1121 990 τὸ
1135 946 1269 1003 χρεός.

423 1015 582 1058 Τούτου
599 1020 670 1058 τοῦ
686 1017 896 1072 Καίσαρος
915 1015 1041 1072 ἀρχῆς
1063 1019 1147 1065 τοῖς
1164 1013 1381 1071 σκήπτροις
1397 1013 1621 1070 ἐφεστῶτος

358 1084 399 1126 ἕν
417 1082 493 1126 ἔτει
514 1088 823 1141 τεσσαρακοστῷ
842 1085 905 1126 ναὶ
926 1084 1006 1138 μὴν
1024 1083 1126 1140 πρὸς
1143 1087 1200 1140 τῷ
1222 1082 1395 1142 δευτέρῳ

222 1155 331 1195 1930
348 1149 369 1194 ὅ
389 1153 591 1202 συναΐὸιος
610 1156 730 1208 πατρὶ
752 1153 819 1193 καὶ
839 1152 1137 1208 κοσμοκτίστωρ
1157 1148 1286 1206 λόγος,

356 1220 490 1269 εἰσδὺς
509 1220 631 1274 νηδὺν
649 1220 722 1274 τὴν
743 1220 935 1276 καθαρὰν
950 1218 1129 1269 νεάνιδος
1149 1218 1358 1276 ἅφθόρου,

356 1288 429 1341 τὴν
450 1285 582 1344 σάρκα
603 1286 846 1341 συνεπήξατο
866 1285 1015 1341 ταύτης
1033 1279 1075 1329 ἐκ
1097 1291 1177 1329 τῶν
1197 1283 1392 1340 αἱμάτων,

355 1357 421 1397 καὶ
443 1355 516 1398 σὺν
535 1355 636 1411 αὐτῇ
653 1356 721 1396 καὶ
738 1354 820 1409 μετ’
842 1354 967 1409 αὐτῆς
986 1355 1193 1412 ἔπε’φαινεο
1213 1352 1460 1411 ἀνθρώποις,

354 1422 519 1476 θἐότητι
538 1423 763 1472 παντέλειος
785 1424 852 1464 καὶ
872 1421 990 1480 φύσει
1010 1424 1221 1482 βροτησίᾳ.

220 1491 327 1535 1935
399 1495 487 1533 Τοῦ
505 1494 704 1544 σεβαστοῦ
727 1491 772 1532 δὲ
788 1491 998 1547 Καίσαρος
1017 1491 1086 1533 τὸν
1106 1494 1196 1545 βίον
1219 1488 1446 1542 ἐκλιπόντος

169 1568 199 1604 Β
353 1559 566 1616 ἀρχηγετεῖ
578 1559 787 1615 Τιβέριος,
822 1558 867 1608 ὃς
885 1558 936 1600 τὰ
958 1559 1032 1612 μὲν
1054 1564 1195 1616 πρῶτα
1211 1562 1340 1615 πρᾶος

322 1654 327 1657 -
354 1626 506 1683 ὑπῆρχε
527 1627 593 1668 καὶ
618 1628 809 1680 μειλίχιος
827 1627 894 1667 καὶ
914 1624 1065 1683 τρόπου
1087 1625 1331 1684 φιλοδιόρου,

356 1695 440 1736 ἀλλ’
463 1694 630 1751 ὕστερον
651 1692 853 1743 ἐξώκειλεν
878 1696 934 1744 εἷς
950 1689 1055 1747 ἦθος
1071 1693 1286 1751 μιαιφόνον

356 1764 422 1804 καὶ
441 1760 600 1817 γνώμην
617 1759 908 1818 ὑπομόχθηρον
926 1762 994 1803 καὶ
1019 1761 1343 1820 ῥυπαροψυχιάν.

219 1830 329 1874 1940
349 1830 439 1886 ἄρτι
460 1830 503 1871 δὲ
519 1830 617 1879 τέως
640 1830 857 1885 παρελθὼν
878 1830 940 1871 ἐπὶ
960 1830 1032 1884 τὴν
1046 1832 1255 1884 βασιλείαν

352 1897 480 1948 οὕτως
496 1895 789 1955 ὗπερπεφίλητο
805 1904 888 1948 τοῖς
908 1895 986 1940 ὑπὸ
1002 1904 1123 1956 χεῖρα
1143 1903 1264 1942 πᾶσιν

310 1994 400 2029 1919
430 1989 500 2037 τὴν
529 1990 637 2027 πόλιν
665 1991 740 2026 τῶν
759 1989 944 2037 Ῥωμαίων
961 1994 995 2028 R
1141 1994 1231 2029 1922
1261 1991 1375 2037 καλῆς
1398 1992 1456 2028 vel
1483 1992 1602 2034 καλῶς
1631 1992 1672 2027 Μ

311 2040 402 2075 1923
423 2041 517 2082 χεῖρε
537 2039 577 2072 Μ
714 2039 801 2074 1925
822 2038 1030 2074 διετάττετο
1051 2039 1150 2074 ARR
1299 2051 1361 2075 vv.
1386 2039 1518 2075 1926-7
1532 2050 1587 2074 om
1605 2039 1673 2074 RR

308 2097 346 2120 v.
367 2086 454 2120 1929
478 2096 533 2118 om
554 2084 623 2120 RR
762 2086 850 2120 1933
874 2083 1059 2130 ἐπέφανεν
1081 2085 1187 2121 ΑΒΚ

219 2175 347 2221 “quam
369 2174 521 2208 luteam“
541 2174 656 2220 inquit
677 2175 821 2209 “inveni
843 2175 1030 2211 Romanam
1044 2178 1184 2221 urbem,
1211 2187 1286 2212 eam
1302 2175 1454 2222 pulchris
1473 2178 1672 2210 exornatam

217 2221 370 2256 turribus
386 2220 555 2264 lapideam
569 2222 768 2266 firmamque
790 2222 941 2256 reddidi.
988 2227 1025 2257 et
1045 2223 1204 2267 quoniam
1226 2222 1310 2256 mihi
1335 2233 1424 2255 nunc
1447 2234 1467 2255 e
1489 2223 1592 2255 turba
1612 2232 1671 2255 re·-

218 2278 293 2301 rum
311 2266 530 2304 humanarum
549 2268 617 2300 erit
634 2267 866 2300 excedendum
877 2293 886 2311 ‚
910 2267 1031 2302 multos
1047 2268 1083 2302 in
1096 2268 1191 2303 obitu
1208 2279 1283 2301 meo
1299 2267 1453 2313 plausum
1470 2268 1575 2301 edere
1592 2266 1673 2301 volo

220 2323 262 2346 ac
279 2311 378 2345 ludos
401 2312 518 2345 facere
538 2317 699 2356 tanquam
721 2313 758 2350 in
785 2312 878 2345 mimi
909 2319 945 2347 et
964 2313 1111 2348 ludionis
1139 2313 1276 2347 obitu.“
1323 2325 1411 2358 quae
1434 2312 1572 2357 quidem
1587 2323 1670 2357 pro-

219 2358 357 2391 ferebat
383 2362 545 2401 tanquam
573 2357 667 2390 vitae
701 2356 893 2391 mortalium
924 2358 1084 2394 illudens.
1143 2370 1219 2392 cum
1240 2362 1353 2393 autem
1381 2362 1475 2392 totos
1498 2358 1543 2392 56
1562 2369 1671 2392 annos

218 2403 426 2448 imperasset
438 2428 447 2445 ‚
468 2408 611 2436 naturae
637 2402 790 2436 debitum
807 2403 988 2447 persolvit.
1701 2400 1712 2413 '

310 2449 445 2482 Eodem
464 2448 616 2481 Caesare
636 2448 792 2492 potiente
807 2460 919 2482 rernm
940 2453 1144 2484 coaeternus
1162 2449 1220 2483 ille
1238 2448 1328 2493 patri
1351 2459 1464 2482 sermo
1478 2475 1487 2492 ,
1511 2449 1671 2483 conditor

219 2493 357 2536 mundi,
380 2498 508 2527 castam
530 2493 751 2538 incorruptae
776 2493 980 2528 iuvenculae
1008 2495 1120 2529 alvum
1138 2495 1315 2539 ingressus
1341 2505 1384 2527 ex
1407 2494 1481 2528 eius
1503 2494 1672 2538 sanguine

220 2550 358 2573 carnem
380 2539 449 2573 sibi
470 2538 662 2583 compegit,
686 2550 760 2572 cum
785 2549 853 2582 qua
872 2540 964 2573 inter
987 2540 1141 2575 homines
1162 2545 1366 2585 conspectus
1383 2545 1436 2574 est
1449 2565 1459 2583 ‚
1485 2545 1555 2574 tam
1577 2539 1668 2575 divi·

221 2584 332 2619 nitate
350 2595 450 2628 quam
462 2585 606 2618 humana
621 2590 743 2618 natura
764 2584 865 2629 plane
887 2586 1078 2629 perfectus.

312 2630 542 2674 Posteaquam
567 2641 652 2664 vero
679 2630 810 2664 Caesar
831 2631 1005 2675 Augustus
1030 2638 1049 2665 e
1067 2630 1158 2665 vivis
1182 2630 1406 2674 excessisset,
1431 2630 1598 2665 Tiberius
1625 2631 1670 2665 ad

221 2675 402 2730 imperium
416 2676 600 2721 pervenit3
622 2675 682 2720 qui
702 2677 746 2709 ab
766 2674 866 2709 initio
891 2676 1028 2721 quidem
1043 2676 1136 2710 mitis
1157 2677 1301 2711 blandus
1322 2675 1476 2709 liberalis
1500 2681 1586 2719 erat,
1606 2677 1670 2711 sed

222 2722 387 2766 deinceps
405 2722 450 2756 ad
469 2721 708 2765 sanguinarios
731 2732 843 2755 mores
858 2747 868 2765 ‚
895 2722 1150 2766 improbitatem
1172 2728 1276 2768 atque
1299 2722 1420 2756 sordes
1443 2722 1668 2756 exorbitavit.

221 2778 344 2802 recens
367 2773 480 2801 autem
503 2769 546 2802 ad
568 2767 749 2811 imperium
773 2772 913 2801 evectus
935 2769 1022 2801 adeo
1046 2767 1194 2803 subditis
1215 2768 1372 2803 omnibus
1396 2778 1496 2801 carus
1521 2771 1607 2811 erat,
1630 2771 1670 2802 ut

221 2814 354 2857 absque
376 2812 539 2847 satellitio
563 2812 788 2857 custodiaque
808 2813 964 2857 corporis
986 2818 1054 2848 tam
1077 2820 1181 2849 noctu
1202 2826 1302 2860 quam
1317 2813 1470 2847 interdiu
1484 2840 1492 2856 ‚
1514 2824 1668 2858 quocun—

221 2869 289 2902 que
310 2858 435 2903 vellet,
464 2858 545 2894 iret.
592 2869 679 2904 quos
711 2857 846 2893 urbium
868 2864 1049 2905 praetores
1080 2860 1138 2895 vel
1158 2860 1363 2897 tributorum
1387 2863 1567 2894 exactores
1585 2869 1668 2894 cou-
