1924 3242
323 181 388 228 66
464 183 646 228 IOELIS
680 185 1156 245 CHRONOGRAPHIA
1187 188 1611 234 COMPENDIARIA.

323 296 622 356 φυρογεννήτῳ,
656 297 724 339 καὶ
753 296 855 355 πρὸς
873 297 944 341 τὸν
962 295 1117 356 μονήρη
1139 298 1453 354 μεταλλάττουσι
1476 303 1567 357 βίον
1586 303 1690 347 κατὰ
1713 303 1761 346 τὸ

323 364 531 420 σάββατον
554 368 628 407 τοῦ
653 363 765 421 ἆγίου
786 364 1008 424 Λαζάρου,
1038 365 1332 421 βασιλεύσαντα
1353 367 1524 426 χρόνους
1545 368 1579 424 ζ’
1580 403 1592 414 .
1623 406 1626 410 .

460 432 601 483 Οὕτως
622 427 694 475 οὖν
716 431 737 475 ὅ
757 432 1025 490 Βοτανειάτης
1044 434 1279 492 Νικηφόρος
1301 437 1413 493 παρὰ
1431 442 1566 482 πᾶσαν
1584 441 1761 497 προσδο-

324 502 412 543 κίαν
435 501 678 555 ἀναίμακτον
698 501 870 557 ἀπέλαβε
894 503 967 558 τὴν
989 502 1267 560 αὐτοκράτορα
1283 503 1410 560 ἀρχὴν
1428 506 1518 549 κατ’
1546 507 1671 562 αὐτὴν
1689 507 1762 562 τὴν

321 567 497 624 μεγάλην
527 571 686 626 τρίτην,
729 572 796 612 καὶ
828 573 916 621 ταῖς
943 574 1016 612 τοῦ
1044 569 1292 628 πατριάρχου
1317 575 1455 630 χερσὶν
1484 577 1542 631 τῷ
1567 577 1795 632 βασιλικῷό

211 664 213 666 v
268 642 300 676 D
324 641 542 679 ταινιοῦται
572 636 812 692 διαδήματι,
851 641 918 681 καὶ
944 641 1098 694 γυναικὶ
1125 637 1377 695 συζεύγνυται
1400 645 1451 697 τῇ
1474 642 1515 692 ἐξ
1528 642 1764 696 Ἀλαμανῶν

321 707 496 764 Μαρία,
531 710 581 761 τῇ
603 710 676 748 τοῦ
696 706 870 760 Μιχαὴλ
892 707 1064 763 συμβίῳ.
1131 707 1359 761 ἐβασίλευσε
1383 709 1426 750 δὲ
1447 707 1512 763 ἔτη
1534 707 1584 765 γ’.

448 773 620 823 Ἀλέξιος
639 771 659 814 ὃ
680 774 892 828 Κομνηνὸς
908 775 1159 826 ἐβασίλευσεν
1180 774 1245 830 ἔτη
1267 774 1325 827 λζ’
1343 780 1474 830 μῆνας
1493 775 1542 828 δ’,
1572 773 1767 831 Ἰωάννης
1789 767 1792 770 b

321 837 343 881 ὃ
380 838 523 882 τούτου
557 841 644 889 υἱὸς
674 840 740 894 ἔτη
771 839 846 893 κδ’,
879 842 1083 895 Μανουὴλ
1100 841 1120 883 ὃ
1138 842 1281 885 τούτου
1301 844 1389 894 υἱὸς
1410 844 1476 899 ἔτη
1495 842 1572 900 λη’,
1595 844 1766 895 Ἀλέξιος

323 905 344 948 ὃ
357 905 513 951 ,τούτου
536 908 623 957 υἱὸς
642 907 848 964 μειράκιον
870 909 956 958 ἔτος
975 907 1027 951 α’.
1778 915 1822 951 10

459 979 615 1017 Τοῦτον
650 975 848 1033 φονεύσας
874 975 1122 1034 Ἀνδρόνικος
1151 976 1172 1019 ὅ
1199 978 1300 1035 πρὸς
1325 978 1478 1035 πατρὸς
1500 981 1614 1028 θεῖος
1642 977 1769 1020 αὗτοῦ

323 1040 582 1099 ἐτυράννησεν
603 1043 670 1098 ἔτη
692 1043 742 1099 γ’.
809 1049 950 1087 τοῦτον
974 1043 1172 1102 φονεύσας
1194 1044 1214 1087 ὃ
1236 1046 1400 1100 ἀνεψιὸς
1423 1046 1548 1087 αὐτοῦ
1561 1043 1769 1094 Ἲσαάκιος

323 1109 344 1152 ὃ
370 1110 554 1166 Ἄγγελος
586 1110 800 1168 ἐκράτησεν
827 1112 894 1167 ἔτη
916 1111 975 1154 θ’.
1043 1117 1184 1155 τοῦτον
1205 1112 1464 1171 ἐκτυφλώσας
1485 1111 1506 1154 ὃ
1527 1112 1628 1162 ἴδιος
1649 1112 1767 1154 ἀδελ-

323 1178 400 1235 φὸς
426 1179 598 1229 Ἀλέξιος
630 1179 822 1235 ἐκράτησε
856 1182 923 1222 καὶ
957 1180 1078 1230 αὐτὸς
1104 1180 1170 1235 ἔτη
1197 1179 1255 1223 θ’.
1323 1186 1464 1223 τοῦτον
1487 1178 1678 1229 ἓκδιώξας
1698 1183 1769 1233 τῆς

180 1254 210 1287 Ρ
235 1255 301 1291 186
322 1248 529 1300 βασιλείας
557 1248 623 1286 καὶ
654 1246 1114 1294 Κωνσταντινουπόλεως
1144 1246 1164 1287 ὅ
1195 1247 1361 1299 ἀνεψιὸς
1375 1248 1548 1296 Ἀλέξιος
1564 1245 1769 1303 μειράκιον
1781 1253 1823 1289 15

326 1312 404 1363 ὤν,
440 1311 461 1352 ὃ
492 1312 580 1360 υἱὸς
614 1312 738 1353 αὐτοῦ
764 1312 999 1363 Ἶσαακιόυ,
1036 1310 1225 1369 ἐκράτησε
1256 1317 1387 1367 μῆνας
1415 1312 1463 1362 ς’.
1529 1318 1672 1356 τοῦτον
1693 1330 1772 1370 φο-

321 1377 465 1428 νεύσας
500 1377 521 1419 ὃ
557 1378 774 1436 ἐξάδελφος
798 1379 970 1430 Ἀλέξιος
1003 1378 1024 1420 ὃ
1054 1380 1239 1432 Δοῢκας,
1274 1379 1295 1422 ὃ
1332 1382 1401 1422 καὶ
1433 1379 1771 1438 Μούρτζονφλος,

323 1446 515 1503 ἐκράτησε
536 1450 666 1500 μῆνας
687 1445 742 1501 β’.
777 1452 867 1504 φεῦ,
892 1450 959 1490 καὶ
980 1452 1108 1490 ταῦτα
1127 1450 1367 1503 Χριστιανοὶ
1386 1447 1688 1506 Χριστιανούς.’
1704 1450 1772 1490 καὶ

324 1519 410 1565 πῶς
422 1514 579 1568 ἔμελλεν
593 1514 883 1572 ἓφησυχάσαιῆ
899 1517 987 1570 δίκη
1001 1518 1067 1558 καὶ
1080 1516 1138 1571 μὴ
1150 1519 1401 1573 παραδοῦναι
1418 1515 1527 1571 ἡμᾶς
1543 1519 1599 1566 εἲς
1622 1518 1772 1570 αἰχμα-

325 1584 475 1625 λωσίαν
489 1586 554 1626 καὶ
568 1582 846 1640 ἒξολόθρευσιν
854 1603 870 1639 ,·
898 1584 921 1626 ὃ
933 1586 999 1626 καὶ
1012 1585 1155 1640 γέγονε,
1169 1587 1235 1627 καὶ
1248 1583 1273 1639 ἡ
1287 1585 1828 1641 περίβλεπτος-Κωνσταν-ΞΟ

324 1653 432 1693 τίνου
459 1651 527 1693 διὰ
551 1651 625 1701 τὰς
647 1651 838 1702 τοιαύτας
852 1646 1137 1709 ’ἀνοσιουργίας
1160 1651 1371 1710 παρεδόθη
1392 1647 1476 1702 τοῖς
1492 1652 1681 1700 Ἰταλοῖς.

326 1759 398 1791 tino
423 1758 750 1802 Porphyrogenneta
773 1757 806 1791 in
830 1758 943 1791 Studii
969 1758 1201 1792 monasterium
1217 1758 1377 1801 ablegant
1393 1758 1427 1789 et
1442 1755 1678 1791 monachorum
1695 1748 1773 1790 albo

326 1803 513 1845 ascribunt,
538 1804 679 1836 sabbato
697 1804 753 1847 qui
770 1803 891 1837 dicitur
904 1803 1035 1837 Lazari.
1083 1803 1220 1848 imperio
1237 1802 1383 1847 praefuit
1398 1811 1501 1834 annos
1515 1812 1587 1835 sex.

417 1849 495 1881 Hac
519 1848 649 1881 ratione
675 1848 887 1892 Nicephorus
910 1849 1105 1882 Botaniates
1120 1853 1255 1893 praeter
1272 1858 1401 1880 ornnem
1418 1847 1681 1891 expectationem
1700 1857 1773 1883 ma-

327 1905 395 1937 gna
408 1893 492 1927 feria
506 1894 607 1926 tertia
622 1893 794 1937 imperium
811 1893 990 1937 occupavit
1006 1893 1135 1926 minime
1149 1893 1448 1935 sanguinolentum.
1494 1892 1681 1926 diademate
1709 1892 1771 1924 im-

327 1939 496 1983 peratorio
513 1939 727 1983 patriarchae
742 1937 891 1972 manibus
905 1938 1081 1982 insignitur
1093 1966 1102 1982 ,
1125 1938 1300 1982 iungitque
1316 1938 1378 1971 sibi
1393 1936 1600 1971 matrimonio
1616 1937 1773 1970 Alaman-
1809 1946 1811 1949 ·

330 1996 405 2018 nam
424 1984 588 2023 Mariam,
613 1984 787 2017 Michaelis
806 1984 988 2027 coniugem.
1036 1984 1188 2026 regnavit
1207 1994 1310 2017 annos
1328 1988 1409 2016 tres.

420 2029 556 2062 Alexius
583 2028 769 2062 Comnenus
792 2029 964 2073 imperium
985 2029 1092 2062 tenuit
1113 2040 1216 2062 annos
1231 2028 1369 2072 triginta
1384 2030 1511 2071 septem
1526 2036 1655 2059 menses
1671 2030 1771 2070 quat-

332 2078 428 2116 tuor,
452 2074 592 2107 Ioannes
609 2076 679 2107 eius
695 2074 781 2107 filius
796 2085 900 2108 annos
916 2073 1034 2117 viginti
1050 2079 1223 2119 quattuor,
1246 2072 1382 2106 Manuel
1398 2072 1467 2105 eius
1485 2071 1573 2104 filius
1589 2082 1695 2105 annos
1709 2070 1772 2104 tri-

331 2119 423 2163 ginta
439 2124 535 2162 octo,
556 2119 692 2153 Alexius
709 2119 803 2152 huius
817 2119 906 2153 filius
923 2120 1032 2152 infans
1046 2120 1155 2153 adhuc
1169 2130 1290 2152 annum
1309 2127 1416 2150 unum.

423 2164 476 2197 Eo
500 2165 668 2197 trucidato
690 2165 896 2198 Andronicus
920 2170 1060 2209 pat-tuus
1075 2165 1246 2210 imperium
1262 2163 1381 2196 invasit
1396 2172 1500 2194 annos
1515 2166 1596 2194 tres.
1643 2160 1775 2194 Andro-

334 2209 407 2242 nico
436 2212 556 2242 necato
583 2210 730 2243 Isaacius
754 2210 901 2254 Angelus
927 2210 1042 2244 fratris
1066 2210 1152 2243 filius
1175 2208 1347 2253 imperium
1369 2206 1509 2240 obtinuit
1525 2216 1628 2238 annos
1644 2217 1774 2239 novem.

333 2254 497 2287 Isaacium
519 2255 621 2287 oculis
639 2255 796 2299 spoliavit
815 2255 970 2300 proprius
993 2256 1100 2288 frater
1114 2254 1250 2288 Alexius
1262 2279 1272 2294 ‚
1295 2252 1351 2297 qui
1366 2251 1519 2294 regnavit
1536 2251 1657 2295 etipse
1673 2261 1778 2284 annos

334 2309 466 2332 novem.
512 2298 632 2332 Alexio
649 2299 786 2343 imperio
804 2305 906 2344 atque
922 2300 1019 2345 Cpoli
1034 2300 1130 2345 pulso
1147 2299 1234 2332 filius
1250 2297 1367 2332 Isaacii
1384 2296 1523 2330 Alexius
1542 2296 1699 2341 puerulus
1716 2295 1777 2328 ad-

334 2344 400 2377 huc
415 2354 551 2386 regnum
573 2344 718 2376 obtinuit
732 2356 861 2378 menses
876 2356 948 2378 sex.
995 2346 1082 2378 hunc
1097 2356 1168 2378 cum
1186 2343 1364 2376 occidisset
1381 2341 1539 2387 patruelis
1558 2341 1692 2374 Alexius
1705 2341 1778 2374 Du-

336 2398 412 2430 cas,
436 2388 494 2431 qui
519 2391 552 2420 et
576 2388 809 2432 Murtzuphlus
826 2390 932 2422 dictus
950 2395 1018 2432 est,
1043 2390 1178 2434 imperio
1194 2388 1339 2434 praefuit
1353 2397 1481 2420 menses
1498 2386 1590 2420 duos.
1638 2387 1700 2419 heu
1716 2396 1777 2420 nos

336 2433 493 2467 miseros!
517 2437 552 2465 et
574 2433 714 2466 maxime
739 2445 811 2466 cum
835 2434 934 2467 simus
951 2435 1153 2478 Christiani,
1176 2434 1254 2467 talia
1270 2433 1305 2465 in
1320 2432 1525 2465 Christianos
1541 2431 1777 2465 machinamur.

339 2483 376 2512 et
399 2489 538 2522 quanam
567 2479 697 2511 ratione
720 2478 866 2512 divinum
881 2479 1036 2514 iudicium
1053 2484 1103 2513 tot
1119 2480 1246 2513 scelera
1260 2478 1404 2510 laturum
1423 2482 1513 2510 esset
1525 2502 1534 2517 ,
1558 2482 1592 2510 et
1606 2488 1671 2512 non
1687 2475 1777 2509 esset

340 2534 399 2557 nos
425 2523 617 2568 captivitati
642 2527 677 2556 et
698 2523 915 2557 internecioni
931 2526 1128 2558 traditurum
1141 2526 1160 2558 ’.2
1206 2523 1294 2567 quod
1312 2527 1346 2556 et
1359 2524 1482 2556 factum
1499 2527 1570 2563 est,
1594 2527 1628 2555 et
1644 2528 1775 2567 specta-

340 2567 467 2602 tissima.
484 2568 562 2603 urbs
579 2569 785 2603 Constantini
802 2569 846 2603 ob
861 2570 980 2604 similia
994 2571 1144 2604 facinora
1159 2569 1411 2615 impietatesque
1424 2567 1518 2602 Italis
1531 2567 1655 2601 tradita
1669 2570 1732 2601 est.
