1858 3236
336 199 359 246 l
369 200 429 245 10
596 222 602 227 ’
714 199 1088 247 CONSTANTINI
1129 203 1248 248 MAN
1250 203 1394 249 ASSIS

462 314 528 355 καὶ
549 318 636 363 ταῖς
654 310 861 368 παλάμαις
880 315 1088 372 δυστυχῶς
1104 313 1255 361 τούτων
1273 316 1537 376 ἐταπεινώθη.

459 376 551 436 ἦρξε
570 383 645 435 μὲν
667 376 738 423 οὖν
758 380 779 424 ὅ
800 382 996 438 ΖΙΊάξιμος
1014 383 1035 427 ὃ
1055 383 1144 428 τότε
1163 385 1435 443 τυραννήσας,

271 460 301 494 Β
461 451 526 490 καὶ
547 449 642 502 μετ’
668 449 790 493 αὐτὸν
801 451 1036 506 Ἀνθὲμιος,
1064 452 1280 510 Ὀλύβριος
1304 453 1325 497 ὅ
1347 454 1475 498 πάνυ”

456 517 560 570 μετὰ
579 517 623 559 δὲ
648 518 716 560 τὸν
731 517 944 575 Ὀλύβριον
967 519 1158 578 ἐκράτησε
1181 525 1354 579 Μαΐωρ,

321 583 432 627 2530
457 587 523 626 καὶ
543 585 635 639 μετ’
661 586 783 628 αὐτὸν
801 589 1039 645 Γλυκέριος,
1070 591 1136 631 καὶ
1154 589 1256 643 μετὰ
1279 595 1420 632 τοῦτον
1437 589 1557 635 πάλιν

456 654 716 705 Νεπωτιανός
730 654 921 712 Ὀρέστης
940 674 980 699 τε
991 688 1004 708 ,
1039 659 1104 699 καὶ
1127 659 1230 711 μετὰ
1251 657 1321 700 τὸν
1331 658 1524 716 Ὀρέστην

455 719 477 763 ὖ
499 728 594 771 παῖς
606 720 823 777 (Ρωμῦλου
843 728 915 778 τῆς
940 724 1068 781 ἀρχῆς
1086 724 1224 780 ἥψατο
1247 730 1483 777 τελευταῖος.

454 791 520 831 καὶ
540 788 655 841 πόλις
672 790 982 847 μεγαλώνυμος,
1015 791 1041 847 ἡ
1063 798 1142 836 τῶν
1156 792 1373 848 Ῥωμαίων
1394 793 1523 847 πόλις,

448 856 662 911 Ῥωμύλον
683 865 837 913 σχοῦσα
863 860 958 902 κατ’
985 860 1115 917 ἀρχὰς
1135 861 1299 916 ἔννομον
1315 863 1501 915 βασιλέα,

319 926 429 968 2535
453 927 520 968 καὶ
538 924 658 968 πάλιν
676 926 950 985 περιστήσασα
972 929 1016 971 τὸ
1038 928 1185 987 κράτος
1205 929 1503 985 εἷς“Ρωμύλον’

452 995 581 1036 οὐκέτι
598 995 669 1050 τὴν
690 996 925 1053 κυβέρνησιν
945 996 1057 1051 ἴσχεν
1077 999 1120 1040 ἐκ
1137 999 1350 1052 βασιλέων,

452 1061 680 1120 βαρβάροις
699 1066 722 1105 δ
729 1064 742 1079 ²
765 1062 1014 1119 ὖποκύψασα
1034 1069 1100 1108 καὶ
1117 1071 1475 1124 χωροβατηθεΐσα,

455 1133 520 1172 καὶ
539 1129 696 1182 τούτοις
717 1131 1003 1187 δυστυχήσασα
1024 1133 1273 1192 δορύληπτος
1291 1136 1476 1191 γενέσθαι
1485 1166 1500 1187 ,

453 1198 578 1256 ῥῆγας
603 1201 780 1242 κατεῖδεν
800 1199 998 1257 ἄρχοντας
1011 1234 1025 1254 ,
1056 1202 1298 1260 χωράρχας,
1332 1200 1637 1259 σατραπάρχας.

267 1273 298 1307 C
319 1265 432 1309 2540
454 1270 520 1309 καὶ
539 1272 781 1325 στερηθεῒσα
802 1270 1003 1320 δυσκλεῶς
1019 1269 1183 1312 ὑπάτων
1201 1273 1268 1312 καὶ
1290 1269 1498 1328 κρατόρων

452 1337 518 1378 καὶ
542 1335 788 1391 δικτατόρων
812 1338 878 1378 καὶ
898 1341 1071 1392 βουλῆς,
1107 1338 1211 1380 ἀλλὰ
1233 1340 1300 1380 καὶ
1320 1340 1554 1396 πατρικίων,

449 1404 683 1457 ἓπωμαδιάν
701 1403 836 1459 ἤνεγκε
859 1405 934 1458 τὴν
954 1405 1117 1461 ζεύγλην
1139 1410 1218 1448 τῶν
1237 1405 1474 1463 βαρβάρων.

447 1473 513 1513 καὶ
537 1470 676 1528 πρώην
687 1474 992 1528 χρηματίζουσα
1009 1478 1110 1527 βοῦς
1131 1474 1314 1530 ἀγελαῖος
1332 1474 1429 1527 ἄζυξ

442 1538 620 1594 ὑπήκοος
638 1540 787 1594 ἐγένετο
813 1538 1030 1592 δυνάσταις
1049 1542 1276 1598 ἀροτρεῦσι,

308 1605 418 1649 2545
443 1610 509 1650 καὶ
531 1612 603 1662 γῆς
623 1614 707 1658 τοῖς
726 1608 998 1662 αὐλακίσμασι
1018 1609 1240 1667 τρύχεσθαι
1260 1611 1492 1667 κατεκρίθη.

514 1677 596 1718 Καὶ
619 1680 747 1738 ταῦτα
767 1676 841 1729 μὲν
862 1678 1090 1733 συμβέβηκε
1109 1683 1159 1735 τῇ
1181 1679 1434 1737 πρεσβυτέρα
1447 1674 1614 1734 εΡίόμῃ·

443 1741 469 1798 ἡ
492 1744 532 1785 δ’
552 1742 726 1800 ἡμετέρα
742 1744 923 1799 τέθηλεν,
959 1745 1083 1797 αὔξει,
1118 1753 1276 1802 κρατεῖ,
1311 1745 1450 1798 νεάζει,

444 1814 511 1854 καὶ
531 1812 649 1869 μέχρι
674 1813 814 1862 τέλους
834 1811 1009 1865 αὔξοιτο,
1043 1816 1108 1856 ναὶ
1129 1818 1298 1868 βασιλεῦ’
1321 1812 1548 1864 παντὰναξ,

442 1884 624 1923 τοιοῦτον
639 1884 795 1934 σχοῦσα
812 1884 992 1938 τηλαυγῆ
1010 1881 1232 1940 φωσφόρον
1251 1882 1438 1937 βασιλέα,

402 2011 493 2046 2527
509 2007 579 2069 γὰρ
598 2011 667 2046 RR
754 2010 845 2047 2530
862 2010 925 2045 καὶ
944 2008 1052 2055 μετὰ]
1072 2009 1164 2055 μετὰ
1186 1984 1226 2047 δὲ
1242 2012 1276 2047 R
1367 2011 1458 2048 2532
1471 2011 1684 2046 ’τελευταῖον
1702 2010 1766 2047 AR

401 2057 494 2093 2536
516 2054 609 2101 εἶχεν
627 2058 662 2091 R.
795 2058 889 2093 2539
905 2057 1061 2102 κατῆγεν
1082 2058 1116 2092 R.
1250 2057 1343 2094 2546
1364 2055 1569 2103 παλαιτέρᾳ
1586 2057 1620 2091 R
1670 2058 1672 2062 '

310 2175 392 2206 tunc
409 2170 576 2216 temporis
598 2173 712 2205 autem
734 2170 907 2206 Maximus
930 2175 1099 2217 occupata
1119 2171 1307 2216 tyrannide
1328 2170 1506 2216 regnavit,
1530 2181 1631 2215 quem
1651 2170 1765 2205 secuti

309 2223 390 2251 sunt
407 2217 623 2260 Anthemius,
647 2216 815 2260 Olybrius
836 2218 893 2251 vir
913 2218 1244 2262 praestantissimus,
1267 2217 1393 2261 Maior,
1417 2216 1616 2260 Glycerius‚
1639 2216 1761 2262 Nepo-

307 2263 444 2305 tianus,
478 2263 648 2305 Orestes,
680 2268 760 2306 post
781 2274 881 2307 quem
906 2264 1069 2297 Orestem
1094 2275 1182 2308 puer
1207 2263 1371 2297 Romulus
1398 2261 1545 2295 omnium
1566 2267 1762 2307 postremus

305 2308 486 2362 imp-crium
509 2307 704 2351 usurpavit.
753 2308 818 2341 hoc
847 2310 947 2343 modo
979 2309 1203 2343 celeberrIma
1222 2309 1454 2362 Romanorum
1480 2309 1582 2351 urbs,
1617 2318 1692 2341 cum
1715 2309 1760 2342 ab

304 2354 405 2387 initio
429 2353 610 2387 Romulum
633 2352 821 2397 legitimum
845 2354 1045 2398 habuisset,
1079 2366 1120 2388 ac
1145 2354 1297 2388 vicissim
1321 2354 1395 2388 eius
1416 2353 1598 2397 imperium
1620 2354 1664 2387 ad
1685 2354 1760 2387 Ro-

302 2399 428 2433 mulum
451 2382 688 2444 pervenisset?
714 2399 879 2451 deinceps
901 2402 945 2433 ab
968 2400 1236 2445 imperatoribus
1258 2399 1447 2443 gubernari
1465 2398 1582 2434 desiit.
1629 2400 1760 2433 barba·

302 2446 351 2479 ris
376 2449 491 2479 autem
512 2456 591 2478 sese
612 2443 818 2477 submittens
840 2446 884 2478 ab
912 2445 1026 2490 iisque
1048 2445 1200 2487 calcata,
1234 2456 1366 2499 perque
1387 2455 1549 2478 summam
1569 2444 1759 2479 infelicita-

298 2497 369 2526 tem
397 2496 516 2535 capta,
548 2489 691 2533 regibus
723 2501 841 2523 eorum
870 2491 1116 2543 nationumque
1138 2490 1353 2543 principibus
1382 2495 1419 2523 et
1447 2491 1597 2535 satrapis
1618 2490 1760 2535 paruit;

298 2537 471 2591 planeque
501 2536 649 2580 spoliata
673 2534 869 2569 consulibus
893 2535 1162 2580 imperatoribus
1187 2535 1415 2570 dictatoribus
1436 2541 1560 2570 senatu
1588 2536 1758 2590 patriciis,

299 2583 416 2627 iugum
436 2583 663 2616 barbarorum
683 2580 755 2614 suis
779 2581 929 2614 humeris
953 2581 1055 2623 tulit;
1089 2593 1179 2626 quae
1200 2581 1350 2625 denique
1369 2580 1471 2625 prius
1496 2585 1573 2615 erat
1590 2581 1758 2616 indomita

300 2634 337 2662 et
354 2639 480 2673 expers
499 2627 573 2671 iugi
594 2638 719 2669 vacca,
754 2626 971 2671 principibus
994 2628 1189 2661 aratoribus
1211 2626 1378 2661 obediens
1397 2627 1491 2661 facta
1509 2632 1580 2671 est,
1612 2632 1650 2662 et
1671 2639 1755 2661 con-

299 2676 460 2709 demnata
479 2678 517 2707 ut
536 2673 610 2706 eius
634 2672 742 2705 solum
765 2677 881 2706 aratro
904 2673 1152 2706 inverteretur.

389 2720 440 2753 Et
471 2719 558 2752 haec
585 2718 724 2762 quidem
749 2718 880 2752 Romae
910 2718 1023 2752 veteri
1052 2719 1267 2752 acciderunt.
1326 2721 1364 2751 at
1391 2717 1451 2752 illa
1485 2721 1606 2752 nostra
1638 2717 1754 2761 floret,

299 2765 468 2810 augescit,
488 2764 634 2809 imperio
655 2763 794 2807 fruitur,
821 2764 1036 2805 iuvenescit3
1068 2769 1175 2809 utque
1195 2767 1401 2809 perpetuum
1422 2769 1598 2808 augescat,
1619 2768 1668 2808 te,
1691 2774 1755 2797 rex

299 2812 468 2855 omnium,
502 2810 649 2844 maxime
665 2821 812 2854 precor,
860 2809 1040 2844 raesertim
1058 2821 1133 2844 cum
1152 2811 1253 2844 modo
1273 2809 1376 2843 talem
1394 2821 1435 2843 ac
1452 2815 1585 2844 tantum
1603 2809 1752 2854 impera—

299 2863 410 2893 torem
439 2858 583 2903 habeat,
615 2855 816 2891 Luciferum
850 2860 908 2892 ate
928 2855 1038 2892 radiis
1058 2855 1131 2891 suis
1151 2855 1412 2902 splendentem,
1439 2866 1559 2902 regem
1579 2855 1754 2891 Ausonum
