1898 3242
253 192 351 239 268
414 239 418 242 Δ
641 193 1016 238 CONSTANTINI
1056 195 1320 242 MANASSIS

390 306 484 349 οὐδὲ
506 304 701 363 τρομάσει
722 308 887 365 σίδηρον
909 307 1002 351 οὐδὲ
1024 311 1192 364 καμίνου
1216 309 1367 366 στόμα·

371 375 500 431 -φὲρει
522 375 599 432 γὰρ
625 373 839 430 σύμμαχον
859 376 958 419 θεὸν
977 376 1076 434 ὑπὲρ
1098 378 1335 435 παντάρβην
1356 381 1487 432 λίθον,

200 451 230 485 Β
388 441 488 498 ὑπὲρ
509 442 578 485 τὸν
600 445 689 500 περὶ
715 446 896 502 Τίγρητα
917 445 1200 502 θηροὸιώκτην
1222 450 1380 491 Μίὸαν.

249 509 359 554 6305
386 511 571 553 ἐντεῦθεν
593 509 705 566 ἣλιος
727 514 907 571 φαιδρὰς
928 514 1121 557 ἀνέτειλεν
1146 516 1322 568 ἀκτῖνας,

384 578 499 621 ἔλυσε
522 580 595 635 τὴν
616 579 897 636 σκοτόμαιναν,
933 581 1114 636 ἀπήλασε
1137 581 1181 625 τὸ
1204 584 1336 640 νέφος.

384 646 563 702 ἔβλεψαν
586 654 674 705 φῶς
696 648 907 708 ἐλεύθερον
929 649 949 692 ὃ
972 651 1163 704 βασιλεὺς
1183 652 1226 693 αἶ
1248 651 1404 704 πόλεις,

383 716 533 771 ἐγένετο
557 715 858 775 πλευρότρωτον
875 718 920 762 τὸ
942 721 1132 773 δυσμενὲς
1149 722 1310 777 θηρίον,

383 786 451 826 καὶ
476 783 620 835 πάντες
639 786 791 841 ἤλυξαν
813 787 939 829 αὐτοῦ
959 788 1032 838 τὰς
1051 787 1298 845 ὠμοφάγους
1315 787 1506 844 γνάθους.

248 854 359 894 6310
385 854 453 895 καὶ
477 852 597 895 πάλιν
623 853 644 896 ὅ
670 858 882 912 Τορνίκιος
903 855 1001 898 ἄλλο
1023 857 1145 899 κακὸν
1169 857 1309 914 ἀνέφυ,

386 920 484 963 ἄλλο
506 924 653 978 θηρίον
674 924 834 979 Δανιὴλ
856 923 878 966 ὃ
898 928 1131 982 προκατεΐδε
1155 924 1293 976 πάλαι,

385 994 539 1032 πατοῦν
556 991 607 1033 τὰ
628 990 760 1033 πάντα
780 995 847 1034 καὶ
867 997 1036 1047 λικμοῦν
1060 996 1126 1036 καὶ
1149 1000 1232 1044 τοῖς
1253 996 1346 1036 ποσὶ
1369 998 1581 1052 συντρῖβον

384 1060 450 1099 καὶ
473 1059 524 1100 τὰ
545 1059 862 1114 καταλειπόμενα
886 1060 1139 1105 συνθλάττον
1161 1070 1245 1112 τοῖς
1267 1062 1419 1105 ὀδοῦσι.

387 1127 493 1168 ἀλλὰ
514 1129 581 1169 καὶ
601 1132 742 1170 τοῦτον
762 1128 900 1183 τάχιον
923 1129 1152 1187 ἀνήρπασεν
1173 1128 1198 1185 ἦ
1222 1132 1325 1185 δίκη,

248 1193 358 1236 6315
385 1193 582 1251 ἀφύκτοις
601 1198 759 1249 βέλεσιν
780 1198 907 1240 αὐτοῦ
925 1200 1298 1253 κατατοξευσαμένη

386 1265 454 1304 καὶ
474 1263 519 1305 τὸ
539 1267 685 1320 θηρίον
704 1264 891 1318 πλήξασα
911 1267 1067 1321 πληγὰς
1087 1268 1394 1323 περιστερνιόυς.

200 1326 230 1360 c
387 1332 454 1372 καὶ
478 1329 566 1374 τότε
587 1333 796 1389 περιέλαβε
820 1333 889 1375 τὸν
908 1333 1091 1391 κράτορα
1113 1332 1264 1390 γαλήνη

386 1397 611 1455 ἀτάραχος,
644 1401 716 1442 οὐκ
738 1401 886 1455 ἔχουσα
907 1401 1162 1456 κατάλειμμα
1180 1406 1390 1456 χειμῶνος.

385 1465 440 1517 ὡς
463 1469 507 1510 δὲ
527 1466 765 1525 κατήπειγον
787 1470 909 1513 αὐτὸν
930 1471 972 1512 αἱ
992 1475 1239 1525 παλαμναῖοι
1256 1469 1368 1513 νόσοι

247 1537 359 1577 6320
383 1538 450 1577 καὶ
470 1536 540 1579 τὸν
559 1537 688 1591 πηλὸν
709 1543 781 1580 τοῦ
805 1537 995 1593 σώματος
1016 1538 1040 1594 ἡ
1065 1538 1186 1596 φύσις
1205 1537 1392 1594 ἐπεζήτει,

378 1604 430 1646 τὰ
452 1605 557 1646 κατὰ
580 1604 742 1661 γνώμην
763 1607 934 1660 θέμενος
954 1610 1197 1661 μεθίσταται
1222 1612 1296 1650 τοῦ
1314 1610 1406 1661 βίου

380 1671 484 1715 ἔτεσι
507 1676 748 1716 δυοκαίδεκα
769 1675 814 1717 τὸ
840 1674 990 1731 κράτος
1014 1674 1214 1725 διιθύνας.

444 1739 517 1791 εΩς
539 1743 582 1783 δὲ
606 1743 788 1785 κατέλιπε
809 1744 912 1798 ζωὴν
930 1744 1002 1798 τὴν
1023 1742 1132 1786 κάτω
1151 1746 1455 1793 Κωνσταντῖνος
1464 1775 1477 1794 ,

382 1809 484 1864 πρὸς
504 1811 578 1865 τὴν
595 1810 1012 1868 πορφυροβλάστητον
1030 1813 1181 1862 εὐθέως
1203 1810 1436 1868 Θεοδώραν,

248 1876 357 1918 6325
380 1878 454 1931 τὴν
476 1882 548 1932 τῆς
570 1882 692 1934 Ζωῆς
715 1878 1007 1938 ταυτόσπορον,
1041 1880 1086 1923 τὸ
1106 1879 1254 1937 κράτος
1276 1880 1506 1934 μεταβαίνει

340 1985 433 2019 6302
454 1983 629 2030 τρομήσει
650 1986 691 2020 Μ
804 1989 895 2023 6307
916 1985 1047 2033 ἔβλεψε
1068 1989 1103 2022 R
1240 1987 1322 2030 φῶς
1346 1983 1552 2027 οἷνέσπερον
1574 1987 1625 2030 Μ,
1643 1987 1712 2031 γῆν

339 2028 545 2075 οἷννὲφελον
561 2035 593 2066 Α
662 2034 754 2067 6310
775 2030 886 2078 ἐξέφυ
909 2035 940 2068 Α
1009 2034 1100 2069 6313
1123 2033 1320 2079 συντρίβον
1341 2033 1411 2067 ΑΜ
1479 2033 1569 2067 6314
1590 2029 1711 2076 ἀφήρ-

339 2088 457 2112 πασεν
481 2078 521 2111 Μ
659 2079 749 2113 6315
774 2077 913 2119 αὐτοὺς
936 2079 976 2113 Μ
1101 2080 1192 2114 6316
1215 2082 1370 2123 πληγαῖς
1392 2077 1654 2124 περιστερνίοις
1672 2077 1710 2111 Μ

340 2134 401 2157 vv,
427 2125 610 2159 6321-—23
633 2136 687 2158 om
708 2126 743 2160 R
862 2126 951 2162 6325
973 2122 1212 2169 αὕτόσπορον
1236 2125 1276 2160 Μ

247 2225 342 2255 rum,
375 2225 445 2247 non
479 2226 518 2248 os
548 2215 702 2249 ardentis
734 2216 859 2250 camini
887 2218 1037 2252 timebit.
1091 2218 1200 2263 magis
1230 2217 1321 2252 enim
1338 2216 1446 2251 habet
1466 2214 1709 2260 opitulatorem

246 2260 350 2293 deum
371 2270 473 2303 quarn
488 2260 682 2295 Pantarbes
699 2261 789 2306 lapis
811 2263 869 2296 vel
891 2265 1043 2298 ferarum
1066 2265 1110 2298 ad
1130 2264 1311 2308 Tigridem
1332 2267 1535 2307 persecutor
1557 2261 1615 2295 ille
1637 2261 1709 2294 Mi-

248 2307 324 2340 das.
372 2310 454 2350 post
474 2306 579 2340 hasce
602 2309 722 2340 turbas
741 2308 851 2342 laetos
877 2310 930 2343 sol
952 2310 1105 2344 vicissim
1122 2310 1239 2344 radios
1263 2308 1379 2343 emisit
1401 2313 1437 2342 et
1456 2307 1594 2341 illunem
1616 2306 1708 2340 illam

246 2355 383 2386 noctem
410 2356 516 2395 atque
539 2354 665 2386 nubem
690 2353 894 2398 dissipavit,
917 2360 956 2389 ut
976 2356 1044 2389 iam
1063 2361 1099 2389 et
1123 2356 1313 2400 imperator
1331 2359 1367 2388 et
1389 2355 1494 2387 urbes
1515 2353 1625 2387 lucem
1648 2364 1707 2386 ca-

245 2396 363 2441 liginis
383 2403 562 2442 expertem
587 2404 783 2432 cernerent.
831 2401 961 2444 quippe
979 2401 1134 2435 immanis
1149 2401 1209 2435 illa
1226 2400 1341 2435 bellua
1355 2411 1458 2434 caesa
1476 2404 1549 2441 est,
1574 2404 1610 2433 et
1629 2398 1709 2432 uni—

246 2443 343 2477 versi
364 2443 523 2478 crudeles
546 2444 656 2489 ipsius
676 2444 829 2478 maxillas
852 2447 1042 2481 evitarunt.
1089 2458 1209 2481 rursus
1233 2451 1347 2480 autem
1365 2445 1457 2479 aliud
1481 2444 1603 2478 malum
1624 2455 1709 2478 ena⁴

247 2493 318 2523 tum
343 2495 415 2533 est,
439 2490 598 2524 nimirum
617 2490 824 2533 Tornicius‚
848 2491 916 2525 alia
936 2493 1070 2536 bestia,
1103 2504 1204 2539 quam
1226 2492 1306 2525 olim
1327 2490 1509 2536 conspexit
1530 2489 1710 2534 Danielus,

245 2535 361 2568 omnia
377 2536 647 2580 proculcantem,
672 2537 967 2581 comminuentem,
986 2539 1134 2581 pedibus
1156 2542 1363 2572 atterentem
1381 2543 1418 2571 et
1434 2536 1599 2580 reliquias
1622 2536 1708 2570 den—

243 2581 338 2615 tibus
363 2582 652 2626 confringentem.
699 2594 820 2616 verum
846 2583 937 2617 hunc
971 2595 1109 2628 quoque
1129 2583 1285 2618 vindicta
1305 2583 1408 2617 citius
1435 2582 1515 2617 telis
1541 2582 1612 2616 suis
1631 2581 1710 2615 ine-

246 2626 449 2662 vitabilibus
478 2629 650 2662 confixum
682 2628 850 2673 abripuit.
897 2641 965 2673 quo
988 2630 1081 2663 facto
1106 2628 1392 2674 tranquillitatem
1423 2634 1543 2663 nactus
1568 2633 1623 2662 est
1642 2627 1706 2660 im-

245 2678 388 2718 perator
406 2673 551 2708 solidam
575 2680 612 2708 et
644 2675 752 2709 omnis
776 2675 993 2720 tempestatis
1023 2681 1214 2720 expertem.
1260 2675 1400 2709 tandem
1426 2674 1592 2719 gravibus
1614 2684 1704 2726 mor:

245 2719 301 2753 bis
321 2720 520 2764 confectus,
554 2726 678 2756 natura
707 2721 863 2755 debitum
888 2732 986 2755 suum
1017 2721 1206 2766 exigente,
1236 2722 1412 2765 rebusque
1437 2719 1509 2754 suis
1538 2731 1582 2753 ex
1603 2718 1707 2772 animi

245 2765 301 2799 sui
327 2766 502 2800 sententia
526 2766 723 2801 constitutis
750 2772 855 2812 atque
889 2767 1080 2811 ordinatis,
1114 2767 1219 2801 vitam
1240 2778 1315 2800 cum
1338 2770 1450 2801 morte
1474 2769 1708 2806 commutavit,

245 2811 391 2858 imperio
415 2812 596 2847 duodecim
619 2813 717 2846 aunis
736 2813 990 2847 administrato.

338 2859 568 2894 Constantino
603 2864 737 2894 mortuo
764 2861 809 2895 ad
834 2859 1056 2894 Theodoram
1082 2859 1175 2893 zoes
1203 2869 1400 2903 germanam
1422 2868 1596 2900 sororem,
1617 2865 1707 2900 quae
