1872 3236
457 193 837 241 COMPENDIUM
860 194 1226 241 CHROMCUM.
1406 213 1407 216 ¹
1479 191 1571 240 17⁷1

242 313 309 356 mi
328 307 538 369 διαρπάζει
554 307 774 369 χρήματα,
807 313 876 354 καὶ
899 313 1016 367 δίκην
1033 310 1308 368 βοσκημάτων

238 385 324 424 τῶν
338 379 591 437 μεγιστάνων
608 382 796 431 πλείονας
817 380 997 423 οἷ’κτιστα
1015 380 1232 425 καταθύει.
1265 380 1269 387 ’

105 450 218 495 8975
244 451 313 503 καὶ
332 449 383 506 δὴ
404 451 472 492 καὶ
492 449 563 492 τὸν
585 448 788 493 Λεόντιον
811 451 950 492 κτείνει
967 450 1044 492 σὺν
1057 450 1279 510 Ἀψιμάρῳ

244 516 313 563 οἶα
335 517 489 577 λῃστὰς
508 520 576 561 καὶ
598 518 796 569 συλευτὰς
814 518 941 560 αὐτοῦ
958 522 1032 573 τῆς
1048 523 1334 575 σκηπτουχιάς.

245 587 352 632 οὕτω
375 589 491 630 κακοὶ
514 594 599 638 τοῖς
620 587 858 646 ὀφθαλμοῖς
879 585 1110 630 ὑπόκεινται
1131 594 1204 642 τῆς
1228 591 1368 646 δίκης·

245 656 322 700 κᾶν
346 658 578 714 παραυτίκα
600 655 760 714 φύγωσι
781 657 833 699 τὰ
854 660 927 712 τῆς
946 659 1224 711 ποινηλασιάς,

246 725 343 768 ἀλλ’
363 726 533 783 ὕστερον
555 723 748 780 ὑπέχουσι
771 725 955 780 μείζονας
975 725 1049 776 τὰς
1071 724 1269 775 κολάσεις.

106 795 221 838 8980
243 795 290 838 οὗ
311 793 453 850 μόνοις
473 796 518 838 δὲ
540 802 625 845 τοῖς
645 795 839 851 ἀρχηγοΐς
859 793 1020 845 τούτοις
1038 799 1112 850 τῆς
1129 797 1369 853 τυραννίδος

243 865 418 908 ἓπέσεισε
441 864 513 907 τὸν
533 865 701 920 σίδηρον
729 864 941 919 ἐκδικητὴν
958 858 1015 906 ὧν
1034 863 1143 919 ἔτλη,
1612 868 1646 905 D

246 931 353 977 ἄλλά
366 949 410 990 γε
432 935 500 976 καὶ
521 934 767 976 Καλλίνικον
791 935 951 990 αἰκίσας
976 934 1044 976 καὶ
1060 931 1282 987 χλευάσας,

245 1002 318 1045 τὸν
343 1001 680 1060 ἀρχιερατεύοντα
704 1000 856 1057 ταύτης
880 1006 952 1057 τῆς
969 1003 1197 1056 βασιλίδος,

244 1073 312 1113 καὶ
330 1073 560 1129 παιδαρίων
578 1072 754 1126 θέμενος
773 1071 893 1129 ὓβριν
910 1074 1193 1128 μωρονηπίων,

107 1138 220 1182 3985
241 1140 355 1192 τέλος
375 1141 596 1195 ἀπέσβεσεν
617 1141 745 1183 αὐτοῦ’
766 1145 839 1183 τοῦ
857 1139 1051 1196 σώματος
1074 1141 1170 1191 τοὺς
1196 1138 1392 1195 λύχνους·

246 1204 394 1266 ἦν·γάρ
415 1226 478 1252 τοι
501 1211 569 1252 καὶ
590 1211 792 1259 συναίτιος
809 1210 876 1251 καὶ
899 1209 1040 1267 ῥέκτης
1058 1211 1125 1252 καὶ
1154 1211 1354 1267 συνίστωρ

247 1282 329 1321 τῶν
349 1281 404 1328 εἰς
422 1279 705 1321 Ἰουστινιανὸν
725 1279 822 1320 ποτὲ
844 1279 1163 1334 τετολμημένων.

247 1347 296 1389 οὐ
317 1347 401 1403 μὴν
423 1347 528 1389 ἀλλὰ
553 1348 620 1389 καὶ
642 1346 853 1389 κατὰνοῦν
868 1346 1121 1401 βαλλόμενος
1143 1345 1164 1389 ὃ
1185 1345 1349 1404 κράτωρ
1373 1349 1376 1352 ’

251 1413 352 1466 ὅσας
377 1415 574 1472 ἐκέρασαν
593 1415 705 1473 αὐτῷ
728 1414 896 1465 κύλικας
914 1414 1184 1473 πικροπότους

111 1481 225 1524 3990
247 1484 284 1525 οἳ
304 1488 385 1527 τῶν
407 1481 528 1541 ὁρίων
548 1483 727 1527 κάτοικοι
750 1489 823 1538 τῆς
841 1487 1048 1539 Ποντικῆς
1069 1487 1305 1540 Χερσῶνος,

251 1552 316 1596 ὅτε
342 1555 454 1609 διῆγε
473 1554 580 1609 παρ’
601 1554 739 1604 αὐτοῖς
766 1554 988 1604 ἀπελαθεὶς
1004 1558 1078 1596 τοῦ
1096 1552 1284 1609 κράτους,

250 1623 346 1666 ποτὲ
368 1623 443 1677 μὲν
465 1620 801 1673 ἅποσκιῦπτοντες
813 1654 826 1674 ,
861 1623 959 1665 ποτὲ
981 1624 1026 1665 δὲ
1048 1625 1357 1680 δυσφημοῦντες

255 1697 324 1736 καὶ
342 1692 502 1746 βέλεσιν
528 1692 768 1744 ὀνειδισμῶν
790 1696 1019 1742 κεντοῦντες
1036 1691 1345 1747 κακογλώσσων,

250 1761 346 1804 ποτὲ
369 1758 742 1815 βυσσοδομεῦοντες
757 1761 914 1814 βουλὰς
933 1759 1258 1815 κακομηχάνους,
1620 1773 1649 1808 Ρ
1670 1772 1716 1807 82

116 1829 228 1873 3995
252 1828 308 1883 ὡς
330 1848 356 1885 η
382 1836 467 1879 τοῖς
485 1828 729 1885 σπλάγχνοις
749 1836 833 1880 τοῖς
850 1830 976 1872 αὐτοῦ
994 1829 1177 1885 βάψαιεν
1193 1831 1268 1881 τὰς
1291 1832 1498 1889 μαχαίρας

255 1898 282 1954 ἦ
306 1901 374 1942 καὶ
392 1897 605 1954 δεσμώτην
626 1897 776 1940 ἄθλιον
801 1899 1006 1953 πέμψειαν
1017 1898 1315 1960 Ἀψιμάρῳμ-

207 2051 302 2087 3976
319 2049 499 2096 συληστάς
512 2050 612 2086 ARR
756 2051 848 2086 3979
867 2048 1028 2091 δικάσεις
1045 2051 1085 2085 Μ
1230 2053 1323 2088 3980
1337 2052 1406 2101 τῆς
1424 2053 1598 2099 τυραννί-

211 2099 279 2139 Boe
294 2096 434 2134 τούτου
452 2098 492 2133 Μ
637 2096 730 2132 3986
749 2109 786 2131 τι
806 2097 869 2132 καὶ
892 2096 1083 2139 συνέστιος
1099 2097 1131 2133 Α

121 2234 265 2271 neribus
285 2234 400 2269 vicem
422 2235 548 2270 refert.
595 2235 725 2270 deinde
746 2234 940 2280 complures
964 2235 1084 2269 domos
1111 2234 1265 2269 illustres
1288 2235 1364 2280 igni
1388 2241 1599 2281 concremat,

120 2281 306 2317 {annates
333 2281 479 2326 diripit,
508 2282 620 2317 instar
641 2282 814 2327 pecudum
834 2282 1006 2326 potiorem
1031 2288 1228 2326 magnatum
1247 2289 1384 2326 partem
1406 2283 1600 2318 miserrime

122 2328 295 2372 trucidat,
321 2328 520 2363 interfectis
554 2329 659 2363 etiam
689 2328 840 2363 Leontio
874 2334 910 2363 et
935 2327 1120 2373 Apsimaro
1147 2333 1314 2373 tanquam
1345 2328 1540 2363 latronibus
1563 2335 1601 2364 et

106 2373 264 2419 ·imperii
284 2374 498 2420 raptoribus.
546 2375 599 2409 sic
628 2374 709 2409 mali
741 2374 850 2409 oculis
879 2374 1037 2409 iustitiae
1068 2380 1151 2409 sunt
1179 2374 1355 2420 expositi,
1386 2381 1423 2409 et
1446 2375 1605 2421 quamvis

125 2419 325 2465 al.qunndiu
348 2432 480 2467 poenas
502 2421 694 2466 effugiant,
730 2423 870 2455 tandem
888 2427 1004 2456 tamen
1028 2420 1201 2465 supplicia
1224 2421 1357 2455 maiora
1378 2420 1492 2456 luunt.
1541 2434 1603 2456 ne-

126 2477 197 2510 quo
214 2472 347 2502 tantum
371 2467 586 2502 Iustinianus
611 2468 675 2502 hos
698 2467 897 2511 tyrannidis
928 2473 1155 2512 usurpatores
1174 2467 1353 2513 principes
1378 2467 1494 2512 gladio
1522 2480 1605 2514 per—

127 2511 239 2548 cussit
253 2513 367 2548 ultore
388 2513 606 2549 miseriarum
636 2525 794 2549 suarum:
817 2525 939 2548 verum
953 2515 1058 2548 etiam
1081 2513 1251 2548 Callinico
1274 2513 1496 2560 patriarchae
1524 2526 1610 2549 con—

127 2558 280 2600 tumelii·
297 2566 335 2595 at
359 2559 521 2595 ludibriis
545 2561 672 2595 affecto
695 2573 738 2595 ac
755 2571 942 2606 puerorum
968 2560 1119 2595 iniuriae
1141 2561 1302 2606 exposito
1327 2561 1463 2594 denium
1487 2561 1607 2595 oculos

128 2603 234 2649 eruit,
261 2607 355 2651 quod
371 2606 512 2641 adiutor
537 2613 573 2641 et
591 2607 751 2642 conscius
770 2618 890 2642 eorum
909 2606 1038 2641 fuisset
1066 2618 1156 2651 quae
1175 2607 1360 2652 designata
1382 2607 1418 2641 in
1440 2607 1606 2642 Iustinia—

130 2658 349 2693 numerant.
397 2660 582 2698 praeterea
608 2665 781 2688 revocans
808 2654 854 2688 ad
875 2653 1025 2687 animum
1042 2653 1236 2698 imperator
1254 2665 1356 2698 quain
1380 2655 1509 2688 acerbe
1534 2659 1608 2687 tra-

129 2703 244 2733 ctatus
265 2697 394 2732 fuisset
413 2709 435 2732 a
455 2698 625 2734 Ponticae
657 2699 850 2735 chersonis
883 2699 1029 2743 incolis,
1065 2710 1140 2733 cum
1164 2699 1312 2746 imperio
1335 2699 1493 2734 deiectus
1517 2699 1609 2744 apud

128 2744 210 2779 illos
233 2744 376 2779 viveret
399 2745 494 2786 (nam
525 2747 627 2780 modo
651 2746 811 2782 dicteriis
844 2746 881 2780 in
903 2758 981 2780 eum
1003 2745 1217 2790 illudebant,
1244 2747 1348 2781 modo
1367 2746 1457 2779 mala
1478 2746 1609 2790 impre-

131 2792 322 2834 cabantur,
360 2790 462 2824 modo
495 2791 714 2827 contumeliis
751 2793 987 2838 improbarum
1021 2792 1215 2836 linguarum
1250 2794 1476 2838 pungebant,
1507 2792 1609 2825 modo

122 2836 279 2872 consilia
311 2836 460 2871 subdola
488 2848 613 2882 magno
643 2838 786 2873 silentio
814 2840 1035 2881 tractabant,
1067 2839 1206 2883 quando
1237 2840 1376 2873 tandem
1407 2837 1541 2883 gladios
1572 2837 1610 2870 in

126 2882 244 2931 ipsius
266 2882 462 2919 viscoribus
490 2882 636 2920 tincturi
667 2891 788 2922 esseut
813 2884 870 2921 vel
902 2884 1079 2921 infelicem
1107 2885 1394 2932 comprehensum
1425 2883 1609 2930 Apsiiuaro
