1898 3242
228 780 257 814 C

227 1602 258 1635 D

287 187 385 233 260
673 184 1053 231 CONSTANTINI
1095 185 1358 230 MANASSIS

422 300 495 344 εἴτε
514 301 635 357 βιαίῳ
655 303 831 357 κολαστῇ
854 299 1014 354 δαίμονι
1033 300 1334 358 προσπαλαίων.

421 367 612 417 πολλάκις
631 366 710 425 γάρ
733 384 799 410 τοι·
815 368 919 411 κατὰ
938 373 1012 424 γῆς
1044 368 1207 426 ἄφωνος
1223 369 1457 425 ε’ρριπτεῖτο,

420 436 553 492 ἀφρὸν
571 438 678 490 ἐμῶν
700 441 771 478 τοῦ
798 435 1021 491 στόματος,
1051 439 1181 479 σιέλον
1201 434 1454 490 ἀποβλύζων,

282 506 390 548 6115
416 504 466 546 τὰ
481 505 596 559 χείλη
618 502 925 558 μελαινόμενος,
961 505 1034 554 τὰς
1050 504 1174 562 κόρας
1193 504 1461 561 διαστρέφων,

417 573 605 629 φθογγὰς
620 573 866 630 προπέμπων
885 575 1069 627 δυσηχεῖς
1087 571 1271 627 ἀσήμους
1286 568 1575 628 προβατῶδεις,

417 639 491 682 κᾶν
511 638 568 694 μή
590 657 692 691 τινες
714 640 910 696 ἐντύχοιεν
938 640 1152 697 ἅρήγοντες
1179 644 1234 697 τῷ
1252 638 1390 690 πάθει,

416 713 729 765 τειχοκρουστῶν
750 710 822 764 τὴν
847 710 1026 766 κεφαλὴν
1047 708 1233 765 καθάπερ
1257 708 1484 764 ἀλλοτρίαν.

416 776 495 818 ἀπὸ
515 775 698 820 τοιούτου
721 777 938 832 πτώματος
956 775 1149 827 πολλάκις
1169 774 1408 833 ἀνασφήλας

281 848 392 888 6120
414 844 662 902 θερμότερος
684 846 828 901 ἐγίνετο
853 850 925 900 τῆς
947 846 1091 901 ἀρετῆς
1111 843 1292 901 ἐργάτης,

417 916 484 955 καὶ
504 914 624 955 πλέον
647 914 854 967 ἐπεμέλετο
880 918 951 968 τῆς
972 913 1085 956 ἔνδον
1109 915 1274 963 εὐεξίας,

415 984 482 1023 καὶ
503 982 576 1036 τὴν
602 981 851 1039 μονάστριαν
869 982 971 1036 ζωὴν
992 986 1146 1036 μᾶλλον
1167 981 1404 1039 ὖπερεὸίψα.

415 1044 519 1104 ἦσαν
537 1050 578 1092 ‹5‘
601 1051 711 1108 αὐτῷ
734 1048 973 1104 ταυτόαιμοι
995 1051 1071 1092 κάκ
1093 1055 1173 1093 τῶν
1199 1050 1332 1093 αὐτῶν
1353 1044 1593 1104 σπερμάτων

415 1117 558 1175 ἄνδρες
580 1117 860 1175 φαυλότροποί
871 1136 995 1168 τινες,
1030 1123 1206 1175 κηφῆνες
1229 1116 1496 1175 ἁρπακτῆρες,

278 1186 387 1229 6125
411 1185 624 1243 ἄνθρωποι
651 1186 928 1242 δυσανάγωγοι
942 1219 954 1237 ,
990 1186 1227 1241 κτηνώὸεις,
1263 1184 1494 1240 κακοήθεις,

415 1257 480 1296 καὶ
506 1257 547 1297 τί
568 1255 645 1311 γὰρ
669 1255 706 1296 οἶ
725 1256 1055 1310 βουθρέιιμονες,
1087 1253 1302 1311 χοιρόβιοι,
1336 1251 1546 1308 βουζύγαι,

414 1322 558 1379 ἄνδρες
575 1323 988 1380 προβατοθρέμμονες
999 1354 1011 1374 ,
1048 1321 1260 1374 ἀπόζοντες
1282 1325 1355 1364 τοῦ
1377 1318 1546 1378 γράσον,

415 1393 480 1432 καὶ
501 1389 784 1446 πρινοκάρπων
809 1393 1046 1447 φροντισταὶ
1069 1393 1135 1432 καὶ
1156 1395 1235 1432 τῶν
1262 1387 1580 1447 δρυοβαλάνωνς

413 1457 605 1501 τοιούτοιν
627 1454 697 1502 οὖν
717 1463 797 1501 τῶν
821 1459 1010 1515 ἀδελφῶν
1029 1459 1155 1501 ὄντων
1172 1463 1245 1500 τοῦ
1264 1459 1466 1512 βασιλέως

279 1529 393 1569 6130
412 1527 487 1569 κᾶν
506 1533 589 1576 τοῖς
614 1533 752 1577 κακοῖς
772 1525 993 1583 ἐπρώτευεν
1016 1525 1036 1569 ὃ
1061 1529 1127 1569 καὶ
1151 1531 1209 1584 τῷ
1228 1528 1327 1583 γένει
1346 1530 1518 1582 πρῶτος,

418 1596 708 1650 ἓκτετμημένος
728 1595 806 1652 πρὸ
830 1600 992 1651 μακροῦ
1007 1596 1102 1645 τοὺς
1123 1594 1395 1651 παιδουργοῦς
1415 1594 1664 1649 κυλίνδρους,

416 1662 637 1720 ἄνθρωπος
651 1663 1003 1720 κακουργότροπος
1015 1695 1029 1715 ,
1065 1662 1226 1715 σκαιός,
1261 1660 1603 1720 ῥυπαρογνώμων,

417 1731 462 1781 ὃς
483 1733 590 1786 σχὼν
612 1732 684 1786 τὴν
706 1733 930 1785 ἐπιμέλειαν
949 1736 1028 1774 τῶν
1047 1732 1407 1788 γηροκομουμένων

417 1801 483 1841 καὶ
501 1795 628 1841 τᾶλλα
645 1798 777 1842 πάντα
800 1805 873 1854 τῆς
901 1800 1029 1855 ἀρχῆς
1046 1795 1138 1855 ἦγεν
1159 1799 1242 1842 ἄνω
1265 1801 1332 1842 καὶ
1349 1797 1460 1842 κάτω

280 1867 390 1909 6135
415 1869 481 1909 καὶ
501 1872 575 1910 τοῦ
593 1872 837 1927 κρατοῦντος
854 1867 1042 1924 ἄντικρυς
1060 1863 1168 1911 ὦπτο
1189 1865 1463 1922 λεοντοκόμος.

371 1973 463 2008 6114
504 1971 627 2012 συέλες
664 1973 730 2008 AR
915 1971 1112 2016 οἷπολύζων
1142 1975 1181 2010 Μ
1366 1974 1457 2010 6116
1493 1972 1681 2017 δυστυχεῖς
1711 1971 1751 2006 Μ

373 2020 465 2055 6117
500 2017 700 2063 ἀρήξοντες
732 2020 766 2054 R
918 2021 1009 2055 6120
1033 2019 1174 2065 ἐγένετο
1212 2020 1252 2055 Μ
1405 2020 1498 2055 6123
1523 2018 1689 2062 αἱμάτων
1710 2019 1751 2053 Μ

373 2066 464 2100 6124
489 2062 722 2109 φαυλότατοί
743 2066 782 2100 Μ
875 2067 967 2101 6126
984 2066 1044 2111 οἱ]
1069 2063 1137 2110 οὕς
1226 2063 1399 2112 βουζύγοι
1421 2066 1461 2101 Μ
1552 2065 1644 2100 6132
1664 2076 1750 2099 κακ-

371 2109 570 2155 εργότατος
595 2110 626 2145 Α

279 2200 374 2246 poris
415 2201 698 2235 succussionibus
732 2202 905 2238 hominem
949 2203 1235 2249 perturbantibus
1270 2206 1307 2237 et
1333 2200 1662 2248 prosternentibus,
1692 2201 1750 2236 vel

278 2246 377 2291 gravi
397 2246 566 2281 scelerum
589 2247 729 2282 vindice
761 2250 865 2293 genio
896 2261 972 2284 cum
998 2250 1075 2295 ipso
1104 2250 1322 2284 colluctante.
1381 2248 1512 2293 quippe
1546 2248 1752 2291 frequenter

279 2292 406 2326 amissa
429 2304 517 2326 voce
536 2293 631 2326 humi
653 2293 911 2339 collabebatur,
940 2307 1001 2330 ore
1036 2308 1190 2341 spumam
1216 2295 1431 2338 salivamque
1463 2292 1640 2338 copiosam
1662 2293 1749 2327 reii-

279 2337 396 2380 ciens,
427 2342 464 2372 et
489 2338 595 2372 labris
622 2339 899 2386 nigricantibus,
932 2341 1041 2376 oculis
1064 2341 1222 2376 distortis
1241 2351 1344 2375 sonos
1370 2341 1538 2384 quosdam
1561 2338 1749 2374 horribiles

279 2385 446 2417 obscuros
468 2395 508 2417 ac
537 2386 660 2418 brutos
694 2387 868 2421 emittens.
917 2388 1043 2432 quodsi
1066 2387 1174 2432 aliqui
1198 2398 1298 2433 opem
1317 2385 1493 2420 laboranti
1512 2396 1582 2419 non
1600 2386 1748 2430 ferrent,

279 2432 385 2473 caput
402 2440 501 2464 suum
524 2435 688 2475 tanquam
716 2431 865 2467 alienum
896 2434 1091 2478 parietibus
1123 2433 1301 2468 allidebat.
1355 2432 1493 2476 quoties
1517 2431 1643 2466 malum
1658 2443 1749 2465 non-

279 2474 364 2509 nihil
387 2475 609 2519 remittebat,
631 2477 734 2521 longe
761 2479 875 2512 acrius
901 2484 937 2513 et
957 2480 1136 2513 ardentius
1155 2478 1279 2514 virtuti
1295 2478 1483 2521 studebat,
1507 2477 1750 2523 internamque

279 2520 514 2555 valetudinem
536 2524 700 2568 curabat,
735 2523 914 2558 solitariae
945 2525 1042 2559 vitae
1065 2525 1321 2569 cupidissimus.
1369 2523 1524 2558 habebat
1541 2529 1655 2559 autem
1673 2525 1748 2557 fra-

278 2572 351 2600 tres
371 2566 468 2600 viros
490 2567 686 2612 improbos,
721 2570 820 2612 fuco-s
849 2582 994 2614 rapaces
1009 2597 1018 2614 ,
1045 2570 1305 2611 intractabiles,
1323 2569 1493 2604 belluinos
1506 2597 1515 2614 ‚
1537 2570 1749 2610 insolente83

279 2612 340 2657 qui
358 2613 450 2657 apud
473 2624 598 2657 porcos
623 2619 772 2649 aetatem
793 2621 985 2660 exegerant
1007 2621 1044 2651 et
1066 2616 1208 2651 bubulci
1230 2615 1470 2660 opilionesque
1488 2617 1648 2660 fuerant,
1672 2615 1748 2649 hir-

281 2669 356 2692 cum
375 2658 592 2702 redolentes,
616 2661 789 2704 glandium
808 2667 845 2696 et
867 2662 1012 2696 aliorum
1034 2663 1245 2696 silvestrium
1268 2662 1442 2696 fructuum
1461 2661 1678 2696 collectores.
1714 2663 1751 2694 et

282 2704 402 2737 horum
426 2704 591 2750 princeps
615 2707 805 2742 sceleribus
828 2713 905 2742 erat
928 2710 959 2742 is
983 2709 1044 2753 qui
1063 2709 1165 2742 etiam
1189 2711 1306 2742 aetate
1329 2708 1483 2753 reliquos
1504 2707 1747 2749 antecedebat,

281 2750 476 2784 iamdudum
500 2757 670 2786 castratus
686 2781 695 2796 ‚
725 2754 782 2787 vir
812 2755 966 2788 moribus
997 2753 1217 2798 nequissimis
1236 2780 1245 2796 ,
1280 2755 1405 2798 ferox,
1436 2754 1620 2798 sordidus,
1641 2763 1746 2798 prae-

280 2796 394 2830 fectus
416 2796 460 2830 iis
480 2797 624 2831 aedibus
647 2797 683 2832 in
709 2800 834 2844 quibus
857 2800 955 2834 senio
978 2800 1130 2834 confecti
1150 2801 1379 2842 curabantur3
1413 2800 1473 2845 qui
1500 2811 1584 2834 sane
1609 2797 1749 2843 imperii

280 2841 422 2886 negotia
446 2854 580 2877 sursum
607 2844 767 2880 deorsum
793 2845 990 2889 volutabat,
1027 2850 1063 2880 et
1085 2846 1329 2891 imperatorem
1347 2846 1399 2881 ita
1419 2847 1594 2880 tractabat
1613 2850 1653 2879 ut
1670 2843 1746 2878 bel-
