1872 3236
308 231 400 282 154
694 210 1067 279 coNsrAurm
1094 235 1357 280 MANASS1s

437 346 652 405 ὀλολυγμοὶ
672 350 738 391 καὶ
760 351 994 406 βρυχηθμοὶ
1016 351 1082 392 καὶ
1103 350 1202 408 πρὸς
1219 350 1317 393 θεὸν
1339 348 1525 402 ἐντεύξεις

435 417 493 471 μὴ
513 418 614 473 πρὸς
634 417 678 459 τὸ
699 417 845 471 μέλλον
864 418 937 468 τὰς
956 418 1096 469 ποινὰς
1114 419 1224 475 αὐτῷ’
1243 423 1587 476 θησαυρισθῆναι,

436 486 615 526 ἐνταῦθα
635 486 679 527 δὲ
698 489 772 527 τοῦ
791 487 1040 539 πταίσματος
1061 486 1134 539 τὰς
1156 489 1269 536 δίκας
1292 489 1598 543 εἰσπραχθῆναι.

299 554 411 597 3580
434 551 656 606 κάμπτεται
677 552 832 605 τούτοις
852 552 873 596 ὅ
895 554 992 605 θεὸς
1013 561 1096 605 τοῖς
1117 553 1248 611 γόοις,
1278 556 1497 606 ἕπικλᾶται,

436 622 616 678 οἶκτείρει
638 621 890 676 λιταζόμενον
910 620 1099 676 ἐκθύμως
1121 622 1189 664 τὸν
1209 626 1446 679 κρατοῦντα,

433 691 500 731 καὶ
522 690 621 747 πρὸς
639 690 711 745 τὴν
732 690 888 745 αἴτησιν
911 690 1037 733 αὐτοῦ
1057 691 1208 744 ταχέως
1228 689 1407 742 ἐπινεύει,

433 757 508 799 σὺν
529 758 770 815 ἄναρίθμοις
793 760 836 800 δὲ
853 765 1040 815 στρατοῖς
1059 756 1269 800 ὃπτάνεται
1289 759 1382 801 κατ’
1406 757 1518 815 ὄναρ,

433 828 501 867 καὶ
523 831 579 883 τῷ
605 830 733 886 Φωκᾷ
752 831 810 884 τῷ
832 831 985 884 φονικῷ
1004 824 1151 869 κελεύει
1173 828 1436 883 παραδοῦναι.

297 892 407 937 3585
430 889 480 949 ἦν
499 900 649 946 ταῦτα,
685 896 751 937 καὶ
773 895 876 948 μετὰ
897 895 1042 951 μικρὸν
1065 894 1143 937 ἀπὸ
1165 898 1239 937 τοῦ
1259 895 1531 952 στρατοπέδου

434 960 455 1013 ὃ
478 961 666 1012 κάκιστος
689 964 898 1020 ἐφίσταται
926 966 1075 1013 Φωκεῖς
1099 970 1183 1013 τοῖς
1203 965 1442 1016 βασιλείοις,

435 1029 735 1086 ἓξαιτησόμενός
755 1049 842 1074 τινα
861 1031 972 1088 παρὰ
994 1036 1065 1074 τοῦ
1085 1033 1304 1085 βασιλέως·

435 1100 502 1140 καὶ
522 1101 762 1154 μαστιχθεὶς
784 1101 851 1141 καὶ
874 1101 1062 1153 διωχθεὶς
1085 1099 1157 1156 ἐφ’
1185 1096 1245 1149 οἷς
1267 1096 1515 1155 ἄπεφλυάρει

436 1167 781 1224 ἀνθυποστρέφει,
818 1169 998 1224 φαίνεται
1020 1165 1238 1223 λοχάρχαις
1258 1165 1585 1226 φαλαγγάρχαις.

298 1235 410 1278 3590
432 1236 558 1277 πνέων
572 1237 717 1288 μανίας
737 1237 803 1278 καὶ
824 1239 963 1289 θυμοῦ
973 1267 986 1286 ,
1021 1237 1087 1277 καὶ
1110 1234 1252 1289 λόγους
1275 1233 1488 1276 ἀποπτύων

435 1303 694 1361 φληνάφους,
731 1303 1039 1355 ἀποπέμποντας
1061 1303 1191 1356 ὀσμὴν
1213 1302 1489 1353 ἀπαιδευσίας,

434 1373 501 1413 καὶ
524 1370 677 1413 λύσσαν
701 1369 958 1427 ἕρευγόμενος
979 1370 1097 1420 κυνὸς
1115 1368 1397 1426 ὗλακομώρου.

433 1442 671 1481 ὁέινοπαθεῖ
687 1439 731 1480 τὸ
754 1437 984 1494 στράτευμα
1006 1439 1190 1492 ψευσθὲν
1207 1442 1287 1479 τῶν
1306 1438 1569 1492 ἧλπισμένων,

435 1509 500 1548 καὶ
523 1505 782 1556 συνελθόντες
805 1509 860 1555 εἷς
880 1506 1001 1548 ταύτὸ
1028 1504 1280 1562 στρατάρχαι
1297 1504 1565 1562 κλιματάρχαι

297 1575 407 1619 3595
430 1573 610 1632 κράτορα
633 1580 708 1632 φεῦ
733 1575 803 1616 τὸν
825 1575 1027 1628 λυσσητὴν
1052 1575 1258 1631 Κέρβερον
1278 1577 1539 1624 καθιστῶσιν,

433 1643 565 1700 ἄνδρα
588 1641 751 1699 λῃστήν,
785 1641 1046 1698 βαρύθυμον,
1083 1642 1234 1699 φόνιον,
1272 1640 1478 1698 ὃρμητιάν.

496 1710 568 1761 ί,Ως
590 1712 630 1752 δ’
657 1711 786 1764 Zaa-95
808 1712 1042 1767 ΖΙΙαυρίκιος
1060 1711 1126 1751 καὶ
1147 1710 1218 1764 τὴν
1242 1709 1490 1751 ἀποστασίαν

433 1781 500 1822 καὶ
523 1780 592 1822 τὸν
616 1777 824 1836 ἀλάστορα
851 1781 999 1821 Φωκᾶν
1020 1782 1244 1835 κρατοῦντα
1265 1782 1342 1834 φεῦ
1359 1775 1581 1832 Ῥωμαίων,

386 1909 477 1944 3579
495 1905 690 1951 πτώματος
710 1908 779 1942 ΑΜ
899 1907 990 1943 3586
1013 1905 1081 1951 τὴν
1105 1906 1276 1953 βασιλίδα
1293 1907 1338 1950 R,
1359 1907 1440 1946 τοῖς
1461 1903 1700 1950 στρατιώταις
1719 1904 1750 1938 Α

387 1955 480 1990 3587
498 1952 781 1997 ἐξαιτησάμενος
803 1955 837 1989 R
965 1954 1053 1988 3591
1078 1950 1153 1987 ἀπὸ
1180 1953 1333 1995 καρδίας
1352 1953 1385 1988 R
1506 1951 1597 1986 3595
1620 1953 1751 1994 λυσση-

391 1998 460 2044 ρὸν
484 2002 529 2045 R,
552 1998 708 2044 μισητὸν
730 2000 764 2036 R
911 1999 1001 2035 3598
1026 1999 1159 2033 Φωκᾶν
1179 1998 1389 2043 κρατοῦντα
1410 1997 1486 2031 τῶν
1504 1993 1694 2040 Ῥωμαίων
1718 1997 1752 2030 R

296 2113 510 2158 berationes,
534 2113 695 2157 ululatus,
716 2113 850 2157 rugitus
865 2139 874 2157 ‚
897 2114 940 2147 ad
959 2114 1059 2147 deum
1081 2112 1349 2158 supplicationes
1363 2138 1373 2156 ,
1400 2123 1444 2145 ne
1462 2111 1506 2144 ad
1524 2110 1631 2144 vitam
1649 2121 1750 2143 secu-

299 2167 410 2194 turam
429 2160 600 2204 supplicia
622 2158 820 2202 cumularet,
844 2160 907 2194 sed
926 2159 981 2194 hie
1000 2159 1115 2204 lapsus
1139 2159 1192 2192 sui
1211 2169 1341 2204 poenas
1363 2158 1533 2201 exigeret.
1582 2156 1677 2190 hisce
1699 2155 1748 2189 la-

299 2205 423 2239 mentis
448 2206 533 2239 deus
556 2205 727 2246 flectitur,
763 2204 984 2258 imperatoris
1010 2210 1084 2239 toto
1112 2211 1255 2250 pectore
1279 2202 1504 2248 supplicantis
1529 2201 1749 2235 commisera-

298 2251 395 2286 tione
418 2251 591 2302 tangitur!
626 2250 788 2294 precibus
810 2250 920 2294 ipsius
946 2250 1078 2285 annuit.
1126 2251 1189 2284 sed
1215 2256 1329 2283 tamen
1359 2248 1451 2282 inter
1482 2245 1750 2281 innumerabiles

299 2297 418 2341 copias
435 2296 605 2330 MaurIclo
627 2308 665 2329 se
686 2307 750 2340 per
771 2297 922 2340 quietem
940 2297 1164 2341 spectandum
1186 2295 1339 2338 exhibet,
1363 2304 1508 2338 eumque
1527 2291 1750 2336 sanguinario

297 2344 438 2377 Phocae
456 2341 547 2374 tradi
565 2341 676 2375 iubet.
717 2353 784 2374 non
806 2353 928 2385 magno
948 2342 1113 2386 temporis
1132 2341 1314 2374 interiecto
1332 2339 1446 2386 spatio
1464 2337 1750 2372 sceleratissimus

296 2389 355 2424 ille
378 2388 512 2421 Phocus
532 2399 551 2420 e
575 2385 697 2420 castris
717 2386 870 2429 advenit,
894 2389 1061 2431 quaedam
1081 2389 1124 2421 ab
1143 2387 1351 2431 imperatore
1370 2383 1655 2418 commilitonibus
1677 2383 1750 2418 suis

297 2439 473 2469 exoratus.
500 2435 502 2437 ’
521 2443 666 2476 cumque
684 2431 804 2475 flagris
823 2443 945 2465 caesus
965 2439 1000 2466 et
1018 2433 1149 2467 eiectus
1169 2445 1188 2466 e
1210 2431 1308 2475 regia
1325 2431 1418 2466 foret
1442 2431 1485 2464 ob
1507 2441 1549 2463 ea
1571 2440 1660 2474 quae
1683 2428 1747 2461 im-

296 2485 444 2526 portune
463 2477 715 2513 deblaterasset
728 2503 737 2520 ,
759 2477 796 2510 in
818 2483 932 2511 castra
949 2478 1150 2520 revertitur,
1175 2476 1365 2510 cohortium
1386 2475 1660 2520 phalangixmque
1683 2474 1748 2509 du-

296 2531 411 2559 ctores
437 2523 530 2566 adit,
554 2534 682 2557 meram
705 2522 840 2566 spirans
863 2522 1050 2566 insaniam,
1083 2521 1404 2567 plena'iracundiae
1429 2523 1539 2556 verba
1563 2530 1748 2567 exspuens,

297 2581 456 2617 quaeque
482 2581 610 2602 meram
638 2567 862 2604 stoliditatem
891 2574 927 2603 et
949 2568 1156 2614 imperitiam
1174 2568 1391 2611 redolerent,
1421 2566 1579 2601 latrantis
1599 2565 1750 2610 deniqne

296 2616 392 2651 canis
414 2615 450 2648 in
471 2626 599 2648 morem
618 2613 666 2647 nil
684 2614 751 2648 nisi
779 2614 908 2648 rabiem
930 2620 1103 2649 eructans.
1152 2613 1235 2659 quin
1255 2613 1358 2647 etiam
1378 2613 1550 2647 miseriam
1577 2610 1749 2645 exercitus

296 2661 493 2706 amplificat,
516 2672 578 2706 spe
597 2672 659 2694 sua
680 2660 851 2694 frustrati.
875 2666 1088 2706 quapropter
1106 2659 1143 2695 in
1161 2670 1263 2693 unum
1284 2659 1395 2694 coacti
1417 2658 1592 2703 copiarum
1611 2662 1647 2690 et
1663 2667 1746 2701 pro-

297 2707 488 2743 vinciarum
509 2707 613 2740 duces
635 2705 802 2740 furiosum
821 2706 910 2740 hunc
929 2706 1118 2740 Cerberum
1143 2705 1248 2748 (proh
1268 2705 1410 2749 impium
1428 2704 1578 2747 facinus)
1597 2702 1746 2747 impera-

298 2761 411 2789 torem
429 2750 622 2794 declarant,
646 2751 851 2786 sceleratum
870 2751 1008 2796 inquam
1026 2750 1211 2794 latronem,
1233 2750 1434 2785 iracundum
1446 2777 1456 2795 ‚
1480 2747 1748 2794 sanguinarium,

300 2798 446 2846 quaevis
464 2799 508 2832 ad
526 2797 661 2842 flagitia
675 2802 882 2841 promptum.

392 2843 579 2878 Mauricius
610 2842 670 2877 ubi
699 2844 742 2877 de
772 2842 915 2878 militum
935 2841 1131 2877 desectione
1155 2841 1285 2876 certior
1304 2843 1417 2877 factus
1440 2846 1534 2876 esset
1554 2851 1595 2874 ac
1615 2842 1748 2885 pestem
1769 2868 1771 2870 .

300 2890 392 2925 illam
414 2900 623 2926 communem
643 2888 794 2924 Phocam
811 2889 1054 2934 imperatorem
1076 2887 1309 2924 renuntiatum
1330 2900 1408 2923 esse
1429 2886 1620 2930 didicisset,
1644 2896 1747 2918 cona-
