1924 3242
369 199 416 230 vr
624 186 920 231 THEODORI
951 188 1169 254 DOUSAE
1202 189 1519 233 PRAEFATIO.

369 323 412 359 ut
448 317 600 359 meliori
633 320 800 372 tempori
832 326 1102 360 reservaretur.
1168 320 1239 360 sed
1270 335 1361 360 cum
1386 325 1420 361 1.
1444 324 1718 362 Mssunsws
1752 329 1791 361 et

366 384 413 438 ΡΙ,
434 399 771 448 Scluvmuus,
800 399 1002 450 geminum
1025 406 1064 438 et
1088 400 1390 452 incomparabile
1416 401 1539 440 seculi
1558 401 1681 440 nostri
1700 414 1791 438 eru-

365 475 536 518 ditorum
557 476 691 525 iubar,
721 489 881 528 operam
896 490 1008 516 suam
1025 479 1067 515 in
1088 476 1165 516 hoc
1183 485 1337 517 auctore
1355 479 1568 518 liberaliter
1585 479 1791 518 offerentes

361 567 442 591 non
467 566 552 592 esse
578 553 939 606 procrastinandum
967 553 1210 607 dictitarent,
1241 556 1382 595 accidit
1408 559 1540 597 nescio
1567 571 1644 611 quo
1672 556 1792 596 modo

363 637 408 670 ut
423 629 489 669 hic
504 630 605 670 liber
625 645 704 670 una
722 645 812 670 cum
827 633 1006 671 versione
1025 646 1115 672 mea
1136 640 1175 672 et
1195 635 1298 674 notis
1317 637 1517 675 nonnullis
1528 665 1540 686 ,
1570 650 1592 673 e
1611 635 1792 674 manibus

362 708 463 748 mihi
479 716 725 762 praereptus,
765 712 878 764 quasi
902 712 1099 751 abortivus
1117 719 1251 764 partus
1275 720 1364 752 ante
1385 721 1539 767 tempus
1557 720 1806 763 nasceretur,

365 789 421 843 ita
449 794 582 826 tamen
614 795 659 827 ut
689 787 812 828 iidem
843 790 905 828 illi
934 802 1031 843 quos
1060 789 1145 828 dixi
1171 792 1325 850 auctorit
1342 790 1436 831 huic
1463 789 1691 844 corrigendo
1713 803 1794 830 non

366 850 506 918 parum
541 866 640 905 lucis
677 865 872 919 dederint,
927 866 1174 908 difficultates
1205 859 1396 920 plurimas
1430 877 1469 909 et
1502 870 1793 908 inextricabiles

372 957 519 982 errores
535 944 805 996 explicuerint.
859 951 904 984 tu
920 946 1100 997 interim,
1128 948 1252 985 amice
1267 947 1410 998 lector,
1447 950 1564 988 tantis
1582 948 1794 987 difficulta-

372 1022 475 1061 tibus
495 1021 765 1075 consideratis,
799 1022 904 1062 hunc
930 1025 1106 1063 laborem
1134 1038 1269 1064 meum
1288 1026 1540 1080 studiumque
1555 1040 1794 1080 promoven-

370 1098 445 1138 dae
472 1101 530 1139 rei
554 1099 760 1140 historicae
785 1115 839 1140 ex
860 1104 1056 1156 aequitate
1079 1105 1240 1153 metire,
1279 1112 1317 1143 et
1336 1103 1412 1143 hac
1436 1106 1523 1158 ipsa
1549 1105 1795 1157 diligentiam

367 1192 499 1218 meam
517 1193 744 1232 compensa,
784 1182 899 1234 aequi
915 1181 1086 1233 bonique
1106 1182 1311 1220 consulens
1329 1183 1499 1234 primam
1513 1182 1615 1222 hanc
1636 1185 1795 1235 Georgii

364 1256 605 1309 Logothetae
622 1258 856 1297 editionem:
883 1259 926 1296 in
940 1259 1094 1309 magnis
1114 1259 1220 1295 enim
1236 1260 1406 1299 voluisse
1427 1268 1487 1299 sat
1506 1268 1586 1299 est:
1615 1262 1796 1312 recogni-

364 1342 474 1374 turus
495 1333 684 1385 eundem,
723 1337 758 1374 si
784 1335 857 1373 deo
884 1336 1035 1386 placet,
1078 1333 1313 1387 aliquando,
1351 1342 1390 1374 et
1406 1337 1725 1388 luculentiorem,
1761 1339 1795 1377 si

363 1413 444 1451 vita
465 1414 653 1465 supersit,
690 1412 960 1467 producturus.
1017 1412 1176 1451 interim
1202 1419 1285 1452 esto
1311 1420 1513 1456 contentus
1539 1414 1616 1456 hoc
1633 1417 1793 1467 Catone,

365 1490 403 1531 et
428 1492 532 1532 vale.
