1864 3242
568 141 965 188 ACROPOLITAM
996 140 1195 187 NOTAE.
1502 135 1597 187 ‘247

88 237 103 250 φ
149 249 563 306 ‚vocabulowpoemak
591 252 785 306 quiddam
814 254 984 306 amplius
1013 261 1053 294 et
1078 254 1207 293 maius
1233 253 1453 306 significare
1474 255 1599 293 voluit

154 318 280 363 quam
290 320 365 351 nos
383 319 480 350 voce
497 324 566 350 rex
582 311 799 362 significare
816 312 1104 350 consuevimus.
1162 318 1201 350 et
1216 323 1444 364 quanquam
1459 312 1598 350 Graeci

155 376 292 418 nugam
304 366 473 418 βασιλέα
491 366 644 416 dicunt,
672 366 932 406 nihilominus
952 366 1093 406 eodem
1112 368 1303 407 vocabulo
1320 369 1598 420 imperatorem

153 423 278 462 cuam
296 423 522 463 Romanum
548 431 588 463 et
602 425 828 475 Augustum
854 426 1110 475 exprimunt3.
1132 426 1203 462 vix
1225 437 1328 463 uuus
1349 431 1388 462 et
1407 425 1506 463 alter
1525 439 1596 463 ve—

140 484 297 518 >inrum
292 474 575 548 αὖτοκράτορα
591 481 805 533 appellant.
863 482 1120 532 quamobrem
1144 482 1298 533 quoties
1315 483 1359 518 in
1376 480 1451 519 hac
1469 479 1595 519 histo-

152 535 225 574 ria
238 548 322 575 vox
348 534 535 588 βασιλεύς
553 536 602 576 de
619 538 882 588 Bulgarorum
896 550 992 588 ,rege
1013 544 1052 575 et
1070 538 1309 575 Graecorum
1327 539 1504 589 principe
1525 551 1595 576 oc-

153 593 284 631 cunit-
298 591 492 645 (neuun-it
510 601 643 632 autem
658 591 858 646 passim),
886 607 965 631 non
984 608 1053 632 rex
1071 593 1142 632 sed
1161 595 1374 645 imperator
1394 593 1597 633 reddenda

145 653 229 687 est.
268 649 312 687 in
330 661 408 701 quo
437 649 671 718 (fatendum
684 648 767 702 est)
794 650 1100 701 negligentiores
1116 663 1236 702 quam
1253 663 1324 702 par
1337 657 1420 688 erat
1434 652 1596 689 fuimus.

152 717 249 746 sane
273 706 469 757 Bulgarus
496 703 683 759 βασιλευς
714 707 934 758 appellatus
961 709 1043 744 iam
1069 707 1118 744 ab
1145 708 1305 759 antiquo
1328 714 1367 744 et
1384 705 1596 758 Nicephori

149 758 310 799 Phocae
326 768 526 814 tennpore:
556 770 707 802 constat
723 777 776 801 ex
793 763 1028 814 Luitprandi
1043 764 1240 814 legatione
1259 762 1311 800 ad
1328 764 1443 801 illum
1464 766 1596 815 ipsum

150 817 431 869 imperatorem
459 820 638 858 instituta
657 821 757 858 circa
777 832 925 857 annmn
947 821 1043 861 968.
1100 833 1210 866 cum,
1237 820 1389 871 inquit,
1421 819 1597 858 Christo-

145 873 413 924 phorifib‘am
428 877 574 914 Peme
589 876 865 927 Bulgarorum
885 876 1059 914 vasileus
1074 877 1279 928 coniugem
1294 876 1461 914 duceret.
1520 890 1597 914 no-

148 929 270 968 tanda
291 943 451 984 quoque
471 945 572 985 quae
588 931 739 970 ibidem
757 933 965 982 leguntur:
996 932 1045 970 de
1069 933 1268 983 imperiali
1291 940 1416 970 vestro
1442 934 1597 970 nomine

147 999 303 1038 magna
327 1002 467 1026 mmm
498 990 740 1026 contentione
756 989 947 1040 fatigati.-
977 989 1060 1039 ipae
1078 991 1181 1026 enim
1201 1003 1270 1027 vos
1289 1003 1368 1026 non.
1385 991 1597 1039 imperato-

147 1055 248 1088 rem,
275 1043 324 1081 id
348 1051 406 1081 est
433 1043 592 1096 βασιλέα
618 1059 694 1083 aaa
721 1045 883 1096 lingua,
911 1045 982 1081 sed
998 1044 1046 1082 ob
1065 1045 1378 1097 indignationem
1395 1046 1524 1098 ῤ’ῆγα,
1552 1045 1599 1083 id

140 1105 206 1136 cot
225 1111 376 1151 regem,
403 1107 538 1138 nostra
561 1101 742 1139 vocabat.
803 1102 870 1138 cui
890 1115 980 1138 cum
1002 1101 1186 1147 dicerem,
1215 1102 1325 1153 quod
1344 1102 1596 1153 significatur

145 1155 251 1192 idem
277 1169 374 1202 ecoe,
417 1159 600 1207 quamvis
627 1158 736 1208 quod
760 1157 962 1209 significat
985 1157 1196 1195 diuet-sum.
1265 1156 1356 1196 vide
1391 1165 1594 1209 praeterea

132 1212 391 1250 Glossarium
409 1213 574 1251 Mem-sii
590 1215 633 1251 in
651 1211 834 1266 βασιλεύς
854 1220 892 1251 et
910 1209 999 1266 ρήξ.
1054 1215 1218 1263 DonsA.

255 1281 299 1320 p·
317 1271 372 1310 36
388 1282 428 1307 v·
450 1268 516 1310 14.
572 1271 804 1323 πορφυρίδα
833 1268 897 1320 τε]
939 1283 992 1307 ex
1015 1271 1245 1322 Acropolita
1271 1267 1428 1308 videtur
1453 1282 1593 1312 excer-

144 1324 271 1375 psisse
288 1338 361 1363 sua
379 1325 574 1376 Gregoras
591 1339 632 1377 p.
652 1329 707 1368 26
736 1327 933 1367 6.A1„1,.

150 1402 154 1407 ·
255 1380 311 1419 ib.
372 1383 680 1422 Κωνσταντίνου
710 1385 784 1422 τοῦ
814 1380 1172 1434 Μεσοποταμίτου]
1217 1381 1293 1419 fuit
1330 1379 1449 1420 huius
1485 1382 1591 1433 apud

141 1438 338 1476 launoium
362 1439 564 1490 Angelum
590 1440 870 1490 imperatorem
899 1451 1054 1476 summa
1082 1439 1341 1476 familiaritas.
1400 1437 1591 1476 Choniata

141 1507 186 1545 p.
207 1493 288 1535 591
317 1496 386 1536 22.
441 1495 588 1533 Alexio
610 1509 702 1533 vero
726 1496 834 1533 illius
855 1496 967 1532 fratri
985 1501 1024 1532 et
1043 1501 1132 1532 ante
1151 1496 1415 1546 principatum
1438 1495 1590 1532 invisus

134 1553 186 1588 'et
208 1557 300 1601 post
327 1564 421 1589 eum
446 1564 589 1603 parum
609 1559 763 1603 gratus,
794 1551 901 1603 quod
919 1552 1091 1603 plurima
1112 1553 1154 1588 in
1174 1553 1351 1589 Romana
1370 1564 1412 1588 re
1432 1551 1590 1602 publica

130 1608 332 1645 ,movisset
349 1615 389 1646 et
405 1610 539 1646 omnia
559 1609 829 1646 conturbasset
840 1637 851 1658 ‚
881 1608 1028 1646 artibus
1044 1615 1178 1645 tamen
1195 1606 1475 1659 Euphrosynes
1492 1609 1590 1644 Ale-

141 1664 204 1700 xii
222 1665 361 1702 uxoris
376 1665 521 1703 Alexio
542 1666 836 1713 reconciliatus,
867 1677 1022 1703 summa
1041 1677 1172 1702 rerum
1191 1663 1243 1701 ad
1260 1665 1373 1701 illam
1391 1663 1589 1711 devoluta,

141 1726 388 1758 caeterorum
407 1723 616 1759 auctoritas
638 1728 677 1759 et
697 1728 952 1772 cognatorum
970 1734 1127 1773 quoque
1148 1722 1394 1771 imperatoris
1411 1722 1588 1771 potentia

140 1777 342 1827 elanguitt,
369 1785 409 1815 et
427 1779 496 1830 qui
515 1777 667 1816 dudum
684 1779 732 1815 ab
748 1780 983 1829 imperatore
999 1791 1071 1829 pro
1089 1775 1215 1814 nihilo
1231 1777 1454 1828 putabatur,
1482 1789 1588 1813 nunc

141 1835 275 1871 omnia
302 1841 479 1885 poterat,
508 1842 548 1872 et
578 1842 660 1872 erat
690 1848 793 1872 unus
821 1836 944 1872 instar
976 1836 1176 1880 omnium3
1209 1847 1311 1872 unus
1332 1833 1466 1870 01m1ia
1483 1839 1587 1870 recte

139 1896 334 1938 statuere3
365 1904 467 1928 unus
496 1892 675 1928 omnimn
691 1891 866 1928 moribus
887 1904 928 1928 se
949 1889 1267 1938 accommodare,
1298 1891 1431 1926 omnia
1457 1890 1587 1925 omni-

139 1945 214 1983 bus
230 1959 302 1997 pro
325 1945 514 1998 dignitate
530 1961 647 1998 posse
665 1948 836 1985 tribuere
854 1947 1175 1994 existimabatur,
1202 1953 1240 1982 et
1266 1946 1314 1982 ab
1340 1946 1587 1996 imperatoris

137 2003 262 2039 latere
290 2016 370 2040 non
397 2002 637 2041 discedebat.
695 2005 765 2056 qui
787 2017 880 2041 vero
904 2004 1080 2054 potentia
1100 2001 1350 2050 exciderant,
1381 2014 1497 2051 aegre
1524 2002 1586 2037 fe-

139 2059 300 2107 rebant,
339 2066 427 2096 tum
460 2062 616 2111 cognati
639 2061 920 2111 imperatricis,
958 2058 1206 2097 Andronicus
1233 2056 1584 2108 Contostephanus‚

139 2116 205 2152 cui
218 2117 333 2152 Irene
354 2117 462 2154 illius
481 2116 562 2154 filia
583 2123 791 2168 nupserat,
822 2123 861 2154 et
879 2116 1001 2153 frater
1017 2116 1126 2153 illius
1142 2115 1313 2152 Basilius
1334 2115 1583 2160 Cameterus3

139 2173 210 2223 qui
228 2171 352 2209 bilem
372 2186 484 2210 suam
510 2180 644 2211 contra
663 2175 954 2224 imperatricem
983 2178 1260 2219 evomuerunt,
1292 2177 1330 2207 et
1358 2170 1584 2221 imperatori

139 2227 192 2266 ad
212 2227 466 2266 Occidentem
485 2230 637 2267 abituro
656 2231 770 2281 plura
788 2230 983 2267 referunt:
1013 2242 1055 2266 se
1083 2229 1174 2279 plus
1196 2228 1386 2265 Alexium
1403 2226 1582 2276 diligere,

138 2298 164 2322 e
193 2286 303 2322 cuius
329 2286 455 2323 salute
474 2288 634 2337 propria
658 2299 816 2339 quoque
835 2287 942 2337 salus
963 2283 1182 2336 pendebat,
1212 2297 1333 2336 quam
1349 2281 1582 2334 Euphrosy-

137 2353 234 2378 nem
254 2342 350 2379 citra
373 2343 499 2380 ullam
515 2342 795 2380 verecundiam
815 2344 857 2380 in
878 2343 1105 2394 turpissima
1133 2341 1309 2378 facinora
1332 2339 1582 2377 delabentem

138 2404 179 2434 et
200 2395 403 2436 adulteriis
424 2397 647 2436 thalammn
665 2401 953 2451 inquinantem.
1010 2411 1105 2435 nam
1126 2410 1217 2435 cum
1235 2409 1313 2448 quo
1331 2395 1583 2446 impudenter

138 2453 384 2503 concumbit,
413 2469 505 2494 eum
533 2458 654 2493 etiam
681 2455 733 2494 ad
759 2457 970 2507 imperium
995 2462 1176 2493 evectum
1194 2455 1309 2490 velle.
1367 2465 1488 2504 quare
1507 2464 1583 2501 po·-

137 2512 261 2547 tentia
275 2511 452 2550 mulieris
466 2512 762 2563 restringenda,
797 2519 949 2550 amator
967 2526 989 2549 e
1007 2511 1139 2548 medio
1158 2508 1376 2556 tollendus,
1403 2522 1454 2544 ne
1471 2514 1581 2558 post—

137 2565 214 2604 hac
242 2567 372 2604 simile
399 2569 601 2618 piaculum
611 2542 870 2606 Cadmittatur.
930 2567 1043 2606 dictis
1067 2566 1294 2617 indignatur
1315 2566 1484 2615 graviter
1503 2565 1581 2600 im-

137 2629 314 2674 perator,
353 2629 394 2660 et
420 2630 508 2674 post
532 2627 699 2663 Batatzii
730 2625 989 2663 adolescentis
1014 2623 1196 2670 caedem,
1227 2623 1344 2672 regiis
1372 2621 1579 2672 spoliatam

137 2679 313 2717 vestibus
342 2681 384 2716 in
411 2681 699 2731 Nemetarium,
728 2683 920 2720 muliebre
939 2681 1221 2718 monasterium
1240 2680 1339 2716 circa
1356 2679 1474 2715 Ponti
1492 2677 1581 2712 fau-

138 2749 204 2772 ces
221 2737 355 2784 situm,
385 2737 673 2787 imperatricem
695 2739 836 2776 abduci
855 2739 978 2775 iubet.
1022 2742 1110 2787 post
1130 2749 1203 2773 sex
1220 2748 1376 2772 menses
1396 2731 1582 2784 Euphro-

137 2805 234 2843 syne
271 2790 492 2831 delatorum
527 2796 640 2833 novis
676 2796 880 2833 conatibus
913 2800 953 2831 et
982 2793 1230 2831 Constantini
1258 2791 1581 2842 Mesopotamitae
