1864 3242
525 204 923 249 ACROPOLITAM
954 204 1157 251 NOTAE.
1463 207 1561 255 227

109 326 231 368 gnare
249 326 330 353 non
346 313 495 366 potuit3
527 328 648 368 quare
665 315 781 354 villas
796 314 985 365 incendit,
1009 327 1148 369 greges
1166 322 1422 371 armentaque
1443 319 1559 371 rapit.

109 378 152 411 et
168 377 261 424 post
289 369 375 410 dies
405 372 557 424 aliquot
585 373 712 410 soluta
741 371 946 411 obsidione
969 373 1131 413 Thebas
1153 381 1356 427 oppugnat
1376 381 1415 412 et
1432 376 1559 428 capit3

110 435 153 467 et
172 426 455 479 Thermopylis
473 430 678 481 superatis,
706 442 780 481 per
798 431 937 468 Oetam
953 437 1131 470 montem
1149 430 1403 480 descendens,
1424 433 1562 470 Laris-

109 497 178 524 sae
197 497 289 522 cum
308 485 453 523 Alexio
470 486 706 537 imperatore
735 487 997 537 coniungitur.
1056 501 1146 525 cum
1165 495 1304 539 postea
1321 487 1530 528 marchio·
1517 503 1562 527 m

110 542 319 580 Graeciam
341 543 553 580 transitum
570 549 758 591 tentaret,
798 544 883 594 ipse
879 515 1266 596 0Thermopylarum
1290 547 1491 596 angustias
1523 553 1562 584 et

110 598 389 637 imminentem
407 599 463 636 eis
480 605 657 637 montem
669 628 680 648 ,
717 599 874 651 aliaque
889 599 976 637 loca
996 613 1097 652 quae
1117 602 1304 639 Graeciae
1326 601 1479 639 aditum
1495 603 1561 639 in—

108 653 356 704 tercludunt,
394 653 651 694 custodiebat.
709 654 781 694 sed
798 657 1037 694 Graecorum
1065 658 1225 708 ignavia
1249 659 1291 695 in
1310 658 1389 696 illis
1411 671 1433 696 a
1451 671 1561 696 mar-

110 709 254 749 chione
282 718 488 763 superatus
519 712 651 750 locum
683 711 820 751 cedere
852 714 1026 763 cogitur3
1067 720 1105 752 et
1132 715 1220 752 aliis
1240 716 1360 752 etiam
1382 714 1561 754 cladibus

108 767 257 806 fractus
291 781 382 805 oum
405 770 533 820 Argos
565 776 603 808 et
632 769 798 807 finitima
824 768 969 821 oppida
994 778 1182 823 occupata
1214 784 1299 809 esse
1331 779 1506 810 cerneret
1536 785 1561 810 a

108 822 362 874 marchione,
391 825 435 862 in
450 824 732 864 Acrocorintho
749 827 902 864 veluti
891 839 932 863 m
958 834 1068 865 antro
1090 835 1129 865 et
1152 827 1195 865 in
1213 829 1402 879 spelunca
1426 841 1468 866 se
1490 829 1564 866 ab-

111 879 182 930 dit,
213 882 257 918 in
275 879 397 919 arduo
415 889 550 920 monte
569 883 643 920 sito
663 895 708 920 ac
725 883 836 920 fere
824 896 1001 935 mexpug
981 883 1150 932 onabili,
1179 885 1241 922 vir
1258 881 1499 923 inhumanus
1517 898 1563 923 ac

111 937 276 987 efferus,
306 937 484 976 cladibus
502 939 681 987 urbium,
711 937 920 976 hominum
938 939 1123 978 caedibus
1141 947 1180 978 et
1194 941 1434 992 populorum
1455 941 1564 979 dire-

109 994 311 1047 ptionibus
331 1007 582 1046 summopere
600 994 798 1045 gaudens,
841 997 909 1048 qui
926 1009 1000 1033 nec
1017 998 1168 1047 patriae
1188 1010 1282 1035 suae
1300 999 1469 1050 Nauplio
1489 1012 1566 1050 pe·-

108 1052 254 1103 percit,
294 1057 333 1088 et
348 1051 554 1089 Nicolaum
579 1050 873 1089 corinthiorum
889 1051 1247 1104 archiepiscopum,
1291 1067 1382 1091 cum
1398 1067 1476 1106 quo
1499 1069 1565 1092 re-

110 1107 342 1146 conciliatus
362 1107 515 1157 fuerat,
541 1108 646 1146 inter
663 1108 800 1160 epulas
820 1107 974 1148 effossis
994 1110 1118 1148 oculis
1134 1111 1322 1162 priinum,
1354 1118 1492 1162 postea
1515 1110 1566 1149 de

109 1177 208 1217 rupe
227 1164 515 1216 praecipitavit.

223 1232 265 1271 Ρ.
285 1220 335 1261 15
353 1233 393 1258 v.
409 1223 478 1262 20.
535 1213 590 1270 ἦν
613 1217 689 1274 γὰρ
720 1214 838 1268 οὗτος
862 1216 950 1262 τότε
979 1219 1126 1274 μέρους
1148 1219 1258 1271 τινός
1275 1224 1347 1275 τῆς
1364 1222 1564 1275 παλαιας]

109 1275 291 1322 Blondus
319 1274 369 1313 de
397 1276 516 1328 gestis
531 1277 771 1314 Venetorum
794 1275 959 1314 ridicule
982 1280 1075 1316 satis
1098 1280 1257 1328 pariter
1282 1278 1399 1330 Goffi
1400 1279 1496 1317 edus
1518 1280 1567 1317 de

118 1333 230 1373 Wlla
253 1331 457 1379 Gallicus,
493 1333 566 1385 qui
580 1334 624 1370 in
642 1332 830 1370 Achaiae
840 1334 1076 1384 principatu
1092 1335 1304 1372 Dominico
1325 1336 1373 1372 de
1392 1335 1435 1372 la
1453 1337 1570 1374 Dosa

110 1396 364 1428 successerat.
425 1396 465 1427 et
484 1389 668 1426 Mchael
696 1390 882 1428 Comenos
907 1390 1086 1428 Graecus
1110 1390 1255 1429 nobiles·
1281 1405 1372 1428 eum
1397 1392 1572 1443 Pelopo-

111 1459 221 1493 neso,
257 1459 366 1483 nune
385 1447 529 1484 Morea
551 1445 677 1492 dicta,
707 1459 785 1497 per
799 1446 997 1498 J'raudem
1021 1447 1192 1486 Venetae
1217 1446 1459 1499 reipublicae
1479 1448 1571 1486 obe-

110 1503 380 1554 dc'entiamque
394 1503 698 1554 spoponderunt.
754 1504 858 1541 Ant..

224 1573 266 1612 p.
286 1560 339 1601 16
357 1573 397 1598 v·
418 1561 458 1600 6.
489 1555 725 1610 σουλτᾶνον]
756 1558 855 1613 quid
875 1558 919 1597 id
933 1573 1081 1598 nomen
1101 1558 1193 1598 est‘t
1223 1560 1440 1599 Cinnamus
1460 1574 1501 1613 Ρ.
1518 1559 1570 1602 14

114 1619 183 1659 10.
237 1617 342 1654 Au..

225 1672 280 1710 ib.
340 1667 592 1723 Ἰαθατίνην]
622 1670 816 1723 Gregoras
838 1671 910 1709 lib.
937 1674 957 1712 1
986 1685 1029 1723 Ρ.
1053 1673 1105 1713 17
1124 1673 1165 1713 8.
1221 1672 1326 1710 Am..

226 1743 268 1781 Ρ.
289 1728 343 1770 17
365 1742 406 1767 v-
426 1732 468 1771 3.
524 1729 713 1781 πρεσβεία
730 1724 832 1780 πρός
850 1730 926 1769 τοῦ
946 1724 1133 1780 σουλτᾶν]
1157 1730 1351 1780 Gregoras
1373 1741 1428 1766 ex
1443 1729 1570 1767 Acro-

114 1786 240 1840 polita
258 1798 330 1824 sua
346 1784 487 1824 habuit
504 1796 546 1836 Ρ.
570 1787 620 1827 17
645 1784 872 1826 15.A1.1,.

228 1841 284 1879 ib.
306 1855 345 1880 v.
364 1845 405 1884 6.
461 1838 687 1895 ἐταράχθη]
717 1841 912 1892 Gregoras
928 1853 969 1891 Ρ.
991 1840 1044 1883 17
1066 1843 1135 1882 21.
1191 1842 1296 1879 Am..

228 1897 283 1936 ib.
306 1912 345 1937 v.
365 1898 433 1941 14.
488 1896 720 1963 θαρσαλέοις
739 1897 863 1950 γοῦν]
895 1898 1146 1949 Gregorasp.
1176 1900 1227 1939 18
1254 1899 1321 1939 10·
1377 1897 1482 1934 Am..

228 1954 284 1993 ib.
306 1967 345 1994 v
365 1957 432 1996 19.
491 1948 762 2007 Μαιανδρου]
794 1955 910 1991 Anna
934 1954 1134 1991 Comuena
1156 1951 1376 1991 Alexiados
1401 1954 1472 1990 lib.
1494 1950 1570 1994 14.

115 2008 294 2064 ποταμός
328 2009 372 2052 δὲ
408 2010 429 2052 ὁ
455 2011 696 2063 Μαίανδρος
723 2009 815 2063 περὶ
846 2010 1044 2076 Φρυγίαν,
1092 2006 1353 2058 σκολιώτατος
1380 2011 1572 2062 ποταμῶν

116 2065 328 2117 ἁπάντων,
357 2083 424 2107 και
441 2065 602 2137 καμπὰς
620 2071 794 2118 συνεχεῖς
813 2062 1067 2117 ποιούμενος.

229 2139 270 2177 Ρ.
296 2125 345 2165 18
366 2137 403 2162 v.
425 2126 464 2164 9.
522 2118 577 2175 ἦν
595 2121 638 2163 δὲ
657 2120 785 2174 ἅπαν]
819 2124 1068 2174 Gregorasp.
1095 2124 1146 2164 18
1178 2122 1243 2164 15-
1299 2123 1404 2161 Am,

229 2181 284 2218 ib.
317 2182 452 2221 v.12.
519 2175 634 2233 ἐγγύς
658 2195 738 2220 που
763 2181 863 2234 γοῦν
890 2176 1128 2233 γενόμενος]
1165 2191 1339 2230 namque
1367 2177 1432 2215 die
1457 2178 1573 2216 tertio

118 2244 278 2290 superat
306 2238 453 2275 montis
475 2237 636 2288 Olympi
663 2237 885 2286 angustias,
926 2249 1027 2288 quae
1053 2237 1096 2272 in
1120 2235 1342 2272 maximam
1370 2241 1574 2286 porrectae

117 2292 410 2346 longitudinem
428 2292 660 2345 Bithyniam
682 2300 720 2330 et
736 2291 953 2344 Phrygiam
972 2299 1178 2343 utramque
1201 2290 1488 2339 disterminant,
1507 2292 1579 2328 illa

117 2363 256 2389 versus
276 2351 583 2402 septentrionem
604 2348 840 2397 declinante,
870 2347 933 2386 his
951 2361 1087 2386 versus
1109 2347 1318 2385 Meridiem
1337 2355 1375 2385 et
1397 2354 1576 2385 austrum

119 2409 231 2455 sitis3
263 2419 341 2459 quo
361 2405 426 2444 die
443 2405 654 2444 undecimo
674 2419 763 2443 cum
784 2406 1040 2457 pervenisset,
1076 2405 1284 2455 Caystrum
1304 2405 1461 2453 traiicit,
1491 2411 1574 2441 tam

119 2464 287 2515 longum
306 2464 383 2501 iter
397 2470 482 2501 tam
495 2463 607 2501 brevi
626 2462 780 2500 dierum
802 2462 1010 2499 intervallo
1028 2474 1226 2499 emensus.
1283 2463 1387 2499 Am..

235 2519 291 2558 ib.
313 2533 354 2558 v.
377 2519 444 2561 15.
499 2516 730 2561 Δύσπιστον
753 2517 906 2573 ἐκείνῳ]
937 2519 1130 2569 Gregoras
1149 2531 1189 2568 p.
1210 2519 1259 2559 18
1289 2515 1358 2558 24.
1414 2517 1519 2554 Au..

234 2576 289 2614 ib.
311 2589 350 2613 v-
375 2578 441 2618 16.
498 2591 519 2616 o
541 2573 723 2627 σουλτάν]
755 2577 949 2626 Gregoras
965 2589 1005 2626 Ρ.
1029 2577 1078 2615 19
1111 2575 1177 2614 12.
1231 2575 1334 2610 Am..

233 2632 442 2672 ih.v.18.
501 2631 737 2684 ἐμπίπτουσι
751 2633 864 2687 γοῦν]
897 2633 1089 2681 Gregoras
1109 2644 1149 2681 Ρ.
1173 2631 1223 2669 19
1245 2628 1314 2670 24.
1344 2642 1477 2666 rarum
1495 2629 1579 2667 for-

123 2686 318 2738 titudinis,
342 2701 476 2726 rarum
490 2691 645 2727 virtutis
663 2690 829 2727 bellicae
849 2684 1104 2740 exemplum'
1136 2699 1158 2723 o
1177 2687 1329 2724 animos
1347 2688 1578 2723 aeternitate

125 2744 281 2797 dignos,
300 2758 421 2798 quam
437 2745 540 2782 sibi
529 2747 606 2797 ipsi
623 2759 693 2783 sua
710 2753 837 2782 morte
853 2741 1062 2812 peperere!
1085 2755 1108 2779 o
1126 2755 1286 2793 cmpora
1302 2741 1418 2779 cedro
1436 2740 1578 2792 digna'

125 2815 149 2840 o
167 2803 307 2853 plagas
325 2802 413 2838 illas
433 2801 586 2840 stellis
576 2803 671 2868 lpsis
692 2799 946 2839 illustriores'
972 2796 1004 2839 ὠ
1022 2814 1093 2850 της
1109 2794 1270 2848 φύσεως
1290 2794 1580 2851 περισσότεροι]

125 2860 227 2897 mori
243 2865 468 2911 potueruut,
499 2859 604 2896 vinci
625 2865 691 2896 aut
710 2857 856 2909 pedem
879 2857 1022 2894 referre
1041 2869 1121 2893 non
1140 2856 1469 2907 potuerunt.A1
1474 2867 1511 2892 L.
