<?xml version="1.0" encoding="UTF-8"?>
<!DOCTYPE html PUBLIC "-//W3C//DTD XHTML 1.0 Transitional//EN"
    "http://www.w3.org/TR/xhtml1/DTD/xhtml1-transitional.dtd">
<html xmlns="http://www.w3.org/1999/xhtml" xml:lang="en" lang="en">
 <head>
  <title>
</title>
<meta http-equiv="Content-Type" content="text/html;charset=utf-8" />
  <meta name='ocr-system' content='tesseract 3.04.00' />
  <meta name='ocr-capabilities' content='ocr_page ocr_carea ocr_par ocr_line ocrx_word'/>
</head>
<body>
  <div class='ocr_page' id='page_1' title='image "./corpusscriptorum06niebuoft_0203.png"; bbox 0 0 1872 3236; ppageno 0'>
   <div class='ocr_carea' id='block_1_1' title="bbox 0 0 171 191">
    <p class='ocr_par' dir='ltr' id='par_1_1' title="bbox 0 0 171 191">
     <span class='ocr_line' id='line_1_1' title="bbox 0 0 171 191; baseline 0 3045"><span class='ocrx_word' id='word_1_1' title='bbox 0 0 171 191; x_wconf 95' lang='lat' dir='ltr'><strong><em> </em></strong></span> 
     </span>
    </p>
   </div>
   <div class='ocr_carea' id='block_1_2' title="bbox 441 173 1585 248">
    <p class='ocr_par' dir='ltr' id='par_1_2' title="bbox 441 173 1585 248">
     <span class='ocr_line' id='line_1_2' title="bbox 441 173 1585 248; baseline -0.001 0"><span class='ocrx_word' id='word_1_2' title='bbox 441 199 819 248; x_wconf 70' lang='lat' dir='ltr'><strong>comENnmm</strong></span> <span class='ocrx_word' id='word_1_3' title='bbox 853 200 1200 248; x_wconf 70' lang='lat' dir='ltr'><strong>cunomcm</strong></span> <span class='ocrx_word' id='word_1_4' title='bbox 1260 173 1263 175; x_wconf 48' lang='grc'>“</span> <span class='ocrx_word' id='word_1_5' title='bbox 1488 197 1585 247; x_wconf 82' lang='lat'><strong><em>187</em></strong></span> 
     </span>
    </p>
   </div>
   <div class='ocr_carea' id='block_1_3' title="bbox 126 312 1601 2051">
    <p class='ocr_par' dir='ltr' id='par_1_3' title="bbox 126 312 1601 2051">
     <span class='ocr_line' id='line_1_3' title="bbox 261 312 1343 375; baseline -0.004 -13"><span class='ocrx_word' id='word_1_6' title='bbox 261 319 329 362; x_wconf 80' lang='grc' dir='ltr'><strong><em>καὶ</em></strong></span> <span class='ocrx_word' id='word_1_7' title='bbox 343 313 465 362; x_wconf 73' lang='grc' dir='ltr'><strong><em>πάλιν</em></strong></span> <span class='ocrx_word' id='word_1_8' title='bbox 483 313 793 375; x_wconf 77' lang='grc' dir='ltr'><strong><em>πυριμάρμαροι</em></strong></span> <span class='ocrx_word' id='word_1_9' title='bbox 811 317 992 375; x_wconf 81' lang='grc' dir='ltr'><strong><em>χαρίτων</em></strong></span> <span class='ocrx_word' id='word_1_10' title='bbox 1012 312 1286 372; x_wconf 80' lang='grc' dir='ltr'><strong><em>στιλβηδόνες,</em></strong></span> <span class='ocrx_word' id='word_1_11' title='bbox 1324 327 1343 342; x_wconf 68' lang='lat'><em>³</em></span> 
     </span>
     <span class='ocr_line' id='line_1_4' title="bbox 126 383 1199 442; baseline -0.004 -10"><span class='ocrx_word' id='word_1_12' title='bbox 126 386 239 432; x_wconf 74' lang='lat'><strong>4355</strong></span> <span class='ocrx_word' id='word_1_13' title='bbox 261 389 329 431; x_wconf 79' lang='grc' dir='ltr'><strong><em>καὶ</em></strong></span> <span class='ocrx_word' id='word_1_14' title='bbox 349 384 471 430; x_wconf 76' lang='grc' dir='ltr'><strong><em>πάλιν</em></strong></span> <span class='ocrx_word' id='word_1_15' title='bbox 491 386 731 429; x_wconf 75' lang='grc' dir='ltr'><strong><em>ἀνατέταλκε</em></strong></span> <span class='ocrx_word' id='word_1_16' title='bbox 750 389 823 441; x_wconf 82' lang='grc' dir='ltr'><strong><em>τῆς</em></strong></span> <span class='ocrx_word' id='word_1_17' title='bbox 840 387 1010 437; x_wconf 85' lang='grc' dir='ltr'><strong><em>πίστεως</em></strong></span> <span class='ocrx_word' id='word_1_18' title='bbox 1026 383 1048 428; x_wconf 81' lang='grc' dir='ltr'><em>ὃ</em></span> <span class='ocrx_word' id='word_1_19' title='bbox 1066 383 1199 442; x_wconf 88' lang='grc' dir='ltr'><strong><em>λόγος.</em></strong></span> 
     </span>
     <span class='ocr_line' id='line_1_5' title="bbox 261 448 1385 512; baseline -0.005 -13"><span class='ocrx_word' id='word_1_20' title='bbox 261 456 579 512; x_wconf 77' lang='grc' dir='ltr'><strong><em>ἄναστηλοῦνται</em></strong></span> <span class='ocrx_word' id='word_1_21' title='bbox 601 454 652 498; x_wconf 81' lang='grc' dir='ltr'><strong><em>τὰ</em></strong></span> <span class='ocrx_word' id='word_1_22' title='bbox 674 452 814 506; x_wconf 85' lang='grc' dir='ltr'><strong><em>σεπτά,</em></strong></span> <span class='ocrx_word' id='word_1_23' title='bbox 846 452 1074 509; x_wconf 75' lang='grc' dir='ltr'><strong><em>λάμπουσιν</em></strong></span> <span class='ocrx_word' id='word_1_24' title='bbox 1093 454 1136 496; x_wconf 79' lang='grc' dir='ltr'><strong><em>αἱ</em></strong></span> <span class='ocrx_word' id='word_1_25' title='bbox 1151 448 1385 511; x_wconf 79' lang='grc' dir='ltr'><strong><em>μορφώσεις</em></strong></span> 
     </span>
     <span class='ocr_line' id='line_1_6' title="bbox 262 518 1449 581; baseline -0.002 -14"><span class='ocrx_word' id='word_1_26' title='bbox 262 525 306 568; x_wconf 76' lang='grc' dir='ltr'><strong><em>αἱ</em></strong></span> <span class='ocrx_word' id='word_1_27' title='bbox 322 529 403 568; x_wconf 81' lang='grc' dir='ltr'><strong><em>τῶν</em></strong></span> <span class='ocrx_word' id='word_1_28' title='bbox 419 522 639 581; x_wconf 81' lang='grc' dir='ltr'><strong><em>μαρτύρων</em></strong></span> <span class='ocrx_word' id='word_1_29' title='bbox 659 525 727 567; x_wconf 80' lang='grc' dir='ltr'><strong><em>καὶ</em></strong></span> <span class='ocrx_word' id='word_1_30' title='bbox 743 526 931 581; x_wconf 81' lang='grc' dir='ltr'><strong><em>Χριστοῦ</em></strong></span> <span class='ocrx_word' id='word_1_31' title='bbox 951 524 1019 565; x_wconf 82' lang='grc' dir='ltr'><strong><em>καὶ</em></strong></span> <span class='ocrx_word' id='word_1_32' title='bbox 1038 526 1112 576; x_wconf 83' lang='grc' dir='ltr'><strong><em>τῆς</em></strong></span> <span class='ocrx_word' id='word_1_33' title='bbox 1129 522 1251 565; x_wconf 76' lang='grc' dir='ltr'><strong><em>αὐτὸν</em></strong></span> <span class='ocrx_word' id='word_1_34' title='bbox 1267 518 1449 578; x_wconf 79' lang='grc' dir='ltr'><strong><em>τεξάσης.</em></strong></span> 
     </span>
     <span class='ocr_line' id='line_1_7' title="bbox 324 588 1215 651; baseline -0.007 -13"><span class='ocrx_word' id='word_1_35' title='bbox 324 593 448 638; x_wconf 77' lang='grc' dir='ltr'><strong><em>Ἀλλὰ</em></strong></span> <span class='ocrx_word' id='word_1_36' title='bbox 464 593 541 651; x_wconf 76' lang='grc' dir='ltr'><strong><em>γὰρ</em></strong></span> <span class='ocrx_word' id='word_1_37' title='bbox 560 591 780 650; x_wconf 71' lang='grc' dir='ltr'><strong><em>ἐξῃτήσατο</em></strong></span> <span class='ocrx_word' id='word_1_38' title='bbox 799 594 867 635; x_wconf 82' lang='grc' dir='ltr'><strong><em>καὶ</em></strong></span> <span class='ocrx_word' id='word_1_39' title='bbox 886 589 1006 634; x_wconf 84' lang='grc' dir='ltr'><strong><em>πάλιν</em></strong></span> <span class='ocrx_word' id='word_1_40' title='bbox 1022 588 1043 633; x_wconf 83' lang='grc' dir='ltr'><strong>ὅ</strong></span> <span class='ocrx_word' id='word_1_41' title='bbox 1068 592 1215 648; x_wconf 83' lang='grc' dir='ltr'><strong><em>Βελίαρ</em></strong></span> 
     </span>
     <span class='ocr_line' id='line_1_8' title="bbox 263 658 1198 719; baseline -0.005 -13"><span class='ocrx_word' id='word_1_42' title='bbox 263 662 333 706; x_wconf 86' lang='grc' dir='ltr'><strong><em>τὸν</em></strong></span> <span class='ocrx_word' id='word_1_43' title='bbox 350 662 514 719; x_wconf 80' lang='grc' dir='ltr'><strong><em>Ἰσραὴλ</em></strong></span> <span class='ocrx_word' id='word_1_44' title='bbox 531 661 600 704; x_wconf 80' lang='grc' dir='ltr'><strong><em>τὸν</em></strong></span> <span class='ocrx_word' id='word_1_45' title='bbox 616 661 798 705; x_wconf 76' lang='grc' dir='ltr'><strong><em>ἐκλεκτὸν</em></strong></span> <span class='ocrx_word' id='word_1_46' title='bbox 819 658 875 712; x_wconf 81' lang='grc' dir='ltr'><strong><em>ὥς</em></strong></span> <span class='ocrx_word' id='word_1_47' title='bbox 892 667 1002 704; x_wconf 83' lang='grc' dir='ltr'><strong><em>σῖτον</em></strong></span> <span class='ocrx_word' id='word_1_48' title='bbox 1021 658 1198 703; x_wconf 75' lang='grc' dir='ltr'><strong><em>σινιάσαι</em></strong></span> 
     </span>
     <span class='ocr_line' id='line_1_9' title="bbox 126 724 1371 788; baseline -0.006 -12"><span class='ocrx_word' id='word_1_49' title='bbox 126 732 239 776; x_wconf 80' lang='lat'><strong>4360</strong></span> <span class='ocrx_word' id='word_1_50' title='bbox 261 730 395 787; x_wconf 72' lang='grc' dir='ltr'><strong><em>(οὕπω</em></strong></span> <span class='ocrx_word' id='word_1_51' title='bbox 413 732 480 773; x_wconf 81' lang='grc' dir='ltr'><strong><em>καὶ</em></strong></span> <span class='ocrx_word' id='word_1_52' title='bbox 499 728 601 788; x_wconf 81' lang='grc' dir='ltr'><strong><em>γάρ,</em></strong></span> <span class='ocrx_word' id='word_1_53' title='bbox 631 729 687 783; x_wconf 84' lang='grc' dir='ltr'><strong><em>ὡς</em></strong></span> <span class='ocrx_word' id='word_1_54' title='bbox 707 730 844 782; x_wconf 66' lang='grc' dir='ltr'><strong><em>ἔοικεν,</em></strong></span> <span class='ocrx_word' id='word_1_55' title='bbox 880 727 1111 788; x_wconf 77' lang='grc' dir='ltr'><strong><em>ἀρκούντως</em></strong></span> <span class='ocrx_word' id='word_1_56' title='bbox 1127 724 1371 782; x_wconf 74' lang='grc' dir='ltr'><strong><em>ἐκολάσθη),</em></strong></span> 
     </span>
     <span class='ocr_line' id='line_1_10' title="bbox 261 798 1321 856; baseline -0.005 -13"><span class='ocrx_word' id='word_1_57' title='bbox 261 801 330 844; x_wconf 83' lang='grc' dir='ltr'><strong><em>καὶ</em></strong></span> <span class='ocrx_word' id='word_1_58' title='bbox 349 798 468 842; x_wconf 81' lang='grc' dir='ltr'><strong><em>πάλιν</em></strong></span> <span class='ocrx_word' id='word_1_59' title='bbox 488 798 774 856; x_wconf 75' lang='grc' dir='ltr'><strong><em>ἐπεστράτευσε</em></strong></span> <span class='ocrx_word' id='word_1_60' title='bbox 797 800 894 850; x_wconf 80' lang='grc' dir='ltr'><strong><em>τοὺς</em></strong></span> <span class='ocrx_word' id='word_1_61' title='bbox 917 799 1092 852; x_wconf 76' lang='grc' dir='ltr'><strong><em>εὐσεβεῖς</em></strong></span> <span class='ocrx_word' id='word_1_62' title='bbox 1110 798 1321 851; x_wconf 56' lang='grc' dir='ltr'><strong><em>ἔκθλίψων</em></strong></span> 
     </span>
     <span class='ocr_line' id='line_1_11' title="bbox 263 863 1376 926; baseline -0.005 -13"><span class='ocrx_word' id='word_1_63' title='bbox 263 867 319 920; x_wconf 83' lang='grc' dir='ltr'><strong><em>ὡς</em></strong></span> <span class='ocrx_word' id='word_1_64' title='bbox 333 868 497 926; x_wconf 76' lang='grc' dir='ltr'><strong><em>Ἰσραὴλ</em></strong></span> <span class='ocrx_word' id='word_1_65' title='bbox 517 869 834 926; x_wconf 72' lang='grc' dir='ltr'><strong><em>Χουσαρσαθὲμ</em></strong></span> <span class='ocrx_word' id='word_1_66' title='bbox 857 866 878 910; x_wconf 83' lang='grc' dir='ltr'><strong>ὃ</strong></span> <span class='ocrx_word' id='word_1_67' title='bbox 901 866 1047 924; x_wconf 77' lang='grc' dir='ltr'><strong><em>Σύρων</em></strong></span> <span class='ocrx_word' id='word_1_68' title='bbox 1067 863 1376 923; x_wconf 82' lang='grc' dir='ltr'><strong><em>σατραπάρχης.</em></strong></span> 
     </span>
     <span class='ocr_line' id='line_1_12' title="bbox 261 933 1286 992; baseline -0.003 -12"><span class='ocrx_word' id='word_1_69' title='bbox 261 939 306 982; x_wconf 89' lang='grc' dir='ltr'><strong><em>τί</em></strong></span> <span class='ocrx_word' id='word_1_70' title='bbox 322 938 366 980; x_wconf 74' lang='grc' dir='ltr'><strong><em>δὲ</em></strong></span> <span class='ocrx_word' id='word_1_71' title='bbox 383 939 450 980; x_wconf 82' lang='grc' dir='ltr'><strong><em>καὶ</em></strong></span> <span class='ocrx_word' id='word_1_72' title='bbox 472 944 586 988; x_wconf 80' lang='grc' dir='ltr'><strong><em>ποῖον</em></strong></span> <span class='ocrx_word' id='word_1_73' title='bbox 606 938 652 980; x_wconf 82' lang='grc' dir='ltr'><strong><em>τὸ</em></strong></span> <span class='ocrx_word' id='word_1_74' title='bbox 676 936 853 992; x_wconf 79' lang='grc' dir='ltr'><strong><em>συμβάν,</em></strong></span> <span class='ocrx_word' id='word_1_75' title='bbox 889 935 910 979; x_wconf 79' lang='grc' dir='ltr'><em>ὃ</em></span> <span class='ocrx_word' id='word_1_76' title='bbox 933 934 1049 992; x_wconf 85' lang='grc' dir='ltr'><strong><em>λόγος</em></strong></span> <span class='ocrx_word' id='word_1_77' title='bbox 1070 933 1286 992; x_wconf 79' lang='grc' dir='ltr'><strong><em>ἱστορήσει.</em></strong></span> 
     </span>
     <span class='ocr_line' id='line_1_13' title="bbox 333 999 1471 1062; baseline -0.004 -13"><span class='ocrx_word' id='word_1_78' title='bbox 333 1005 395 1049; x_wconf 79' lang='grc' dir='ltr'><strong><em>Οὐ</em></strong></span> <span class='ocrx_word' id='word_1_79' title='bbox 416 1007 541 1062; x_wconf 77' lang='grc' dir='ltr'><strong><em>στέγει</em></strong></span> <span class='ocrx_word' id='word_1_80' title='bbox 563 1005 637 1061; x_wconf 85' lang='grc' dir='ltr'><strong><em>τὴν</em></strong></span> <span class='ocrx_word' id='word_1_81' title='bbox 659 1005 892 1049; x_wconf 79' lang='grc' dir='ltr'><strong><em>ἀπόπτωσιν</em></strong></span> <span class='ocrx_word' id='word_1_82' title='bbox 911 1005 985 1061; x_wconf 83' lang='grc' dir='ltr'><strong><em>τὴν</em></strong></span> <span class='ocrx_word' id='word_1_83' title='bbox 1004 1009 1076 1060; x_wconf 78' lang='grc' dir='ltr'><strong><em>τῆς</em></strong></span> <span class='ocrx_word' id='word_1_84' title='bbox 1100 1004 1229 1061; x_wconf 75' lang='grc' dir='ltr'><strong><em>ἀρχῆς</em></strong></span> <span class='ocrx_word' id='word_1_85' title='bbox 1250 1001 1271 1045; x_wconf 85' lang='grc' dir='ltr'><strong>ὃ</strong></span> <span class='ocrx_word' id='word_1_86' title='bbox 1295 999 1471 1059; x_wconf 81' lang='grc' dir='ltr'><strong><em>δράκων.</em></strong></span> 
     </span>
     <span class='ocr_line' id='line_1_14' title="bbox 127 1069 1474 1132; baseline -0.004 -14"><span class='ocrx_word' id='word_1_87' title='bbox 127 1075 238 1118; x_wconf 77' lang='grc'><strong>4365</strong></span> <span class='ocrx_word' id='word_1_88' title='bbox 260 1078 517 1132; x_wconf 75' lang='grc' dir='ltr'><strong><em>βαρυθυμεῒ,</em></strong></span> <span class='ocrx_word' id='word_1_89' title='bbox 552 1077 795 1118; x_wconf 72' lang='grc' dir='ltr'><strong><em>παθαίνεται</em></strong></span> <span class='ocrx_word' id='word_1_90' title='bbox 806 1108 820 1127; x_wconf 87' lang='grc'><strong><em>,</em></strong></span> <span class='ocrx_word' id='word_1_91' title='bbox 855 1078 1058 1117; x_wconf 82' lang='grc' dir='ltr'><strong><em>κοινοῦται</em></strong></span> <span class='ocrx_word' id='word_1_92' title='bbox 1078 1079 1163 1123; x_wconf 79' lang='grc' dir='ltr'><strong><em>τοῖς</em></strong></span> <span class='ocrx_word' id='word_1_93' title='bbox 1184 1069 1474 1129; x_wconf 82' lang='grc' dir='ltr'><strong><em>στρατάρχαις,</em></strong></span> 
     </span>
     <span class='ocr_line' id='line_1_15' title="bbox 264 1143 1281 1201; baseline -0.003 -16"><span class='ocrx_word' id='word_1_94' title='bbox 264 1145 535 1201; x_wconf 75' lang='grc' dir='ltr'><strong><em>προσφέρεται</em></strong></span> <span class='ocrx_word' id='word_1_95' title='bbox 558 1149 800 1196; x_wconf 80' lang='grc' dir='ltr'><strong><em>κολακικῶς,</em></strong></span> <span class='ocrx_word' id='word_1_96' title='bbox 835 1144 989 1186; x_wconf 73' lang='grc' dir='ltr'><strong><em>ἐλπίσιν</em></strong></span> <span class='ocrx_word' id='word_1_97' title='bbox 1011 1143 1281 1198; x_wconf 74' lang='grc' dir='ltr'><strong><em>ἔκθερμαίνει,</em></strong></span> 
     </span>
     <span class='ocr_line' id='line_1_16' title="bbox 262 1209 1270 1269; baseline -0.002 -15"><span class='ocrx_word' id='word_1_98' title='bbox 262 1214 319 1262; x_wconf 72' lang='grc' dir='ltr'><strong><em>εἰς</em></strong></span> <span class='ocrx_word' id='word_1_99' title='bbox 338 1210 482 1254; x_wconf 68' lang='grc' dir='ltr'><strong><em>ἑαυτὸν</em></strong></span> <span class='ocrx_word' id='word_1_100' title='bbox 503 1213 710 1269; x_wconf 74' lang='grc' dir='ltr'><strong><em>ἐφέλκεται</em></strong></span> <span class='ocrx_word' id='word_1_101' title='bbox 727 1210 949 1269; x_wconf 82' lang='grc' dir='ltr'><strong><em>χωράρχας</em></strong></span> <span class='ocrx_word' id='word_1_102' title='bbox 969 1209 1270 1267; x_wconf 82' lang='grc' dir='ltr'><strong><em>κλιματάρχας,</em></strong></span> 
     </span>
     <span class='ocr_line' id='line_1_17' title="bbox 263 1278 1326 1338; baseline -0.002 -16"><span class='ocrx_word' id='word_1_103' title='bbox 263 1282 331 1322; x_wconf 86' lang='grc' dir='ltr'><strong><em>καὶ</em></strong></span> <span class='ocrx_word' id='word_1_104' title='bbox 355 1278 526 1334; x_wconf 77' lang='grc' dir='ltr'><strong><em>δύναμιν</em></strong></span> <span class='ocrx_word' id='word_1_105' title='bbox 548 1279 797 1335; x_wconf 80' lang='grc' dir='ltr'><strong><em>κτησάμενος</em></strong></span> <span class='ocrx_word' id='word_1_106' title='bbox 818 1286 990 1338; x_wconf 79' lang='grc' dir='ltr'><strong><em>βαρεῖαν</em></strong></span> <span class='ocrx_word' id='word_1_107' title='bbox 1012 1278 1326 1338; x_wconf 82' lang='grc' dir='ltr'><strong><em>στρατευμάτων</em></strong></span> 
     </span>
     <span class='ocr_line' id='line_1_18' title="bbox 264 1346 1375 1408; baseline -0.002 -18"><span class='ocrx_word' id='word_1_108' title='bbox 264 1346 399 1403; x_wconf 79' lang='grc' dir='ltr'><strong><em>μάχην</em></strong></span> <span class='ocrx_word' id='word_1_109' title='bbox 422 1347 612 1391; x_wconf 66' lang='grc' dir='ltr'><strong><em>συνάπτει</em></strong></span> <span class='ocrx_word' id='word_1_110' title='bbox 635 1347 848 1406; x_wconf 82' lang='grc' dir='ltr'><strong><em>καρτεράν,</em></strong></span> <span class='ocrx_word' id='word_1_111' title='bbox 879 1348 982 1408; x_wconf 71' lang='grc' dir='ltr'><strong><em>ἡττᾷ</em></strong></span> <span class='ocrx_word' id='word_1_112' title='bbox 1002 1349 1097 1398; x_wconf 76' lang='grc' dir='ltr'><strong><em>τοὺς</em></strong></span> <span class='ocrx_word' id='word_1_113' title='bbox 1115 1346 1375 1401; x_wconf 76' lang='grc' dir='ltr'><strong><em>ἀντιμάχους,</em></strong></span> 
     </span>
     <span class='ocr_line' id='line_1_19' title="bbox 127 1412 1441 1477; baseline 0.001 -19"><span class='ocrx_word' id='word_1_114' title='bbox 127 1412 241 1460; x_wconf 81' lang='lat'>4370</span> <span class='ocrx_word' id='word_1_115' title='bbox 263 1421 483 1474; x_wconf 87' lang='grc' dir='ltr'><strong><em>τροποῦται</em></strong></span> <span class='ocrx_word' id='word_1_116' title='bbox 504 1417 574 1460; x_wconf 82' lang='grc' dir='ltr'><strong><em>τὸν</em></strong></span> <span class='ocrx_word' id='word_1_117' title='bbox 587 1416 889 1474; x_wconf 76' lang='grc' dir='ltr'><strong><em>Ἀρτάβασὸον,</em></strong></span> <span class='ocrx_word' id='word_1_118' title='bbox 925 1421 1036 1477; x_wconf 72' lang='grc' dir='ltr'><strong><em>νικᾷ,</em></strong></span> <span class='ocrx_word' id='word_1_119' title='bbox 1068 1420 1276 1473; x_wconf 76' lang='grc' dir='ltr'><strong><em>χειροῦται</em></strong></span> <span class='ocrx_word' id='word_1_120' title='bbox 1299 1418 1441 1469; x_wconf 80' lang='grc' dir='ltr'><strong><em>ζῶντα,</em></strong></span> 
     </span>
     <span class='ocr_line' id='line_1_20' title="bbox 264 1483 1509 1543; baseline 0 -15"><span class='ocrx_word' id='word_1_121' title='bbox 264 1487 333 1528; x_wconf 84' lang='grc' dir='ltr'><strong><em>καὶ</em></strong></span> <span class='ocrx_word' id='word_1_122' title='bbox 353 1485 426 1541; x_wconf 86' lang='grc' dir='ltr'><strong><em>τὴν</em></strong></span> <span class='ocrx_word' id='word_1_123' title='bbox 447 1483 577 1543; x_wconf 83' lang='grc' dir='ltr'><strong><em>ὁρμὴν</em></strong></span> <span class='ocrx_word' id='word_1_124' title='bbox 603 1488 670 1529; x_wconf 84' lang='grc' dir='ltr'><strong><em>καὶ</em></strong></span> <span class='ocrx_word' id='word_1_125' title='bbox 695 1486 768 1541; x_wconf 85' lang='grc' dir='ltr'><strong><em>τὴν</em></strong></span> <span class='ocrx_word' id='word_1_126' title='bbox 794 1485 916 1543; x_wconf 81' lang='grc' dir='ltr'><strong><em>ὀργὴν</em></strong></span> <span class='ocrx_word' id='word_1_127' title='bbox 938 1488 1005 1528; x_wconf 86' lang='grc' dir='ltr'><strong><em>καὶ</em></strong></span> <span class='ocrx_word' id='word_1_128' title='bbox 1027 1489 1101 1528; x_wconf 86' lang='grc' dir='ltr'><strong><em>τοῦ</em></strong></span> <span class='ocrx_word' id='word_1_129' title='bbox 1124 1488 1267 1539; x_wconf 72' lang='grc' dir='ltr'><strong><em>θυμοῦ</em></strong></span> <span class='ocrx_word' id='word_1_130' title='bbox 1285 1485 1359 1539; x_wconf 79' lang='grc' dir='ltr'><strong><em>τὴν</em></strong></span> <span class='ocrx_word' id='word_1_131' title='bbox 1382 1486 1509 1541; x_wconf 80' lang='grc' dir='ltr'><strong><em>ἀλκὴν</em></strong></span> 
     </span>
     <span class='ocr_line' id='line_1_21' title="bbox 263 1554 1357 1611; baseline -0.002 -14"><span class='ocrx_word' id='word_1_132' title='bbox 263 1558 338 1598; x_wconf 86' lang='grc' dir='ltr'><strong><em>τοῦ</em></strong></span> <span class='ocrx_word' id='word_1_133' title='bbox 361 1557 587 1609; x_wconf 79' lang='grc' dir='ltr'><strong><em>δυστυχοῦς</em></strong></span> <span class='ocrx_word' id='word_1_134' title='bbox 606 1556 672 1597; x_wconf 80' lang='grc' dir='ltr'><strong><em>καὶ</em></strong></span> <span class='ocrx_word' id='word_1_135' title='bbox 695 1559 934 1610; x_wconf 75' lang='grc' dir='ltr'><strong><em>τληπαθοῦς</em></strong></span> <span class='ocrx_word' id='word_1_136' title='bbox 957 1554 1136 1611; x_wconf 82' lang='grc' dir='ltr'><strong><em>ἄκρατον</em></strong></span> <span class='ocrx_word' id='word_1_137' title='bbox 1158 1554 1357 1608; x_wconf 79' lang='grc' dir='ltr'><strong><em>καταχέει,</em></strong></span> 
     </span>
     <span class='ocr_line' id='line_1_22' title="bbox 264 1621 1445 1680; baseline -0.001 -13"><span class='ocrx_word' id='word_1_138' title='bbox 264 1624 332 1667; x_wconf 82' lang='grc' dir='ltr'><strong><em>καὶ</em></strong></span> <span class='ocrx_word' id='word_1_139' title='bbox 353 1627 435 1667; x_wconf 78' lang='grc' dir='ltr'><strong><em>τῶν</em></strong></span> <span class='ocrx_word' id='word_1_140' title='bbox 456 1621 651 1678; x_wconf 77' lang='grc' dir='ltr'><strong><em>ὀμμάτων</em></strong></span> <span class='ocrx_word' id='word_1_141' title='bbox 671 1625 858 1678; x_wconf 77' lang='grc' dir='ltr'><strong><em>σβέννυσι</em></strong></span> <span class='ocrx_word' id='word_1_142' title='bbox 880 1623 954 1674; x_wconf 78' lang='grc' dir='ltr'><strong><em>τὰς</em></strong></span> <span class='ocrx_word' id='word_1_143' title='bbox 975 1629 1189 1680; x_wconf 80' lang='grc' dir='ltr'><strong><em>φεραυγεῖς</em></strong></span> <span class='ocrx_word' id='word_1_144' title='bbox 1211 1621 1445 1678; x_wconf 78' lang='grc' dir='ltr'><strong><em>λαμπάδας.</em></strong></span> 
     </span>
     <span class='ocr_line' id='line_1_23' title="bbox 265 1690 1222 1750; baseline -0.002 -15"><span class='ocrx_word' id='word_1_145' title='bbox 265 1693 334 1735; x_wconf 82' lang='grc' dir='ltr'><strong><em>καὶ</em></strong></span> <span class='ocrx_word' id='word_1_146' title='bbox 354 1690 519 1735; x_wconf 80' lang='grc' dir='ltr'><strong><em>πάλινὸ</em></strong></span> <span class='ocrx_word' id='word_1_147' title='bbox 537 1690 733 1747; x_wconf 72' lang='grc' dir='ltr'><strong><em>μισόθεος</em></strong></span> <span class='ocrx_word' id='word_1_148' title='bbox 756 1699 879 1750; x_wconf 80' lang='grc' dir='ltr'><strong><em>φορεῖ</em></strong></span> <span class='ocrx_word' id='word_1_149' title='bbox 894 1692 967 1747; x_wconf 81' lang='grc' dir='ltr'><strong><em>τὴν</em></strong></span> <span class='ocrx_word' id='word_1_150' title='bbox 987 1691 1222 1748; x_wconf 73' lang='grc' dir='ltr'><strong><em>ἁλουργίδα,</em></strong></span> 
     </span>
     <span class='ocr_line' id='line_1_24' title="bbox 127 1758 1431 1819; baseline -0.002 -16"><span class='ocrx_word' id='word_1_151' title='bbox 127 1758 238 1804; x_wconf 81' lang='grc'>4375</span> <span class='ocrx_word' id='word_1_152' title='bbox 262 1759 383 1803; x_wconf 88' lang='grc' dir='ltr'><strong><em>πάλιν</em></strong></span> <span class='ocrx_word' id='word_1_153' title='bbox 404 1758 425 1804; x_wconf 85' lang='grc' dir='ltr'><strong>ὅ</strong></span> <span class='ocrx_word' id='word_1_154' title='bbox 447 1760 535 1818; x_wconf 70' lang='grc' dir='ltr'><strong><em>θὴρ</em></strong></span> <span class='ocrx_word' id='word_1_155' title='bbox 555 1768 900 1819; x_wconf 81' lang='grc' dir='ltr'><strong><em>σκηπτροκρατεΐ,</em></strong></span> <span class='ocrx_word' id='word_1_156' title='bbox 932 1759 1052 1803; x_wconf 81' lang='grc' dir='ltr'><strong><em>πάλιν</em></strong></span> <span class='ocrx_word' id='word_1_157' title='bbox 1069 1759 1280 1814; x_wconf 85' lang='grc' dir='ltr'><strong><em>Ῥωμαίων</em></strong></span> <span class='ocrx_word' id='word_1_158' title='bbox 1303 1758 1431 1818; x_wconf 73' lang='grc' dir='ltr'><strong><em>ἄρχει,</em></strong></span> 
     </span>
     <span class='ocr_line' id='line_1_25' title="bbox 264 1828 1253 1888; baseline -0.001 -16"><span class='ocrx_word' id='word_1_159' title='bbox 264 1831 332 1872; x_wconf 81' lang='grc' dir='ltr'><strong><em>καὶ</em></strong></span> <span class='ocrx_word' id='word_1_160' title='bbox 354 1831 502 1886; x_wconf 85' lang='grc' dir='ltr'><strong><em>γίνεται</em></strong></span> <span class='ocrx_word' id='word_1_161' title='bbox 523 1829 758 1888; x_wconf 86' lang='grc' dir='ltr'><strong><em>πικρότερος</em></strong></span> <span class='ocrx_word' id='word_1_162' title='bbox 777 1832 846 1873; x_wconf 87' lang='grc' dir='ltr'><strong><em>καὶ</em></strong></span> <span class='ocrx_word' id='word_1_163' title='bbox 869 1828 1253 1885; x_wconf 74' lang='grc' dir='ltr'><strong><em>Ναβουχοδονόσορ.</em></strong></span> 
     </span>
     <span class='ocr_line' id='line_1_26' title="bbox 263 1898 1309 1957; baseline -0.002 -16"><span class='ocrx_word' id='word_1_164' title='bbox 263 1899 306 1941; x_wconf 89' lang='grc' dir='ltr'><strong><em>τί</em></strong></span> <span class='ocrx_word' id='word_1_165' title='bbox 323 1902 441 1942; x_wconf 90' lang='grc' dir='ltr'><strong><em>τοῦτο</em></strong></span> <span class='ocrx_word' id='word_1_166' title='bbox 463 1898 509 1942; x_wconf 87' lang='grc' dir='ltr'><strong><em>τὸ</em></strong></span> <span class='ocrx_word' id='word_1_167' title='bbox 532 1901 845 1957; x_wconf 76' lang='grc' dir='ltr'><strong><em>παλίνστροφον,</em></strong></span> <span class='ocrx_word' id='word_1_168' title='bbox 881 1898 1029 1943; x_wconf 65' lang='grc' dir='ltr'><strong><em>(ἵστατε</em></strong></span> <span class='ocrx_word' id='word_1_169' title='bbox 1048 1899 1167 1956; x_wconf 79' lang='grc' dir='ltr'><strong><em>τροχὲ</em></strong></span> <span class='ocrx_word' id='word_1_170' title='bbox 1188 1899 1309 1953; x_wconf 81' lang='grc' dir='ltr'><strong><em>βίου,-</em></strong></span> 
     </span>
     <span class='ocr_line' id='line_1_27' title="bbox 219 2001 1601 2051; baseline -0.001 -10"><span class='ocrx_word' id='word_1_171' title='bbox 219 2017 256 2041; x_wconf 78' lang='lat' dir='ltr'><strong><em>v.</em></strong></span> <span class='ocrx_word' id='word_1_172' title='bbox 275 2004 367 2042; x_wconf 83' lang='lat'>4355</span> <span class='ocrx_word' id='word_1_173' title='bbox 386 2017 442 2042; x_wconf 89' lang='lat' dir='ltr'><strong>om</strong></span> <span class='ocrx_word' id='word_1_174' title='bbox 459 2008 493 2043; x_wconf 89' lang='lat' dir='ltr'>R</span> <span class='ocrx_word' id='word_1_175' title='bbox 690 2007 783 2043; x_wconf 88' lang='lat'>4357</span> <span class='ocrx_word' id='word_1_176' title='bbox 803 2006 866 2042; x_wconf 78' lang='grc' dir='ltr'><strong><em>καὶ</em></strong></span> <span class='ocrx_word' id='word_1_177' title='bbox 890 2007 966 2041; x_wconf 73' lang='grc' dir='ltr'><strong><em>τῶν</em></strong></span> <span class='ocrx_word' id='word_1_178' title='bbox 987 2018 1023 2051; x_wconf 87' lang='grc' dir='ltr'><strong><em>μ.</em></strong></span> <span class='ocrx_word' id='word_1_179' title='bbox 1050 2007 1120 2043; x_wconf 83' lang='grc' dir='ltr'><strong><em>τοῦ</em></strong></span> <span class='ocrx_word' id='word_1_180' title='bbox 1144 2009 1179 2042; x_wconf 82' lang='lat' dir='ltr'>R</span> <span class='ocrx_word' id='word_1_181' title='bbox 1378 2004 1470 2041; x_wconf 83' lang='lat'><strong>4359</strong></span> <span class='ocrx_word' id='word_1_182' title='bbox 1491 2001 1601 2039; x_wconf 62' lang='lat' dir='ltr'><strong>civeni-</strong></span> 
     </span>
    </p>
   </div>
   <div class='ocr_carea' id='block_1_4' title="bbox 217 2049 1603 2146">
    <p class='ocr_par' dir='ltr' id='par_1_4' title="bbox 217 2049 1603 2146">
     <span class='ocr_line' id='line_1_28' title="bbox 219 2049 1603 2098; baseline -0.001 -12"><span class='ocrx_word' id='word_1_183' title='bbox 219 2061 282 2087; x_wconf 86' lang='grc' dir='ltr'><strong><em>σαι</em></strong></span> <span class='ocrx_word' id='word_1_184' title='bbox 302 2054 332 2087; x_wconf 88' lang='grc' dir='ltr'><strong>Α</strong></span> <span class='ocrx_word' id='word_1_185' title='bbox 448 2052 539 2089; x_wconf 84' lang='grc'>4361</span> <span class='ocrx_word' id='word_1_186' title='bbox 562 2049 744 2096; x_wconf 78' lang='grc' dir='ltr'><strong><em>ἔκθλίψας</em></strong></span> <span class='ocrx_word' id='word_1_187' title='bbox 764 2054 823 2098; x_wconf 84' lang='grc' dir='ltr'><strong><em>Μ,</em></strong></span> <span class='ocrx_word' id='word_1_188' title='bbox 847 2052 1016 2088; x_wconf 77' lang='grc' dir='ltr'><strong><em>κολάσων</em></strong></span> <span class='ocrx_word' id='word_1_189' title='bbox 1039 2055 1070 2089; x_wconf 96' lang='grc' dir='ltr'><strong>Α</strong></span> <span class='ocrx_word' id='word_1_190' title='bbox 1184 2053 1277 2089; x_wconf 85' lang='grc'>4366</span> <span class='ocrx_word' id='word_1_191' title='bbox 1299 2050 1552 2097; x_wconf 75' lang='grc' dir='ltr'><strong><em>ἐκθερμαίνων</em></strong></span> <span class='ocrx_word' id='word_1_192' title='bbox 1571 2051 1603 2085; x_wconf 89' lang='grc' dir='ltr'><strong>Α</strong></span> 
     </span>
     <span class='ocr_line' id='line_1_29' title="bbox 217 2095 1599 2146; baseline -0.002 -11"><span class='ocrx_word' id='word_1_193' title='bbox 217 2097 311 2135; x_wconf 80' lang='lat'>4367</span> <span class='ocrx_word' id='word_1_194' title='bbox 332 2096 429 2144; x_wconf 77' lang='grc' dir='ltr'><strong><em>πρὸς</em></strong></span> <span class='ocrx_word' id='word_1_195' title='bbox 450 2098 490 2133; x_wconf 97' lang='grc' dir='ltr'><strong>Μ</strong></span> <span class='ocrx_word' id='word_1_196' title='bbox 605 2100 697 2135; x_wconf 83' lang='grc'>4377</span> <span class='ocrx_word' id='word_1_197' title='bbox 720 2100 974 2145; x_wconf 80' lang='grc' dir='ltr'><strong><em>παλίντροπον</em></strong></span> <span class='ocrx_word' id='word_1_198' title='bbox 997 2100 1040 2146; x_wconf 86' lang='lat' dir='ltr'><strong><em>A,</em></strong></span> <span class='ocrx_word' id='word_1_199' title='bbox 1063 2100 1310 2144; x_wconf 80' lang='grc' dir='ltr'><strong><em>παλίντροχον</em></strong></span> <span class='ocrx_word' id='word_1_200' title='bbox 1331 2099 1366 2134; x_wconf 89' lang='lat' dir='ltr'><strong>R</strong></span> <span class='ocrx_word' id='word_1_201' title='bbox 1456 2095 1546 2144; x_wconf 75' lang='grc' dir='ltr'><strong><em>κῦβε</em></strong></span> <span class='ocrx_word' id='word_1_202' title='bbox 1569 2097 1599 2132; x_wconf 87' lang='grc' dir='ltr'><strong>Α</strong></span> 
     </span>
    </p>
   </div>
   <div class='ocr_carea' id='block_1_5' title="bbox 127 2189 1610 2935">
    <p class='ocr_par' dir='ltr' id='par_1_5' title="bbox 128 2189 1601 2284">
     <span class='ocr_line' id='line_1_30' title="bbox 128 2189 1601 2237; baseline 0.001 -13"><span class='ocrx_word' id='word_1_203' title='bbox 128 2189 298 2235; x_wconf 76' lang='lat' dir='ltr'>imagines</span> <span class='ocrx_word' id='word_1_204' title='bbox 321 2201 419 2225; x_wconf 82' lang='lat' dir='ltr'><strong>suum</strong></span> <span class='ocrx_word' id='word_1_205' title='bbox 442 2190 480 2225; x_wconf 89' lang='lat' dir='ltr'><strong><em>in</em></strong></span> <span class='ocrx_word' id='word_1_206' title='bbox 502 2190 614 2226; x_wconf 89' lang='lat' dir='ltr'><strong>locum</strong></span> <span class='ocrx_word' id='word_1_207' title='bbox 637 2190 783 2237; x_wconf 85' lang='lat' dir='ltr'><strong>reponi,</strong></span> <span class='ocrx_word' id='word_1_208' title='bbox 808 2191 958 2236; x_wconf 82' lang='lat' dir='ltr'><strong>virginis</strong></span> <span class='ocrx_word' id='word_1_209' title='bbox 983 2191 1103 2226; x_wconf 89' lang='lat' dir='ltr'><strong>matris</strong></span> <span class='ocrx_word' id='word_1_210' title='bbox 1128 2196 1166 2227; x_wconf 92' lang='lat' dir='ltr'><strong><em>et</em></strong></span> <span class='ocrx_word' id='word_1_211' title='bbox 1188 2191 1324 2227; x_wconf 81' lang='lat' dir='ltr'><strong>Christi</strong></span> <span class='ocrx_word' id='word_1_212' title='bbox 1347 2191 1488 2226; x_wconf 80' lang='lat' dir='ltr'><strong>testium</strong></span> <span class='ocrx_word' id='word_1_213' title='bbox 1511 2189 1601 2225; x_wconf 70' lang='lat' dir='ltr'><strong>ima-</strong></span> 
     </span>
     <span class='ocr_line' id='line_1_31' title="bbox 128 2236 928 2284; baseline 0.001 -13"><span class='ocrx_word' id='word_1_214' title='bbox 128 2236 228 2283; x_wconf 77' lang='lat' dir='ltr'><strong>gines</strong></span> <span class='ocrx_word' id='word_1_215' title='bbox 252 2236 472 2282; x_wconf 80' lang='lat' dir='ltr'>splendorem</span> <span class='ocrx_word' id='word_1_216' title='bbox 496 2237 679 2283; x_wconf 82' lang='lat' dir='ltr'><strong>pristinum</strong></span> <span class='ocrx_word' id='word_1_217' title='bbox 703 2249 928 2284; x_wconf 82' lang='lat' dir='ltr'><strong>recuperare.</strong></span> 
     </span>
    </p>

    <p class='ocr_par' dir='ltr' id='par_1_6' title="bbox 128 2282 1603 2549">
     <span class='ocr_line' id='line_1_32' title="bbox 221 2282 1603 2330; baseline 0 -14"><span class='ocrx_word' id='word_1_218' title='bbox 221 2283 295 2318; x_wconf 87' lang='lat' dir='ltr'><strong><em>Sed</em></strong></span> <span class='ocrx_word' id='word_1_219' title='bbox 328 2283 419 2318; x_wconf 88' lang='lat' dir='ltr'><strong>enim</strong></span> <span class='ocrx_word' id='word_1_220' title='bbox 449 2294 571 2318; x_wconf 81' lang='lat' dir='ltr'><strong>rursus</strong></span> <span class='ocrx_word' id='word_1_221' title='bbox 600 2283 713 2318; x_wconf 84' lang='lat' dir='ltr'><strong>Belial</strong></span> <span class='ocrx_word' id='word_1_222' title='bbox 742 2283 888 2318; x_wconf 84' lang='lat' dir='ltr'><strong>electum</strong></span> <span class='ocrx_word' id='word_1_223' title='bbox 912 2283 1077 2318; x_wconf 87' lang='lat' dir='ltr'><strong>Israelem</strong></span> <span class='ocrx_word' id='word_1_224' title='bbox 1101 2283 1213 2319; x_wconf 82' lang='lat' dir='ltr'><strong>instar</strong></span> <span class='ocrx_word' id='word_1_225' title='bbox 1236 2283 1403 2319; x_wconf 78' lang='lat' dir='ltr'><strong>frumenti</strong></span> <span class='ocrx_word' id='word_1_226' title='bbox 1427 2282 1603 2330; x_wconf 76' lang='lat' dir='ltr'><strong>expetivit</strong></span> 
     </span>
     <span class='ocr_line' id='line_1_33' title="bbox 130 2327 1602 2376; baseline 0 -13"><span class='ocrx_word' id='word_1_227' title='bbox 130 2327 308 2364; x_wconf 69' lang='lat' dir='ltr'><strong>cribrarez</strong></span> <span class='ocrx_word' id='word_1_228' title='bbox 332 2331 483 2366; x_wconf 87' lang='lat' dir='ltr'><strong>nondum</strong></span> <span class='ocrx_word' id='word_1_229' title='bbox 506 2330 618 2374; x_wconf 85' lang='lat' dir='ltr'><strong>enim,</strong></span> <span class='ocrx_word' id='word_1_230' title='bbox 643 2342 708 2364; x_wconf 91' lang='lat' dir='ltr'><strong><em>ceu</em></strong></span> <span class='ocrx_word' id='word_1_231' title='bbox 732 2331 878 2364; x_wconf 88' lang='lat' dir='ltr'><strong>credere</strong></span> <span class='ocrx_word' id='word_1_232' title='bbox 902 2342 966 2376; x_wconf 86' lang='lat' dir='ltr'><strong>par</strong></span> <span class='ocrx_word' id='word_1_233' title='bbox 989 2336 1062 2374; x_wconf 88' lang='lat' dir='ltr'><strong>est,</strong></span> <span class='ocrx_word' id='word_1_234' title='bbox 1086 2330 1173 2365; x_wconf 88' lang='lat' dir='ltr'><strong>satis</strong></span> <span class='ocrx_word' id='word_1_235' title='bbox 1199 2330 1430 2365; x_wconf 83' lang='lat' dir='ltr'><strong>afflictionum</strong></span> <span class='ocrx_word' id='word_1_236' title='bbox 1455 2338 1491 2364; x_wconf 89' lang='lat' dir='ltr'><strong><em>et</em></strong></span> <span class='ocrx_word' id='word_1_237' title='bbox 1514 2342 1602 2376; x_wconf 86' lang='lat' dir='ltr'><strong>poe—</strong></span> 
     </span>
     <span class='ocr_line' id='line_1_34' title="bbox 130 2375 1602 2422; baseline 0.001 -13"><span class='ocrx_word' id='word_1_238' title='bbox 130 2385 251 2410; x_wconf 78' lang='lat' dir='ltr'><strong>mrum</strong></span> <span class='ocrx_word' id='word_1_239' title='bbox 275 2375 440 2411; x_wconf 81' lang='lat' dir='ltr'><strong>habebat.</strong></span> <span class='ocrx_word' id='word_1_240' title='bbox 488 2382 705 2422; x_wconf 85' lang='lat' dir='ltr'><strong>quapropter</strong></span> <span class='ocrx_word' id='word_1_241' title='bbox 729 2376 989 2422; x_wconf 82' lang='lat' dir='ltr'>expeditionem</span> <span class='ocrx_word' id='word_1_242' title='bbox 1024 2388 1150 2410; x_wconf 83' lang='lat' dir='ltr'><strong>novam</strong></span> <span class='ocrx_word' id='word_1_243' title='bbox 1184 2376 1340 2411; x_wconf 80' lang='lat' dir='ltr'><strong>instituit</strong></span> <span class='ocrx_word' id='word_1_244' title='bbox 1371 2378 1416 2411; x_wconf 80' lang='lat' dir='ltr'><strong>ad</strong></span> <span class='ocrx_word' id='word_1_245' title='bbox 1440 2388 1602 2422; x_wconf 85' lang='lat' dir='ltr'><strong>premen-</strong></span> 
     </span>
     <span class='ocr_line' id='line_1_35' title="bbox 131 2420 1603 2469; baseline 0 -13"><span class='ocrx_word' id='word_1_246' title='bbox 131 2421 196 2456; x_wconf 72' lang='lat' dir='ltr'><strong><em>dos</em></strong></span> <span class='ocrx_word' id='word_1_247' title='bbox 218 2420 374 2456; x_wconf 81' lang='lat' dir='ltr'><strong>homines</strong></span> <span class='ocrx_word' id='word_1_248' title='bbox 398 2421 607 2466; x_wconf 87' lang='lat' dir='ltr'><strong>religiosos,</strong></span> <span class='ocrx_word' id='word_1_249' title='bbox 642 2422 790 2469; x_wconf 82' lang='lat' dir='ltr'>perinde</span> <span class='ocrx_word' id='word_1_250' title='bbox 820 2434 861 2458; x_wconf 84' lang='lat' dir='ltr'><strong>ac</strong></span> <span class='ocrx_word' id='word_1_251' title='bbox 885 2423 998 2467; x_wconf 87' lang='lat' dir='ltr'><strong>Syrus</strong></span> <span class='ocrx_word' id='word_1_252' title='bbox 1029 2422 1088 2457; x_wconf 80' lang='lat' dir='ltr'><strong><em>ine</em></strong></span> <span class='ocrx_word' id='word_1_253' title='bbox 1118 2427 1260 2469; x_wconf 78' lang='lat' dir='ltr'><strong>satrapa</strong></span> <span class='ocrx_word' id='word_1_254' title='bbox 1286 2423 1603 2457; x_wconf 85' lang='lat' dir='ltr'><strong>Chusarsathemus</strong></span> 
     </span>
     <span class='ocr_line' id='line_1_36' title="bbox 130 2465 1601 2515; baseline 0.003 -16"><span class='ocrx_word' id='word_1_255' title='bbox 130 2465 213 2501; x_wconf 87' lang='lat' dir='ltr'><strong>olim</strong></span> <span class='ocrx_word' id='word_1_256' title='bbox 235 2466 420 2503; x_wconf 74' lang='lat' dir='ltr'><strong>Israelicos</strong></span> <span class='ocrx_word' id='word_1_257' title='bbox 443 2470 609 2504; x_wconf 85' lang='lat' dir='ltr'><strong>vexabat.</strong></span> <span class='ocrx_word' id='word_1_258' title='bbox 657 2469 743 2515; x_wconf 89' lang='lat' dir='ltr'><strong>quid</strong></span> <span class='ocrx_word' id='word_1_259' title='bbox 766 2475 881 2504; x_wconf 83' lang='lat' dir='ltr'><strong>autem</strong></span> <span class='ocrx_word' id='word_1_260' title='bbox 905 2469 1095 2514; x_wconf 85' lang='lat' dir='ltr'><strong>acciderit,</strong></span> <span class='ocrx_word' id='word_1_261' title='bbox 1126 2469 1329 2505; x_wconf 83' lang='lat' dir='ltr'><strong>narratione</strong></span> <span class='ocrx_word' id='word_1_262' title='bbox 1350 2468 1514 2515; x_wconf 82' lang='lat' dir='ltr'><strong>sequenti</strong></span> <span class='ocrx_word' id='word_1_263' title='bbox 1537 2470 1601 2503; x_wconf 88' lang='lat' dir='ltr'><strong><em>de—</em></strong></span> 
     </span>
     <span class='ocr_line' id='line_1_37' title="bbox 128 2511 330 2549; baseline 0.01 -2"><span class='ocrx_word' id='word_1_264' title='bbox 128 2511 330 2549; x_wconf 82' lang='lat' dir='ltr'><strong>clarabitur.</strong></span> 
     </span>
    </p>

    <p class='ocr_par' dir='ltr' id='par_1_7' title="bbox 127 2558 1610 2935">
     <span class='ocr_line' id='line_1_38' title="bbox 221 2558 1602 2607; baseline 0.001 -14"><span class='ocrx_word' id='word_1_265' title='bbox 221 2558 344 2604; x_wconf 76' lang='lat' dir='ltr'><strong>Aequo</strong></span> <span class='ocrx_word' id='word_1_266' title='bbox 374 2559 471 2606; x_wconf 83' lang='lat' dir='ltr'><strong>ferre</strong></span> <span class='ocrx_word' id='word_1_267' title='bbox 494 2560 608 2596; x_wconf 83' lang='lat' dir='ltr'><strong>animo</strong></span> <span class='ocrx_word' id='word_1_268' title='bbox 633 2559 854 2596; x_wconf 85' lang='lat' dir='ltr'><strong>amissionem</strong></span> <span class='ocrx_word' id='word_1_269' title='bbox 878 2561 1019 2607; x_wconf 89' lang='lat' dir='ltr'><strong>imperii</strong></span> <span class='ocrx_word' id='word_1_270' title='bbox 1044 2572 1260 2606; x_wconf 86' lang='lat' dir='ltr'><strong>nequaquam</strong></span> <span class='ocrx_word' id='word_1_271' title='bbox 1284 2561 1343 2596; x_wconf 90' lang='lat' dir='ltr'><strong>ille</strong></span> <span class='ocrx_word' id='word_1_272' title='bbox 1368 2562 1474 2595; x_wconf 87' lang='lat' dir='ltr'><strong>draco</strong></span> <span class='ocrx_word' id='word_1_273' title='bbox 1499 2564 1602 2607; x_wconf 89' lang='lat' dir='ltr'><strong>pote-</strong></span> 
     </span>
     <span class='ocr_line' id='line_1_39' title="bbox 128 2605 1602 2654; baseline 0.001 -15"><span class='ocrx_word' id='word_1_274' title='bbox 128 2608 198 2639; x_wconf 82' lang='lat' dir='ltr'><strong>rat.</strong></span> <span class='ocrx_word' id='word_1_275' title='bbox 245 2605 467 2649; x_wconf 85' lang='lat' dir='ltr'><strong>quamobrem</strong></span> <span class='ocrx_word' id='word_1_276' title='bbox 490 2607 650 2641; x_wconf 88' lang='lat' dir='ltr'><strong>dolenter</strong></span> <span class='ocrx_word' id='word_1_277' title='bbox 673 2613 804 2642; x_wconf 78' lang='lat' dir='ltr'><strong>sortem</strong></span> <span class='ocrx_word' id='word_1_278' title='bbox 827 2619 923 2642; x_wconf 88' lang='lat' dir='ltr'><strong>suam</strong></span> <span class='ocrx_word' id='word_1_279' title='bbox 948 2607 1127 2654; x_wconf 84' lang='lat' dir='ltr'><strong>copiarum</strong></span> <span class='ocrx_word' id='word_1_280' title='bbox 1150 2608 1299 2643; x_wconf 90' lang='lat' dir='ltr'><strong>ducibus</strong></span> <span class='ocrx_word' id='word_1_281' title='bbox 1325 2607 1490 2653; x_wconf 85' lang='lat' dir='ltr'><strong>exponit,</strong></span> <span class='ocrx_word' id='word_1_282' title='bbox 1515 2608 1602 2641; x_wconf 87' lang='lat' dir='ltr'><strong>adu-</strong></span> 
     </span>
     <span class='ocr_line' id='line_1_40' title="bbox 128 2649 1603 2700; baseline 0.002 -16"><span class='ocrx_word' id='word_1_283' title='bbox 128 2649 255 2684; x_wconf 82' lang='lat' dir='ltr'><strong>latorie</strong></span> <span class='ocrx_word' id='word_1_284' title='bbox 279 2661 355 2685; x_wconf 88' lang='lat' dir='ltr'><strong>cum</strong></span> <span class='ocrx_word' id='word_1_285' title='bbox 379 2651 430 2686; x_wconf 77' lang='lat' dir='ltr'><strong><em>eis</em></strong></span> <span class='ocrx_word' id='word_1_286' title='bbox 455 2652 541 2697; x_wconf 82' lang='lat' dir='ltr'><strong>agit,</strong></span> <span class='ocrx_word' id='word_1_287' title='bbox 566 2666 630 2700; x_wconf 86' lang='lat' dir='ltr'><strong><em>spe</em></strong></span> <span class='ocrx_word' id='word_1_288' title='bbox 652 2653 901 2700; x_wconf 86' lang='lat' dir='ltr'><strong>promissorum</strong></span> <span class='ocrx_word' id='word_1_289' title='bbox 920 2654 1120 2697; x_wconf 81' lang='lat' dir='ltr'><strong>inflammat,</strong></span> <span class='ocrx_word' id='word_1_290' title='bbox 1144 2654 1403 2700; x_wconf 81' lang='lat' dir='ltr'><strong>provinciarum</strong></span> <span class='ocrx_word' id='word_1_291' title='bbox 1421 2654 1603 2699; x_wconf 85' lang='lat' dir='ltr'><strong>praesides</strong></span> 
     </span>
     <span class='ocr_line' id='line_1_41' title="bbox 128 2697 1603 2750; baseline 0.002 -20"><span class='ocrx_word' id='word_1_292' title='bbox 128 2708 210 2750; x_wconf 71' lang='lat' dir='ltr'><strong>suas</strong></span> <span class='ocrx_word' id='word_1_293' title='bbox 234 2697 280 2730; x_wconf 89' lang='lat' dir='ltr'><strong>ad</strong></span> <span class='ocrx_word' id='word_1_294' title='bbox 299 2702 418 2750; x_wconf 54' lang='lat' dir='ltr'><strong>partes</strong></span> <span class='ocrx_word' id='word_1_295' title='bbox 441 2699 608 2734; x_wconf 82' lang='lat' dir='ltr'><strong>traducit.</strong></span> <span class='ocrx_word' id='word_1_296' title='bbox 657 2700 813 2735; x_wconf 80' lang='lat' dir='ltr'><strong>exercitu</strong></span> <span class='ocrx_word' id='word_1_297' title='bbox 839 2700 986 2735; x_wconf 87' lang='lat' dir='ltr'><strong>maximo</strong></span> <span class='ocrx_word' id='word_1_298' title='bbox 1011 2706 1134 2734; x_wconf 81' lang='lat' dir='ltr'><strong>coacto</strong></span> <span class='ocrx_word' id='word_1_299' title='bbox 1158 2712 1309 2746; x_wconf 82' lang='lat' dir='ltr'><strong>pugnam</strong></span> <span class='ocrx_word' id='word_1_300' title='bbox 1334 2712 1410 2734; x_wconf 90' lang='lat' dir='ltr'><strong>cum</strong></span> <span class='ocrx_word' id='word_1_301' title='bbox 1434 2701 1603 2734; x_wconf 80' lang='lat' dir='ltr'><strong>adversa-</strong></span> 
     </span>
     <span class='ocr_line' id='line_1_42' title="bbox 127 2743 1608 2792; baseline 0 -14"><span class='ocrx_word' id='word_1_302' title='bbox 127 2743 194 2778; x_wconf 82' lang='lat' dir='ltr'><strong>rils</strong></span> <span class='ocrx_word' id='word_1_303' title='bbox 228 2749 403 2786; x_wconf 84' lang='lat' dir='ltr'><strong>consent,</strong></span> <span class='ocrx_word' id='word_1_304' title='bbox 436 2743 587 2780; x_wconf 80' lang='lat' dir='ltr'><strong>victoria</strong></span> <span class='ocrx_word' id='word_1_305' title='bbox 618 2746 774 2792; x_wconf 85' lang='lat' dir='ltr'><strong>potitur,</strong></span> <span class='ocrx_word' id='word_1_306' title='bbox 809 2747 1043 2781; x_wconf 80' lang='lat' dir='ltr'><strong>Artabasdum</strong></span> <span class='ocrx_word' id='word_1_307' title='bbox 1065 2746 1184 2780; x_wconf 84' lang='lat' dir='ltr'><strong>vivum</strong></span> <span class='ocrx_word' id='word_1_308' title='bbox 1207 2747 1320 2792; x_wconf 83' lang='lat' dir='ltr'><strong>capit,</strong></span> <span class='ocrx_word' id='word_1_309' title='bbox 1356 2746 1443 2780; x_wconf 83' lang='lat' dir='ltr'><strong>iram</strong></span> <span class='ocrx_word' id='word_1_310' title='bbox 1470 2746 1507 2779; x_wconf 90' lang='lat' dir='ltr'><strong><em>in</em></strong></span> <span class='ocrx_word' id='word_1_311' title='bbox 1532 2757 1608 2779; x_wconf 88' lang='lat' dir='ltr'><strong><em>eum</em></strong></span> 
     </span>
     <span class='ocr_line' id='line_1_43' title="bbox 130 2789 1608 2838; baseline 0 -14"><span class='ocrx_word' id='word_1_312' title='bbox 130 2800 227 2824; x_wconf 80' lang='lat' dir='ltr'><strong>suam</strong></span> <span class='ocrx_word' id='word_1_313' title='bbox 253 2789 455 2824; x_wconf 78' lang='lat' dir='ltr'><strong>universam</strong></span> <span class='ocrx_word' id='word_1_314' title='bbox 478 2791 620 2836; x_wconf 77' lang='lat' dir='ltr'><strong>evomit,</strong></span> <span class='ocrx_word' id='word_1_315' title='bbox 646 2798 683 2826; x_wconf 89' lang='lat' dir='ltr'><strong><em>et</em></strong></span> <span class='ocrx_word' id='word_1_316' title='bbox 705 2792 815 2827; x_wconf 86' lang='lat' dir='ltr'><strong>oculis</strong></span> <span class='ocrx_word' id='word_1_317' title='bbox 839 2793 1018 2828; x_wconf 83' lang='lat' dir='ltr'><strong>infelicem</strong></span> <span class='ocrx_word' id='word_1_318' title='bbox 1042 2792 1183 2838; x_wconf 80' lang='lat' dir='ltr'><strong>spoliat.</strong></span> <span class='ocrx_word' id='word_1_319' title='bbox 1232 2804 1353 2827; x_wconf 87' lang='lat' dir='ltr'><strong>rursus</strong></span> <span class='ocrx_word' id='word_1_320' title='bbox 1382 2793 1492 2837; x_wconf 82' lang='lat' dir='ltr'><strong>igitur</strong></span> <span class='ocrx_word' id='word_1_321' title='bbox 1516 2792 1608 2825; x_wconf 87' lang='lat' dir='ltr'><strong>inse-</strong></span> 
     </span>
     <span class='ocr_line' id='line_1_44' title="bbox 130 2834 1608 2885; baseline 0 -15"><span class='ocrx_word' id='word_1_322' title='bbox 130 2841 208 2870; x_wconf 74' lang='lat' dir='ltr'><strong>stus</strong></span> <span class='ocrx_word' id='word_1_323' title='bbox 234 2834 294 2869; x_wconf 80' lang='lat' dir='ltr'><strong><em>ine</em></strong></span> <span class='ocrx_word' id='word_1_324' title='bbox 318 2835 385 2869; x_wconf 90' lang='lat' dir='ltr'><strong><em>deo</em></strong></span> <span class='ocrx_word' id='word_1_325' title='bbox 411 2846 597 2882; x_wconf 79' lang='lat' dir='ltr'><strong>purpuram</strong></span> <span class='ocrx_word' id='word_1_326' title='bbox 621 2842 757 2884; x_wconf 83' lang='lat' dir='ltr'><strong>gestat,</strong></span> <span class='ocrx_word' id='word_1_327' title='bbox 798 2844 836 2874; x_wconf 86' lang='lat' dir='ltr'><strong><em>et.</em></strong></span> <span class='ocrx_word' id='word_1_328' title='bbox 857 2839 936 2885; x_wconf 87' lang='lat' dir='ltr'><strong>ipso</strong></span> <span class='ocrx_word' id='word_1_329' title='bbox 960 2840 1028 2874; x_wconf 84' lang='lat' dir='ltr'><strong><em>iam</em></strong></span> <span class='ocrx_word' id='word_1_330' title='bbox 1055 2839 1401 2873; x_wconf 81' lang='lat' dir='ltr'><strong>Nabuchodonosore</strong></span> <span class='ocrx_word' id='word_1_331' title='bbox 1425 2839 1466 2872; x_wconf 90' lang='lat' dir='ltr'><strong>fit</strong></span> <span class='ocrx_word' id='word_1_332' title='bbox 1488 2844 1608 2871; x_wconf 91' lang='lat' dir='ltr'><strong>trucu-</strong></span> 
     </span>
     <span class='ocr_line' id='line_1_45' title="bbox 131 2879 1610 2935; baseline 0.003 -19"><span class='ocrx_word' id='word_1_333' title='bbox 131 2879 281 2917; x_wconf 87' lang='lat' dir='ltr'><strong>lentior.</strong></span> <span class='ocrx_word' id='word_1_334' title='bbox 329 2892 499 2928; x_wconf 83' lang='lat' dir='ltr'><strong>quaenam</strong></span> <span class='ocrx_word' id='word_1_335' title='bbox 522 2883 611 2919; x_wconf 77' lang='lat' dir='ltr'><strong>haec</strong></span> <span class='ocrx_word' id='word_1_336' title='bbox 631 2884 840 2922; x_wconf 81' lang='lat' dir='ltr'><strong>vicissitudo</strong></span> <span class='ocrx_word' id='word_1_337' title='bbox 864 2892 931 2931; x_wconf 86' lang='lat' dir='ltr'><strong>est,</strong></span> <span class='ocrx_word' id='word_1_338' title='bbox 956 2898 976 2922; x_wconf 90' lang='lat' dir='ltr'><strong>o</strong></span> <span class='ocrx_word' id='word_1_339' title='bbox 1001 2884 1175 2920; x_wconf 81' lang='lat' dir='ltr'><strong>instabilis</strong></span> <span class='ocrx_word' id='word_1_340' title='bbox 1199 2885 1296 2920; x_wconf 76' lang='lat' dir='ltr'><strong>vitae</strong></span> <span class='ocrx_word' id='word_1_341' title='bbox 1319 2886 1420 2935; x_wconf 53' lang='lat' dir='ltr'><strong>ro—ta!</strong></span> <span class='ocrx_word' id='word_1_342' title='bbox 1443 2896 1526 2919; x_wconf 83' lang='lat' dir='ltr'><strong>rosa</strong></span> <span class='ocrx_word' id='word_1_343' title='bbox 1548 2883 1610 2920; x_wconf 81' lang='lat' dir='ltr'><strong><em>vix</em></strong></span> 
     </span>
    </p>
   </div>
  </div>
 </body>
</html>
