1924 3242
762 177 1018 223 ANNALES'.
1313 211 1317 217 .
1504 187 1507 191 ’
1547 177 1608 225 51

173 284 358 346 ὥρμισεν.
401 284 434 329 ’ὅ
463 286 508 330 δὲ
530 287 721 342 βασιλεὺς
735 287 918 347 Ἰωάννης
936 292 1017 335 ἐπεὶ
1034 291 1092 348 μὴ
1111 289 1188 347 εἶχε
1202 290 1303 347 μεθ’
1323 290 1468 335 ἑαυτοῦ
1484 308 1608 350 στρα-

169 355 242 399 τὸν
272 352 491 409 ἀξιόμαχον
521 360 698 400 κωλῦσαι
724 357 854 417 τούτῳ
873 361 946 415 τὴν
970 360 1109 411 ἔξοδον
1132 361 1189 403 δι’
1211 360 1261 411 ἃς
1279 359 1444 418 εἶρήκειν
1464 363 1608 414 αἰτίας,

168 421 361 478 μεθόδοις
391 432 672 481 στρατηγικαῖς
697 426 799 481 μεθ’
834 421 892 469 ὦν
922 426 1021 482 εἶχεν
1049 429 1190 485 ὀλίγων
1214 430 1288 480 τὰς
1311 433 1391 472 τῶν
1409 431 1608 484 πολεμίων

168 489 340 546 κινήσεις
368 490 549 535 ἐκώλυεν.
617 494 788 550 ἐξῆλθον
819 499 915 551 γοῦν
945 496 984 538 οἳ
1011 499 1188 539 Λατῖνοι
1216 499 1283 540 καὶ
1312 495 1333 540 ὁ
1358 495 1510 540 τούτων
1533 497 1608 555 ῥὴξ

134 557 371 614 δἸωάννης,
401 561 468 602 καὶ
502 558 695 615 ἓβάδισαν
715 562 790 618 μέν
813 561 963 614 τόπους
992 564 1104 614 τινὰς
1134 567 1450 621 παραιγιαλιόυς.
1517 566 1612 608 οὐδὲ

165 627 243 685 γὰρ
265 627 461 684 ἠδύναντο
479 628 726 687 μακρότερον
743 635 824 674 τῶν
841 635 948 687 νηῶν
965 631 1098 674 αὐτῶν
1118 632 1362 687 ἀποστῆναι·
1396 631 1417 675 ὃ
1438 633 1516 690 γὰρ
1536 633 1608 676 ἀν-

164 700 438 754 τιστρατηγῶν
460 697 596 749 αὐτοῖς
615 699 806 753 βασιλεὺς
825 697 1086 755 ἐπηκολούθει
1103 702 1168 742 καὶ
1189 698 1341 757 ὑπῆρχε
1363 701 1488 750 δεινὸς
1504 701 1607 755 μετὰ

91 806 96 811 ,
162 769 311 821 μικρᾶς
337 762 442 807 πάνυ
476 764 683 821 δυνάμεως
712 767 965 822 ἀναχαιτίσαι
993 768 1087 819 τούς
1111 769 1321 818 ἐναντίους.
1389 766 1410 810 ὅ
1432 769 1505 822 μὲν
1528 763 1598 811 οὖν
1619 779 1651 814 D

161 831 352 885 βασιλεῦς
380 834 468 890 περὶ
496 834 572 884 τὰς
601 839 682 877 τῶν
711 840 870 889 βουνῶν
901 834 1100 893 ὑπωρείας
1129 837 1295 879 ἐποιεῖτο
1323 835 1398 885 τὰς
1429 837 1604 893 πορείας,

72 923 74 926 f
106 904 152 941 10
161 901 249 957 περὶ
278 900 322 942 δὲ
351 899 426 951 τὰς
449 899 588 955 ἠϊόνας
612 903 650 944 οἳ
667 902 823 946 Ἰταλοί.
892 899 1114 965 ὀλίγον-οὗν
1130 903 1279 961 χρόνον
1298 902 1605 958 διαβιβάσαντες

158 968 202 1010 ἓν
228 971 280 1024 τῇ
306 972 381 1010 τοῦ
405 970 606 1022 βασιλέως
629 972 897 1030 παραιγιαλίῳ
921 970 1039 1032 χώρᾳ
1074 972 1213 1028 (οὔπω
1241 971 1318 1030 γὰρ
1344 973 1603 1031 παρέδραμον

155 1035 341 1093 τέτταρες
378 1038 529 1092 μῆνες)
570 1040 636 1080 καὶ
676 1039 808 1095 ὀλίγον
835 1039 959 1082 τόπον
988 1039 1236 1096 πατήσαντες
1277 1041 1386 1096 (ἀπὸ
1420 1042 1498 1100 γὰρ
1530 1047 1603 1098 τῆς

155 1102 402 1159 Λαμψάκου
421 1106 539 1163 μέχρι
558 1108 624 1149 καὶ
643 1111 724 1150 τῶν
743 1110 952 1166 Κεγχριῶν
968 1108 1188 1165 ἀφίκοντο)
1196 1141 1210 1162 ,
1243 1109 1388 1167 μικρὸν
1417 1109 1446 1164 ἢ
1475 1111 1601 1165 μηδὲν

154 1171 400 1227 λυμήναντες
427 1173 453 1228 (
465 1173 708 1232 προύφθασε
736 1176 814 1233 γὰρ
843 1175 863 1218 ὁ
895 1177 1086 1230 βασιλεὺς
1104 1177 1155 1219 τοὶ
1171 1176 1346 1234 χρειώδη
1367 1175 1498 1220 πάντα
1517 1185 1600 1228 τοῖς

53 1282 57 1286 ,
101 1237 419 1297 15ὗψηλοτέροις
448 1240 586 1291 τόποις
616 1242 957 1298 διασώσασθαι),
993 1246 1055 1286 ἐπὶ
1086 1245 1131 1287 τὸ
1164 1250 1245 1288 τῶν
1267 1248 1421 1302 Πηγῶν
1443 1244 1598 1303 ἐχώρη-

153 1323 230 1350 σαν
262 1307 386 1361 όίστυ,
420 1306 463 1350 ἓν
493 1307 618 1362 μόνον
647 1310 841 1368 φρούριον
863 1311 1176 1368 χειρωσάμενοι,
1205 1312 1228 1354 ὃ
1248 1314 1486 1369 Κεραμιδὰς
1506 1315 1598 1356 ὄνο-

149 1374 316 1430 μάζεται
325 1409 339 1428 ,
373 1377 467 1434 περί
478 1394 555 1419 που
579 1378 675 1428 τοὺς
691 1379 864 1433 βουνοὺς
885 1381 1129 1433 διακείμενον
1148 1384 1220 1434 τῆς
1237 1382 1426 1432 Κυζίκου.
1493 1379 1598 1435 εἶχον

151 1445 196 1486 δὲ
228 1446 295 1486 καὶ
325 1444 400 1495 τὰς
429 1449 528 1496 ναῦς
561 1446 693 1489 αὐτῶν
723 1445 906 1501 ἑτοίμους
928 1449 983 1497 εἷς
1008 1448 1080 1502 τὴν
1102 1449 1406 1490 Κωνσταντίνου
1429 1453 1596 1491 παλινο-

148 1515 307 1567 στῆσαι.
373 1514 440 1554 καὶ
476 1512 627 1570 ᾤχοντο
660 1513 710 1556 ἂν
739 1513 930 1569 αἰσχύνης
949 1517 1016 1557 καὶ
1042 1517 1183 1570 ζημίας
1203 1516 1527 1572 πεπληρωμένοι,
1562 1519 1598 1559 εἰ

92 1579 205 1635 Ξομὴ
230 1584 305 1622 τοῦ
329 1583 410 1622 τῶν
431 1583 585 1636 Πηγῶν
605 1581 757 1632 ἄστεως
776 1583 1040 1639 περιεγένοντο
1058 1588 1109 1640 τῇ
1128 1587 1277 1640 κλοπῇ·
1312 1584 1413 1640 ἀνὴρ
1435 1583 1513 1641 γάρ
1534 1601 1595 1634 τις

146 1647 273 1698 δεινὸς
288 1647 587 1705 ἅναρριχᾶσθαι
606 1650 706 1706 πρὸς
723 1650 972 1707 ἀκρωνυχίας
989 1655 1143 1707 πετρῶν
1159 1649 1253 1694 ὁδὸν
1268 1651 1409 1708 ἐφεῦρε
1418 1682 1433 1702 ,
1466 1651 1522 1693 δι’
1541 1647 1591 1707 ἧς
1613 1665 1642 1700 Ρ
1665 1666 1709 1703 25

145 1713 418 1770 ὡπλισμένους
439 1718 648 1768 Λατίνους
671 1720 728 1768 εἷς
753 1719 827 1773 τὴν
852 1717 1068 1775 ἀκρόπολιν
1090 1719 1233 1768 νυκτὸς
1256 1720 1515 1773 ἀνεβίβασεν,
1550 1720 1597 1763 οἳ

236 1847 255 1881 1
289 1843 382 1880 λαὸν
411 1844 444 1880 Ι)
591 1847 614 1881 2
644 1846 805 1881 κωλῦσαι
825 1867 871 1875 -
897 1846 1021 1888 αἰτίας
1043 1858 1096 1882 om
1122 1847 1155 1882 D
1298 1848 1322 1882 4
1355 1845 1531 1884 ἐκώλυσεν
1555 1850 1588 1884 D

233 1884 304 1926 οὖν
332 1892 364 1925 D
545 1887 567 1928 ὁ
602 1890 672 1936 ρὴξ
700 1889 826 1926 αὐτῶν
851 1893 884 1927 D
1065 1894 1088 1929 7
1108 1891 1172 1927 καὶ
1197 1913 1243 1921 -
1267 1890 1457 1934 ἐναντίους
1484 1906 1537 1928 om
1554 1895 1587 1929 D

233 1938 279 1972 12
299 1934 471 1981 τέσσαρες
489 1936 522 1970 D
678 1937 747 1972 τοῦ
769 1938 800 1971 D
960 1939 1004 1974 13
1026 1934 1131 1983 ἄχρις
1157 1938 1220 1972 καὶ
1246 1938 1323 1972 τῶν
1343 1937 1530 1994 Κεγχρέων
1553 1941 1586 1975 D

230 1981 276 2017 15
315 1980 399 2026 περὶ
433 1982 534 2026 vulgo
723 1980 901 2027 ἐχώρησεν
935 1983 968 2017 D
1160 1985 1204 2018 16
1247 1993 1510 2029 χειρωσαμενος
1552 1986 1585 2021 D

229 2027 273 2062 21
297 2024 519 2072 ἀκρονυχίαν
535 2027 567 2062 D
700 2028 746 2064 22
768 2026 858 2064 ώπλ.
881 2026 1108 2075 ἀνθρώπους
1124 2032 1215 2064 Λατ.
1237 2029 1282 2065 1).

139 2139 307 2175 subduxit.
353 2141 497 2176 loannes
512 2144 622 2175 autem
637 2140 841 2187 imperator,
867 2152 939 2176 cum
956 2142 999 2176 ad
1018 2141 1239 2177 resistendum
1251 2151 1292 2176 ac
1306 2142 1502 2177 descensum
1515 2142 1581 2178 im·-

138 2185 335 2231 pediendum
351 2187 395 2221 ob
411 2187 476 2221 iam
491 2187 599 2221 dictas
614 2199 732 2222 causas
748 2188 862 2233 copias
878 2199 943 2222 non
958 2188 1119 2230 haberet,
1141 2188 1339 2222 militaribus
1361 2188 1490 2222 artibus
1505 2199 1580 2223 cum

139 2230 261 2276 exiguo
286 2232 387 2267 milite
408 2233 551 2267 hostium
570 2237 679 2267 motus
695 2233 910 2279 reprimebat.
955 2233 1199 2267 descenderunt
1212 2233 1323 2267 Latini
1339 2237 1374 2267 et
1389 2245 1501 2267 eorum
1517 2245 1578 2267 rex

136 2276 302 2320 Ioannes,
332 2289 459 2324 perque
483 2278 558 2312 loca
582 2278 746 2323 quaedam
771 2278 936 2313 maritima
956 2278 1020 2312 iter
1043 2279 1283 2319 intendebant,
1307 2289 1381 2312 cum
1397 2289 1418 2311 a
1432 2278 1578 2323 navigiis

137 2321 308 2356 discedere
321 2324 437 2368 procul
452 2335 517 2358 non
533 2324 710 2358 auderent:
734 2336 808 2358 nam
836 2335 894 2358 eos
914 2323 1063 2358 adversis
1087 2324 1194 2369 copiis
1214 2324 1397 2368 imperator
1412 2325 1576 2368 sequeba-

137 2370 213 2409 tur,
234 2366 366 2412 ingenio
389 2373 562 2415 promptus
578 2374 613 2403 et
628 2381 707 2404 acer
718 2396 728 2412 ‚
753 2370 810 2414 qui
835 2381 907 2403 cum
925 2380 1029 2414 parva
1045 2369 1146 2403 etiam
1161 2380 1256 2402 manu
1271 2369 1415 2402 hostium
1430 2369 1576 2414 impetus

136 2411 358 2458 propulsaret.
401 2414 584 2460 imperator
596 2426 660 2461 per
674 2415 806 2449 radices
821 2415 987 2456 montium,
1013 2415 1088 2448 Itali
1103 2425 1165 2460 per
1179 2414 1296 2448 littora
1310 2414 1376 2448 iter
1391 2415 1574 2448 habebant.

135 2467 252 2502 pamm
277 2457 391 2503 itaque
412 2459 447 2493 in
473 2470 533 2494 ora
556 2460 720 2495 maritima
742 2460 935 2505 imperatori
950 2459 1102 2494 subiecta
1116 2459 1310 2494 commorati
1334 2460 1471 2504 (neque
1487 2459 1574 2493 enim

135 2506 297 2547 quattuor
314 2514 444 2539 menses
459 2507 669 2550 exegerant)
692 2518 756 2540 nec
769 2506 872 2540 multo
889 2506 1016 2539 calcato
1034 2505 1104 2539 solo
1116 2531 1126 2548 ,
1153 2515 1227 2539 cum
1244 2517 1265 2539 a
1279 2505 1466 2549 Lampsaco
1483 2504 1574 2538 Cen-

135 2548 246 2582 chrias
260 2558 366 2594 usque
382 2560 425 2583 ne
437 2550 567 2585 minimo
582 2551 715 2596 quidem
730 2552 849 2586 damno
864 2551 957 2585 illato
972 2551 1214 2597 processissent
1237 2551 1255 2592 (
1265 2561 1406 2594 namque
1427 2550 1572 2594 impera-

133 2599 189 2627 tor
204 2594 471 2629 eminentioribus
485 2596 565 2630 iocis
580 2597 767 2631 necessaria
783 2608 934 2641 quaeque
954 2602 1054 2630 antea
1068 2596 1234 2630 conducta
1247 2595 1282 2628 in
1297 2595 1481 2629 custodiam
1498 2599 1571 2628 tra-

135 2639 315 2684 diderat),
337 2639 382 2673 nd
396 2639 560 2684 Pegamm
577 2642 733 2687 oppidum
747 2642 933 2686 deflexere,
955 2642 1054 2676 unico
1068 2645 1196 2674 tantum
1214 2640 1349 2674 castello
1360 2666 1371 2683 ‚
1394 2640 1450 2673 cui
1466 2640 1572 2674 Cera-

135 2684 243 2718 midae
262 2696 378 2719 nomen
402 2690 473 2729 est,
496 2686 585 2720 circa
604 2687 722 2731 Cyzici
737 2688 838 2722 colles
855 2687 941 2730 sito,
964 2686 1111 2721 devicto.
1155 2696 1258 2719 naves
1281 2697 1363 2719 vero
1387 2690 1570 2730 promptas,

134 2729 253 2774 quibus
267 2741 304 2764 se
321 2730 452 2776 Cpolim
476 2731 690 2774 reducerent,
712 2733 894 2768 habebant.
939 2737 974 2766 et
1000 2735 1203 2765 remeassent
1230 2731 1346 2784 utique
1370 2731 1502 2784 probris
1530 2740 1570 2762 ac

132 2775 260 2809 damnis
285 2775 395 2821 pleni,
430 2776 463 2810 ni
486 2777 574 2810 furto
595 2777 761 2822 Pegarum
785 2778 943 2823 oppidum
962 2779 1220 2821 expugnassent.
1264 2787 1319 2810 vu·
1334 2786 1419 2810 emm
1437 2774 1568 2819 quidam

133 2831 289 2857 saxorum
311 2824 493 2868 praerupta
506 2822 664 2859 scandere
680 2823 799 2858 dexter
813 2834 854 2859 ac
869 2823 975 2859 solers
991 2822 1078 2857 viam
1096 2821 1242 2866 invenit,
1265 2832 1327 2867 per
1346 2831 1445 2867 quam
1468 2823 1567 2854 noctu
