1924 3242
325 195 388 242 66
709 192 940 237 GEORGII
968 191 1347 243 ACROPOLITAE

326 302 381 350 ὧν
402 309 466 350 καὶ
490 303 708 361 τεθάρρηκε
726 303 798 358 τὴν
815 305 917 347 κατὰ
933 309 1005 347 τοῦ
1019 304 1194 362 ἀδελφοῦ
1214 309 1383 360 σκῆψιν,
1417 304 1463 348 οὗ
1477 306 1626 346 ’πολλοῦ
1645 305 1738 359 δεη-

272 387 302 421 Β
325 377 412 425 θεὶς
434 378 506 417 τοῦ
529 371 675 429 χρόνου
694 370 884 428 ἐγκρατής
903 389 943 414 τε
962 367 1082 422 αὖθις
1102 377 1172 426 τῆς
1197 372 1485 428 Θεσσαλονίκης
1506 371 1651 427 ἐγένετο
1674 372 1740 414 καὶ

323 447 402 486 τῶν
422 442 532 495 πέριξ
552 438 702 481 πόλεων
725 442 788 481 καὶ
808 443 963 496 χωρῶν.
999 440 1185 494 βασιλεὺς
1206 441 1248 482 δὲ
1271 438 1534 493 ὀνομάζεσθαι
1551 439 1622 481 οὐκ
1640 439 1738 493 ἠθέ-

325 515 418 562 λησε
449 507 515 548 διὰ
541 507 586 549 τὸ
615 511 693 548 τῶν
725 507 949 564 ὀφθαλμῶν
975 506 1127 558 πάθος,
1162 508 1231 549 τὸν
1252 508 1294 548 δὲ
1313 507 1398 549 υἱὸν
1422 507 1544 549 αὐτοῦ
1556 504 1740 561 Ἰωάννην

323 575 490 629 βασιλέα
521 573 700 627 ὠνόμασε
708 606 720 626 ,
749 576 814 616 καὶ
833 576 1020 631 ἕρυθροῖς
1041 576 1210 624 πεδίλοις
1229 574 1320 623 τοὺς
1339 572 1464 624 πόδας
1480 573 1623 615 ἐκείνου
1643 571 1771 615 ime-5

326 645 444 697 δησε,
483 643 548 683 καὶ
574 640 766 692 τοιούτοις
795 641 1023 697 γράμμασιν
1049 640 1291 698 ὑπογράφειν
1323 640 1523 698 διώρισεν,
1547 637 1676 690 4αὐτόν
1700 655 1743 681 τε

326 710 468 752 διέπειν
490 709 541 750 τὰ
563 709 674 750 κοινοὶ
695 711 760 750 καὶ
783 708 967 764 διεξάγειν
987 709 1036 750 τὰ
1058 714 1129 750 τοῦ
1147 709 1249 750 υἱοῦ.
1294 709 1362 751 τὸν
1384 708 1425 750 δ’
1449 706 1622 764 ἀδελφὸν
1639 708 1751 757 111α-Ι

322 776 444 830 νουὴλ
466 780 536 830 τῆς
557 776 681 832 ἀρχῆς
701 775 897 830 ἐκβαλών,
927 778 992 817 καὶ
1014 776 1197 829 ἐμβαλών
1218 776 1258 818 ἵν
1276 794 1350 818 τινι
1370 775 1541 832 τριήρει,
1565 775 1653 831 περὶ
1672 773 1751 828 τὴν,

316 842 506 886 Ἀττάλου
538 842 718 899 ἐξώρισεν
726 875 738 894 ,
772 844 843 897 τὴν
866 845 908 885 δὲ
930 843 1094 899 σύζυγον
1114 843 1237 886 αὐτοῦ
1254 844 1353 900 πρὸς
1374 842 1613 898 τὸνψπατέρα
1623 840 1744 884 Ἀσὰν

323 912 549 964 ἐξέπεμψεν.
618 909 638 951 ὃ
668 912 710 952 δὲ
734 911 853 952 Ἀσὰν
873 911 940 952 τὸν
961 911 1151 967 πενθερὸν
1169 915 1323 964 μᾶλλον
1343 912 1466 967 ἐφίλει
1492 907 1701 966 Θεόδωρον
1714 906 1741 961 ἢ
1756 912 1801 959 10,

273 990 303 1023 C
325 978 393 1022 τὸν
411 977 592 1033 γαμβρὸν
611 976 734 1019 αὐτοῦ
753 977 974 1032 Μανουήλ·
998 976 1228 1035 ὑπερηγάπα
1248 979 1323 1035 γὰρ
1345 979 1415 1033 τὴν
1437 976 1602 1032 σύζυγον
1618 973 1745 1032 Εἲρή-

322 1063 406 1099 νην,
433 1045 505 1098 οὐχ
523 1039 639 1098 ἧττον
660 1044 685 1099 ἢ
698 1044 901 1096 Ἀντώνιος
917 1046 988 1099 τὴν
1006 1044 1279 1102 Κλεοπάτραν.
1326 1044 1346 1087 ὃ
1369 1046 1441 1099 μὲν
1457 1039 1527 1087 οὖν
1543 1043 1745 1097 Μανουὴλ,

322 1116 372 1168 τῇ
396 1110 585 1153 Ἀττάλου
621 1115 877 1168 προσοκείλας
910 1114 1019 1169 παρὰ
1047 1115 1287 1169 προσδοκίαν
1316 1113 1408 1162 τοὺς
1441 1113 1482 1162 ἐξ
1503 1111 1625 1168 Ἅγαρ
1658 1104 1745 1166 εὗρε

323 1180 607 1236 φιλανθρωπίᾳ
630 1184 782 1232 μᾶλλον
804 1180 903 1236 πρὸς
932 1180 1052 1222 αὐτὸν
1073 1181 1367 1236 χρησαμένους·
1402 1180 1484 1222 ε’πεὶ
1504 1178 1580 1235 γὰρ
1603 1175 1746 1234 εἷρῆκει

322 1246 424 1302 πρὸς
443 1246 510 1288 τὸν
529 1247 696 1299 βασιλέα
712 1245 895 1300 Ἰωάννην
918 1246 1119 1301 τυγχάνειν
1143 1247 1266 1289 αὐτοῦ
1290 1247 1361 1300 τὴν
1381 1244 1508 1302 ὁρμήν
1516 1276 1530 1296 ,
1563 1241 1746 1301 παρεχώ-
1756 1244 1801 1280 15

323 1327 450 1369 ρησαν
475 1311 603 1368 τούτῳ
624 1313 695 1365 τὴν
722 1314 875 1363 δίοδον,
909 1311 1215 1368 ἔφοδιασάμενρι
1244 1311 1532 1370 προσηκόντως.
1599 1312 1747 1357 ἐκεῖθεν

322 1374 392 1421 οὖν
414 1379 514 1435 πρὸς
536 1379 603 1419 τὸν
621 1380 789 1432 βασιλέα
811 1380 971 1435 ἄφίκετο
995 1375 1128 1432 οὗτος,
1163 1382 1228 1422 καὶ
1250 1379 1270 1422 ὁ
1291 1380 1480 1434 βασιλεὺς
1509 1379 1687 1432 ἀσμένως
1704 1395 1746 1421 τε

319 1450 460 1488 τοῦτον
481 1446 637 1495 ἐδέξατο
664 1449 729 1487 καὶ
751 1445 804 1496 ὡς
825 1448 1167 1504 προσῳκειωμένον
1185 1452 1243 1505 τῷ
1261 1449 1358 1503 γένει
1379 1449 1445 1490 καὶ
1462 1445 1516 1497 ὥς
1537 1445 1660 1488 πάλαι
1681 1447 1747 1487 δε-

270 1521 302 1555 D
326 1511 473 1567 σπότην
506 1513 784 1567 ὠνομασμένον
792 1546 805 1565 ,
842 1515 936 1564 δοὺς
964 1516 1007 1556 δὲ
1041 1515 1150 1573 αὐτῷ
1178 1519 1317 1572 χρῆμα
1343 1517 1410 1557 καὶ
1434 1513 1604 1571 τριήρεις
1621 1510 1665 1563 (ἐξ
1683 1513 1747 1554 ἐπὶ

319 1580 392 1635 τὴν
414 1579 588 1635 μεγάλην
611 1583 792 1634 Βλαχιάν
812 1582 962 1638 ἀφῆκεν
969 1614 982 1633 ,
1018 1581 1159 1637 ὅρκους
1179 1583 1277 1638 παρ’
1298 1582 1422 1624 αὐτοῦ
1437 1580 1574 1634 λαβὼν
1592 1577 1745 1636 φρικώ-
1755 1582 1800 1616 20

321 1650 399 1697 δεις
407 1679 420 1699 ,
455 1645 538 1698 οἷος
555 1648 697 1697 ἐκεῖνος
716 1650 905 1698 συνέσεως
923 1646 989 1690 καὶ
1008 1649 1207 1704 ἀγχινοίας
1223 1647 1375 1705 πλήρης
1396 1648 1463 1690 ὤν.
1507 1647 1746 1700 καταλαβὼν

320 1710 391 1757 οὖν
420 1715 489 1756 τὸν
519 1719 591 1768 τῆς
616 1715 903 1771 Αημητριάδος
923 1720 1057 1772 χῶρον
1086 1715 1345 1771 ὃΜανουήλ,
1375 1715 1556 1758 κάκεῖθεν
1574 1720 1658 1764 τοῖς
1674 1714 1748 1768 μὲν

422 1797 492 1831 Ξτε
520 1808 572 1831 om
595 1797 627 1830 D
771 1798 838 1842 τῆς
861 1809 913 1831 om
931 1797 962 1832 D
1105 1799 1128 1834 3
1151 1796 1299 1843 ἐθέλησε
1321 1799 1353 1833 D
1499 1800 1543 1833 10
1562 1794 1747 1841 πενθερὸν

416 1840 534 1876 αὐτοῦ
559 1843 696 1885 μᾶλλον
723 1841 753 1875 D
977 1844 1017 1878 11
1041 1839 1256 1888 ὑπερηγάπα
1283 1865 1329 1871 -
1357 1842 1599 1888 Κλεοπάτραν
1629 1853 1684 1876 om
1711 1842 1745 1876 D

361 1897 369 1902 ·
414 1888 457 1922 13
477 1889 556 1926 τοῖς
583 1884 619 1929 ἐξ
638 1883 744 1930 ’Ἅγαρ
773 1884 913 1931 ἐνέτυχε
939 1888 970 1922 D
1106 1888 1148 1923 14
1168 1890 1306 1933 μᾶλλον
1333 1900 1386 1922 om
1409 1890 1438 1923 D
1571 1885 1746 1932 χρησαμέ-

409 1943 488 1971 νοις
509 1933 541 1965 D
642 1933 684 1966 16
707 1932 850 1967 εἴσοδον
872 1935 900 1967 D
1001 1931 1104 1978 ἐφοδ.
1121 1953 1167 1959 —
1187 1936 1229 1969 17
1246 1929 1334 1978 οὖν]
1358 1933 1419 1968 καὶ
1437 1934 1468 1968 D
1570 1934 1613 1968 17
1635 1925 1747 1970 οὗτος

410 1987 463 2010 om
495 1976 526 2010 D
714 1978 756 2011 19
790 1977 871 2019 περὶ
895 1978 997 2022 vulgo
1199 1980 1243 2014 20
1272 1977 1464 2023 φρικώδεις
1486 1997 1531 2004 -
1556 1974 1610 2012 ὤν
1632 1987 1686 2012 οιιι
1714 1975 1744 2010 D

409 2023 456 2056 22
476 2015 544 2056 οὖν
560 2019 630 2066 τὴν
648 2022 887 2066 Δημητριάδα
908 2021 1078 2058 κάκεῖθεν
1098 2025 1142 2059 D.

322 2088 538 2130 devinxerat,
561 2088 719 2131 innotuit,
742 2089 900 2123 adversus
925 2091 1061 2124 fratrem
1079 2091 1215 2126 consilia
1227 2091 1356 2136 aperit,
1381 2101 1490 2134 neque
1503 2090 1559 2124 diu
1575 2091 1654 2134 post
1666 2099 1745 2123 rnr-

323 2145 378 2167 sus
400 2138 433 2168 et
456 2134 725 2168 Thessalonicam
750 2139 785 2168 et
806 2135 992 2169 adiacentia
1005 2137 1080 2169 loca
1095 2142 1130 2170 et
1145 2137 1242 2170 urbes
1257 2137 1318 2170 sub
1334 2135 1508 2169 dominium
1521 2135 1746 2178 ditionemque

322 2189 414 2212 suam
439 2179 533 2212 facit.
578 2179 607 2211 is
630 2183 768 2224 propter
793 2181 960 2213 oculorum
980 2181 1234 2215 imminutionem
1248 2180 1453 2225 imperatoris
1465 2191 1584 2214 nomen
1598 2182 1745 2223 recusat,

321 2233 362 2256 eo
389 2227 500 2255 tamen
520 2223 674 2257 Ioannem
698 2224 799 2257 filium
825 2226 1037 2266 cohonestat,
1062 2231 1098 2260 et
1120 2225 1292 2270 purpureis
1319 2225 1439 2258 calceis
1464 2225 1567 2270 pedes
1579 2224 1664 2258 illius
1680 2224 1745 2257 cir-

322 2267 516 2308 cumvestit,
541 2278 649 2311 neque
673 2269 882 2302 dissimilibus
906 2270 1010 2304 literis
1034 2271 1244 2304 subscribere
1264 2269 1378 2311 iussit3
1397 2269 1461 2303 sibi
1484 2281 1565 2303 vero
1587 2279 1746 2304 summam

322 2311 465 2345 omnium
479 2322 587 2345 rerum
603 2323 642 2344 ac
658 2313 716 2345 filii
730 2315 998 2357 temperationem
1013 2315 1216 2356 reservavit;
1239 2315 1374 2348 fratrem
1384 2313 1568 2348 Manuelem
1581 2315 1744 2358 abrogato

321 2356 459 2401 imperio
487 2355 521 2388 in
544 2356 711 2389 triremem
736 2357 921 2402 impositum
949 2360 1106 2393 Attaliam
1129 2359 1318 2403 ablegavit,
1340 2359 1509 2402 coniugem
1532 2359 1576 2392 ad
1596 2360 1744 2393 Asanam

320 2407 450 2447 patrem
472 2400 608 2435 remisit.
654 2402 784 2435 Asanus
814 2403 994 2437 Theodoro
1019 2416 1133 2438 socero
1159 2416 1255 2448 quam
1278 2415 1401 2447 genero
1417 2404 1561 2438 Manueli
1579 2403 1744 2437 addictio:

322 2449 414 2479 erat:
449 2456 514 2478 non
533 2445 636 2478 minus
651 2446 734 2479 enim
749 2446 822 2490 ipse
837 2458 947 2481 amore
963 2449 1107 2492 coniugis
1125 2449 1240 2482 irenae
1254 2458 1348 2492 quam
1366 2450 1528 2483 Antonius
1546 2448 1745 2493 Cleopatrae

319 2490 571 2535 corripiebatur.
617 2490 752 2524 Manuel
780 2491 892 2535 itaque
918 2493 1075 2526 Attaliam
1097 2493 1264 2538 appellens
1285 2494 1327 2526 ab
1350 2494 1526 2538 Agarenis,
1562 2493 1649 2538 quod
1669 2493 1743 2538 ipse

319 2546 479 2579 nusquam
501 2540 716 2579 speraverat,
739 2536 968 2571 humanissime
993 2537 1293 2582 osficiosissimeque
1311 2538 1491 2584 excipitur:
1522 2550 1597 2572 nam
1620 2537 1743 2571 dicenti

320 2591 357 2614 se
383 2580 427 2613 ad
451 2580 604 2613 Ioannem
634 2580 860 2624 imperatorem
886 2583 1086 2615 contendere
1107 2587 1307 2626 commeatu,
1331 2583 1378 2616 uti
1394 2594 1453 2628 par
1471 2588 1562 2627 erat,
1584 2582 1743 2617 submini-

320 2627 428 2659 strato
456 2625 627 2659 transitum
652 2626 785 2661 dedere.
830 2626 972 2671 indeque
994 2627 1225 2672 imperatorem
1250 2629 1469 2666 conveniens.
1504 2634 1538 2662 et
1556 2628 1743 2681 utigenere

322 2669 514 2704 coniunctus
539 2674 574 2703 et
597 2671 737 2715 despota
750 2671 813 2705 iam
829 2671 905 2704 olim
921 2671 1045 2706 electus
1061 2672 1103 2705 ab
1117 2672 1315 2717 imperatore
1339 2673 1467 2709 lubenti
1481 2674 1588 2707 animo
1603 2673 1742 2714 v1situr3

322 2714 376 2749 cui
391 2725 462 2748 cum
479 2719 514 2748 et
529 2716 683 2760 pecunias
700 2721 734 2749 et
747 2717 897 2750 triremes
909 2727 967 2750 sex
980 2717 1189 2759 tradidisset,
1213 2718 1246 2751 in
1271 2729 1420 2761 magnam
1443 2718 1628 2760 Blachiam,
1649 2716 1743 2762 prius

322 2761 365 2794 ab
380 2759 434 2793 illo
448 2759 658 2794 iureiurando
673 2761 872 2795 formidabili
885 2773 975 2802 sane,
996 2767 1152 2806 tanquam
1167 2762 1221 2806 qui
1239 2767 1275 2796 et
1289 2763 1462 2808 prudentia
1474 2775 1514 2797 ac
1529 2761 1664 2798 solertia
1681 2773 1742 2794 ex-

324 2805 482 2849 celleret,
516 2809 676 2851 accepto,
708 2806 857 2843 direxit?
885 2807 941 2843 ubi
960 2807 1205 2845 Demetriadem
1229 2808 1364 2843 Manuel
1386 2808 1568 2856 appulisset
1582 2811 1617 2842 et
1631 2805 1744 2842 amicis
