1924 3242
437 161 913 210 CHRONOGRAPHIA
948 159 1375 208 COMPENDIARIA.
1562 157 1624 206 41

172 278 272 338 μηθ’
299 277 422 339 φησίν
444 273 742 330 “ἀπεκάλυψεν
765 273 952 331 Ἰωάννης
980 274 1001 319 ὅ
1032 274 1224 333 θεολόγος
1254 276 1295 319 ἔν
1320 273 1475 336 Ἐφέσῳ
1499 272 1626 319 iim?
1652 275 1681 310 Ρ
1708 275 1771 314 171

173 349 240 394 καὶ
259 345 363 402 μετὰ
377 342 421 400 β’
440 343 594 402 ἡμέρας
615 341 876 398 ἐτελεύτησεν.

307 413 434 459 Μετὰ
455 415 499 457 δὲ
515 411 734 457 Θεοδόσιον
753 412 984 466 ἐβασίλευσε
998 413 1242 469 Μαρκιανὸς
1265 411 1332 469 ἴτη
1356 410 1390 465 ς’
1411 414 1478 456 καὶ
1498 418 1629 470 μῆνας

173 480 219 536 ε’,
252 484 444 542 στεφθεὶς
475 481 554 525 {mo
583 482 813 526 Ἀνατολίου
848 478 1124 537 πατριάρχου·
1173 486 1247 524 τοῦ
1283 482 1360 541 γὰρ
1409 483 1628 527 Θεοδοσίου

139 549 502 608 ὅτελευτήσαντος,
534 553 605 595 Υκαὶ
632 548 755 607 μήπω
789 550 864 592 τινὶ
890 547 1034 592 τούτου
1059 551 1332 604 γνωσθέντος,
1367 556 1630 607 μεταστειλα-

169 620 269 676 μένη
290 625 432 664 τοῦτον
453 618 480 676 ἦ
500 621 735 677 Πουλχερία
762 616 1012 676 στρατιώτην
1045 615 1142 659 ὄντα
1172 619 1363 675 γέροντα,
1398 621 1439 663 ἓν
1463 638 1630 680 σωφρο-

171 687 271 746 σύνῃ
296 690 363 732 καὶ
376 687 592 745 σεμνότητι
611 690 702 743 βιόυ
724 687 1009 745 διαπρέποντα,
1046 687 1146 743 φησὶ
1168 687 1270 743 πρὸς
1288 686 1411 731 αὐτόν
1424 687 1589 745 “ἔπειδὴ
1609 687 1631 733 ὅ

169 757 361 811 βασιλεὺς
378 756 639 813 ἐτελεύτησεν,
660 756 736 813 ἐγὼ
758 756 805 798 δέ
825 773 868 799 σε
886 750 1123 810 ἐξελεξάμην
1144 755 1187 796 ἐκ
1210 754 1342 811 πάσης
1365 761 1437 813 τῆς
1458 757 1634 814 συγκλή-
1654 763 1684 798 Β

169 842 242 868 του
264 823 320 877 ὥς
340 823 538 883 ἐνάρετον,
566 824 636 876 δός
657 843 728 881 μοι
751 822 870 880 λόγον
895 822 955 866 ὅτι
979 821 1194 880 φυλάττεις
1211 841 1292 879 μου
1315 824 1388 880 τὴν
1410 828 1636 883 παρθενίαν

119 900 163 936 10
173 892 348 947 ἄσυλον,
387 893 438 950 ἣν
462 898 520 953 τῷ
542 898 630 954 θεῷ
661 893 884 949 ἀνεθέμην,
929 893 997 935 καὶ
1020 890 1251 950 ἇναγορεύω
1273 910 1316 936 σε
1339 895 1395 944 εἷς
1414 894 1635 948 βασιλέα.”

171 966 245 1006 τοῦ
263 963 308 1006 δὲ
324 963 573 1018 συνθεμένου
595 967 724 1005 ταῦτα
747 962 851 1017 μεθ’
885 959 1006 1019 ὅρκου
1032 965 1319 1018 προσκαλεῖται
1343 962 1413 1005 τὸν
1434 963 1636 1023 πατριάρ-

165 1047 246 1087 χην
274 1033 342 1074 καὶ
370 1031 444 1087 τὴν
476 1030 710 1088 σύγκλητον,
741 1032 808 1073 καὶ
835 1027 1066 1087 ἀναγορεύει
1092 1029 1215 1072 αὐτὸν
1234 1032 1421 1085 βασιλέα.
1492 1033 1562 1090 ἐφ’
1590 1028 1639 1075 οὗ

170 1101 239 1142 καὶ
258 1097 285 1155 ἦ
308 1098 478 1157 τετάρτη
497 1101 627 1157 γέγονε
646 1098 815 1150 σύνοδος
832 1100 873 1141 ἓν
888 1096 1130 1153 Χαλκηδόνι
1147 1103 1226 1141 τῶν
1243 1099 1309 1154 χλ’
1330 1100 1514 1158 πατέρων
1532 1101 1638 1145 κατὰ

171 1167 379 1223 Εὖτυχοῦς
400 1171 468 1211 καὶ
491 1167 760 1226 Διοσκούρου.
830 1166 851 1210 ὅ
887 1169 930 1210 δὲ
958 1167 1151 1222 βασιλεὺς
1174 1169 1421 1226 Μαρκιανὸς
1446 1172 1637 1228 στεφθεὶς

117 1241 160 1279 15
173 1233 202 1268 *
215 1233 245 1268 *
258 1235 288 1268 *
308 1237 404 1287 τοὺς
426 1235 555 1287 πόδας
570 1269 582 1288 ,
630 1239 697 1279 καὶ
719 1233 988 1294 ἀρρωστήσας
1008 1236 1072 1277 ἐπὶ
1090 1240 1223 1289 μῆνας
1238 1238 1350 1279 πέντε
1374 1237 1636 1294 ἐτελεύτησεν.

309 1305 435 1348 Μετὰ
458 1306 501 1348 δὲ
519 1305 767 1363 Μαρκιανὸν
790 1305 1023 1358 ἐβασίλευσε
1045 1304 1171 1346 Λέων
1192 1301 1212 1346 ὃ
1233 1305 1358 1360 μέγας
1384 1304 1405 1348 ὁ
1428 1305 1637 1362 λεγόμενος

173 1369 324 1416 Μάκελ
347 1371 413 1429 ἴτη
438 1371 505 1429 ιη’,
540 1373 609 1416 διὰ
630 1374 703 1429 τὴν
723 1372 868 1430 ἀρετὴν
890 1372 1016 1414 αὐτοῦ
1036 1374 1103 1413 καὶ
1125 1371 1369 1429 ὃρθοδοξίαν
1387 1378 1638 1431 προβληθεὶς
1660 1383 1691 1418 C

173 1441 287 1502 παρᾷ
300 1441 505 1500 ’Άσπαρος
526 1444 593 1485 καὶ
608 1441 901 1499 Ἀρδαβουριόυ
911 1472 924 1493 ,
974 1438 1044 1490 οὓς
1075 1439 1196 1490 αὐτὸς
1216 1439 1384 1499 ὕστερον
1407 1443 1560 1486 ἀνεῖλεν
1581 1442 1638 1495 ὥς

167 1508 397 1567 Ἀρειανοὺς
428 1513 497 1553 καὶ
526 1508 628 1566 μήτε
651 1509 783 1567 ὀρθὴν
808 1510 942 1551 πίστιν
964 1506 1128 1564 Ξᾷγοντας
1149 1509 1250 1566 πρὸς
1271 1510 1393 1553 αὐτὸν
1415 1514 1482 1554 καὶ
1502 1517 1637 1564 κακῶς

115 1577 226 1624 2οτὰ
247 1576 468 1636 πράγματα
490 1580 650 1622 διοικεῖν
670 1577 956 1633 βουλομένους.
1025 1575 1192 1634 γράψας
1223 1578 1267 1620 δὲ
1295 1579 1506 1636 ἐπιστολὴν
1537 1581 1641 1640 πρὸς

165 1645 380 1702 Ἀνθέμιον
407 1647 581 1702 βασιλέα
609 1644 769 1701 Ῥώμης
801 1647 868 1688 καὶ
899 1649 1018 1688 τοῦτο
1053 1644 1192 1698 ἔθετο,
1241 1645 1301 1689 ὅτι
1335 1648 1411 1703 ἐγώ
1438 1648 1639 1707 ἐφόνευσα

165 1713 351 1774 Ἄσπαρα
374 1717 440 1758 καὶ
455 1713 773 1774 Ἀρδαβούριον,
816 1715 886 1756 ἰ’να
915 1715 1056 1769 μηδεὶς
1080 1714 1318 1757 ἔναντιῶταί
1334 1733 1419 1770 μοι.
1488 1717 1641 1762 Μάκελ

174 1877 248 1902 nem
265 1867 416 1902 confert=
437 1863 535 1903 “hoc
550 1863 667 1902 enim’'
690 1866 741 1901 ait
761 1863 874 1901 “mibi
890 1866 1021 1913 Ephesi
1046 1867 1263 1902 commoranti
1288 1868 1434 1903 Ioannes
1460 1869 1640 1916 theologus

174 1913 411 1948 manifestavit.
421 1909 444 1924 ’⁵
491 1918 526 1948 et
540 1919 620 1959 post
634 1913 771 1947 biduum
788 1913 919 1947 efflavit
933 1913 1085 1947 animam.

264 1958 352 1993 Post
364 1959 594 1994 Theodosium
614 1958 788 2004 imperium
815 1958 1066 1992 administravit
1081 1958 1278 1994 Marcianus
1296 1970 1400 1994 annos
1418 1971 1477 1995 sex
1493 1963 1529 1995 et
1543 1972 1638 1995 men-

173 2014 229 2039 ses
248 2004 407 2050 quinque.
453 2016 612 2039 coronam
633 2004 764 2049 imperii
789 2005 832 2038 ab
849 2004 1005 2038 Anatolio
1021 2004 1216 2049 patriarcha
1232 2006 1384 2051 accepit:
1411 2017 1487 2040 nam
1505 2011 1638 2042 mortuo

173 2050 385 2093 Theodosio,
408 2062 480 2085 cum
497 2051 606 2084 adhuc
623 2050 743 2084 nemini
759 2050 985 2083 innotesceret
997 2075 1008 2092 ‚
1035 2050 1215 2085 Pulcheria
1232 2051 1408 2085 Marciano
1425 2051 1530 2086 milite
1545 2064 1641 2096 sene,

173 2097 396 2142 temperantia
409 2109 450 2131 ac
466 2097 639 2141 gravitate
656 2095 801 2140 insigni,
836 2095 947 2130 accito
965 2095 1014 2128 ita
1029 2095 1166 2131 effatur.
1212 2093 1232 2107 “
1245 2098 1379 2141 quando
1395 2097 1580 2143 imperator
1595 2099 1641 2134 de

174 2141 246 2176 vita
270 2142 446 2184 discessit,
480 2149 584 2188 teque
602 2154 644 2176 ex
661 2142 749 2175 omni
768 2146 961 2175 senatorum
976 2153 1113 2175 numero
1130 2142 1315 2178 virtutibus
1333 2144 1484 2178 omnibus
1500 2145 1640 2189 praedi-

175 2191 245 2222 tum
262 2188 498 2234 imperatorem
515 2189 692 2233 elegerim,
716 2188 817 2222 fidem
832 2187 933 2221 velim
949 2187 1141 2232 adstringas
1156 2193 1246 2222 tuam
1257 2215 1267 2231 ‚
1292 2193 1327 2223 te
1344 2200 1510 2234 nunquam
1528 2190 1639 2236 virgi-

175 2232 315 2269 nitatem
331 2245 458 2276 meam,
492 2246 593 2280 quam
613 2238 864 2268 sacrosanctam
890 2233 954 2266 deo
980 2233 1125 2267 oblatam
1140 2235 1323 2279 spopondi,
1347 2235 1563 2271 violaturum.
1610 2236 1639 2270 si

175 2278 283 2332 primo
298 2279 511 2325 promiseris,
545 2285 581 2314 te
596 2280 648 2314 rei
663 2280 818 2325 publicae
832 2278 1070 2322 imperatorem
1084 2278 1312 2325 proponam.”
1360 2287 1529 2316 annuente
1545 2293 1586 2316 eo
1604 2285 1639 2316 et

176 2324 391 2361 iureiurando
406 2326 497 2360 dicta
512 2326 686 2370 firmante,
716 2324 914 2371 imperatrix
939 2325 1131 2371 patriarcha
1146 2327 1291 2361 acersito
1309 2333 1495 2372 senatuque
1512 2339 1639 2362 convo-

178 2374 256 2404 cato
271 2371 479 2407 Marcianum
492 2372 725 2418 imperatorem
740 2371 924 2405 renuntiat.
963 2370 1027 2405 sub
1043 2383 1083 2406 eo
1099 2376 1221 2417 quarta
1236 2373 1386 2417 synodus
1402 2379 1637 2408 sexcentorum

178 2414 316 2460 triginta
336 2422 469 2464 patrum
486 2419 575 2464 apud
592 2418 842 2452 Chalcedonem
870 2417 1033 2452 adversus
1056 2418 1243 2463 Eutychem
1270 2424 1305 2453 et
1320 2419 1520 2455 Dioscurum
1546 2420 1640 2454 cele-

178 2460 278 2496 brata
292 2467 354 2497 est.
400 2463 448 2498 sic
463 2463 655 2498 Marcianus
679 2475 837 2498 coronam
862 2463 990 2508 imperii
1014 2469 1215 2498 consecutus
1231 2466 1329 2487 ****
1345 2473 1448 2510 atque
1465 2478 1506 2501 ex
1522 2465 1637 2511 aegri-

178 2507 292 2541 tudine
305 2508 340 2542 in
354 2510 503 2544 morbum
519 2510 690 2544 coniectus
706 2514 785 2555 post
799 2520 929 2543 menses
944 2508 1092 2555 quinque
1107 2509 1194 2544 diem
1210 2521 1305 2544 suum
1322 2511 1416 2545 obiit.

269 2553 354 2588 Post
367 2553 576 2589 Marcianum
603 2557 700 2590 frena
722 2554 854 2600 imperii
877 2555 1069 2590 moderatus
1093 2559 1145 2590 est
1160 2556 1231 2590 Leo
1248 2556 1395 2601 Magnus
1417 2561 1637 2602 cognomento

180 2598 292 2632 Macel
308 2610 413 2633 annos
429 2601 615 2636 octodecim
627 2628 637 2643 ‚
674 2602 716 2635 ob
731 2601 888 2635 virtutem
904 2606 1100 2647 rectamque
1116 2613 1156 2636 ac
1171 2602 1400 2648 incorruptam
1417 2602 1459 2636 de
1476 2603 1545 2636 fide
1561 2603 1639 2650 opi-

179 2644 310 2678 nionem
325 2645 369 2679 ab
384 2648 512 2692 Aspare
526 2651 562 2680 et
577 2647 763 2682 Ardaburio
780 2653 934 2690 creatus,
970 2659 1055 2693 quos
1075 2647 1085 2681 i
1112 2659 1148 2681 se
1164 2652 1282 2693 postea
1298 2653 1458 2694 tanquam
1475 2648 1639 2682 Arrianus

179 2694 214 2723 et
238 2690 273 2724 in
295 2695 402 2724 semet
426 2691 576 2738 perfidos
609 2693 886 2738 facinorosusque
911 2704 1022 2727 rerum
1045 2705 1089 2738 pu
1117 2694 1253 2727 licarum
1279 2693 1571 2728 administratores
1597 2694 1640 2728 de

179 2735 288 2770 medio
306 2737 450 2771 sustulit.
482 2737 553 2772 Leo
570 2738 658 2773 datis
674 2739 717 2772 ad
736 2739 947 2773 Anthemium
964 2740 1148 2773 Romanum
1164 2738 1399 2785 imperatorem
1414 2740 1537 2774 litteris
1552 2740 1642 2773 inter

179 2782 245 2816 alia
259 2782 339 2816 illud
357 2794 491 2828 quoque
507 2784 682 2819 subiunxit
706 2781 726 2794 “
740 2797 804 2830 ego
821 2785 985 2832 Asparem
1003 2788 1038 2818 et
1054 2784 1279 2819 Ardaburium
1295 2786 1494 2820 mactandos
1510 2786 1641 2826 curavi,

179 2839 222 2863 ne
248 2829 323 2874 quis
349 2829 425 2863 mihi
445 2831 590 2876 posthac
615 2830 824 2867 adversetur.
833 2828 854 2843 ”
903 2831 1013 2866 Macel
1039 2842 1120 2865 vero
1143 2830 1294 2866 Romana
1320 2832 1432 2877 lingua
1458 2832 1641 2866 occisorem
