1924 3242
725 188 981 231 ANNALES.
1485 184 1579 232 189

133 303 320 354 ἐποιεῖτο,
353 298 442 344 τότε
471 301 523 344 τὰ
551 305 631 344 τῶν
658 305 848 356 μοναχῶν
870 301 1071 344 ἐνεδέδυτο
1095 299 1231 358 ἄμφια
1250 298 1329 343 ὑπὸ
1351 303 1426 343 τοῦ
1449 302 1580 343 Φιλα-

79 392 84 398 ·
131 371 299 427 δελφιάς
313 369 568 412 ’Ῑωαννικίοω
636 368 692 420 ὥς
711 370 789 427 γὰρ
814 375 970 425 συχνῶς
991 367 1196 425 διηνώχλει
1218 369 1286 412 τὸν
1304 369 1474 423 βασιλέα
1496 370 1582 411 ἐπι-

132 439 310 494 δημῆσαι
333 442 384 494 τῇ
403 436 692 495 Παφλαγόνων
713 441 885 494 (ἐκεῖθεν
907 441 973 480 καὶ
991 439 1068 495 γὰρ
1091 437 1290 493 ὥρμητο),
1324 437 1369 480 τὸ
1390 435 1582 494 στρεβλό-

130 522 226 549 νονν
252 511 326 548 τοῦ
354 506 501 563 ἀνδρὸς
529 505 550 548 ὅ
583 507 775 561 βασιλεῦς
804 505 1064 561 ἐπιστάμενος
1096 506 1168 548 οὐκ
1199 506 1260 548 εἴα
1283 510 1425 548 τοῦτον
1447 507 1509 548 ἐπὶ
1532 506 1583 548 τὰ

98 574 253 619 ὄέκεῖσε
276 575 379 631 μέρη
403 575 604 631 ἀφῖχθαι·
641 575 791 626 σκοπὸς
816 575 894 632 γὰρ
923 570 973 630 ἦν
995 575 1106 631 αὐτῷ
1122 573 1173 616 τὰ
1197 579 1277 617 τῶν
1298 571 1584 631 Παφλαγόνων

130 641 267 685 πάντα.
285 639 525 700 διαταράξαι
555 648 605 699 τῇ
634 644 735 701 πρὸς
755 643 826 686 τὸν
847 644 1019 697 βασιλέα
1041 643 1218 701 δυσνοίᾳ.
1287 640 1308 684 ὃ
1327 642 1518 696 βασιλεὺς
1540 643 1584 685 δὲ

131 709 384 754 δικαιότατον
405 711 508 768 πρὸς
529 716 671 754 τοῦτον
692 713 811 754 ἐποίει
833 711 902 754 τὸν
919 710 1050 768 λόγον,
1077 709 1133 760 ὥς
1149 712 1444 768 μητροπολίτης
1456 727 1583 765 κεχει-

130 777 344 836 ροτόνησαι
365 777 570 836 Σάρδεων,
588 818 590 820 ,
605 780 733 822 οὐκέτι
754 798 796 836 γε
818 780 900 835 μὴν
919 780 1228 836 Παφλαγονίας,
1263 780 1331 820 καὶ
1354 780 1478 833 δεῖσε
1501 786 1583 830 τοῖς
1606 787 1637 820 C

123 851 210 890 ’τῶν
231 846 422 904 Σάρδεων
442 849 732 905 ἐμφιλοχωρεῖν
750 850 889 906 με’ρεσι
913 848 1068 891 κάκεῖσε
1089 849 1155 890 καὶ
1180 848 1397 904 διατρίβειν
1417 848 1488 889 καί
1508 864 1581 890 σου

74 925 119 959 10
129 917 352 970 ποιμαίνειν
375 916 420 958 τὸ
442 917 636 970 ποίμνιον.
705 917 786 958 ἐπεὶ
816 911 888 958 οὖν
919 915 1075 972 ἐγνώκει
1108 913 1392 970 ἀμετάπτωτον
1416 914 1513 958 εἶναι
1537 916 1582 958 τὸ

123 983 334 1038 βασιλικὸν
351 982 541 1038 βούλημα
552 1012 568 1034 ,
598 983 656 1038 μὴ
685 983 786 1038 ἔχων
818 983 840 1025 ὅ
869 1002 906 1026 τι
931 986 997 1026 καὶ
1016 981 1198 1041 δράσειε,
1228 983 1297 1026 τὸν
1313 982 1469 1040 μονήρη
1490 985 1580 1038 βίον

125 1053 341 1108 προείλετο.
395 1050 417 1093 ὃ
437 1052 480 1094 δὲ
505 1052 803 1106 Θεσσαλονίκης
824 1052 1029 1107 ΙΙἸανουὴλ
1053 1051 1161 1094 ἄκων
1182 1051 1296 1102 ἐξιὼν
1316 1056 1388 1107 τῆς
1406 1054 1582 1102 Νικαίας

124 1122 217 1178 περί
232 1137 310 1162 που
329 1119 380 1162 τὰ
401 1121 516 1176 ἐγγὺς
538 1122 686 1175 ἐκείνης
708 1122 913 1177 διέτριβεν.
983 1119 1004 1162 ὃ
1033 1122 1076 1163 δὲ
1101 1119 1426 1177 πατριαρχεόσας
1442 1120 1581 1176 Ἀρσί-

122 1204 207 1239 νιος
225 1191 292 1230 καὶ
311 1187 432 1238 αὐτὸς
449 1188 563 1238 ἐξιών
580 1190 731 1231 ἐκεῖθεν
751 1188 792 1230 ἕν
809 1207 884 1231 τινι
902 1191 1067 1246 σεμνείῳ
1088 1187 1232 1231 ἑαυτὸν
1254 1191 1474 1245 καθείρξας
1491 1191 1581 1244 διῆ-

70 1260 202 1312 15γεν.
270 1257 455 1299 ἐντεῦθεν
485 1255 746 1307 συνελθόντες
762 1255 906 1307 πάντες
929 1258 966 1298 οἱ
988 1257 1184 1314 ἀρχιερεῖς
1205 1258 1266 1298 ἐπὶ
1289 1257 1362 1311 τὴν
1382 1256 1557 1311 Λάμψα
1578 1282 1582 1286 ·

124 1342 208 1376 κον,
242 1322 374 1382 ψήφῳ
402 1322 562 1366 πάντων
587 1327 653 1367 καὶ
681 1330 889 1381 προσταγῇ
910 1326 1109 1378 βασιλέως
1130 1323 1151 1366 ὅ
1173 1330 1247 1379 τῆς
1263 1325 1434 1381 Ἐφέσου
1459 1323 1581 1382 πρόε-

123 1395 221 1451 δρος
237 1390 475 1450 Νικηφόρος
497 1395 552 1443 εἷς
570 1393 639 1435 τὸν
656 1393 944 1450 πατριαρχικὸν
960 1391 1120 1447 ἀνήχθη
1140 1391 1303 1449 θρόνον.
1338 1393 1424 1434 ἀλλ’
1449 1387 1578 1444 οὗτος,
1601 1406 1635 1440 1)

123 1459 311 1518 καθάπερ
346 1459 536 1518 εῑρήκειν,
577 1460 698 1516 μήπω
722 1462 948 1510 ἐνιαυτίσας
968 1461 1014 1503 τὸ
1035 1465 1152 1514 βιοῦν
1176 1461 1422 1516 ἐξεμέτρησε.
1490 1460 1579 1504 τότε

120 1534 218 1585 γοῦν
241 1527 262 1571 ὃ
285 1528 620 1586 σεβαστοκράτωρ
642 1531 852 1586 Τορνίκιος
873 1534 923 1586 τῇ
944 1531 1059 1588 φιλία
1083 1534 1155 1571 τοῦ
1168 1529 1369 1586 Ἀρσενιόυ
1392 1532 1578 1586 προσκεί-

67 1604 113 1643 20
121 1615 242 1653 μενος
261 1595 455 1653 ἠνάγκαζε
474 1597 543 1639 τὸν
560 1599 731 1651 βασιλέα
750 1597 819 1639 τὸν
831 1591 1032 1654 Ἄρσένιον
1048 1600 1104 1647 εἷς
1123 1596 1191 1639 τὸν
1210 1597 1499 1654 πατριαρχικόν
1512 1600 1581 1640 καὶ

121 1660 245 1716 αὖθις
260 1663 413 1723 θρόνον
434 1665 665 1722 ἀναγαγεῖν,
710 1664 909 1719 θαύματά
939 1683 1027 1708 τινα
1059 1667 1126 1708 καὶ
1162 1664 1352 1722 τεράστια
1373 1665 1485 1723 παρὰ
1507 1671 1581 1708 τοῦ

114 1734 314 1791 Ἀρσενίου
336 1732 597 1791 ἐνεργούμενα
617 1732 888 1790 διηγούμενος,
913 1736 979 1776 καὶ
1001 1732 1219 1791 πράγματα
1242 1737 1431 1789 διηνεκῶς
1450 1751 1578 1791 πρου-

121 1803 216 1853 ξένει
245 1806 304 1861 τῷ
332 1805 510 1856 βασιλεῖ,
545 1801 850 1860 πατριαρχεύειν
882 1802 952 1846 τὸν
983 1801 1155 1846 δύσνουν
1188 1802 1300 1862 αὐτῷ
1326 1801 1577 1857 βιαζόμενος.

209 1920 233 1956 4
253 1918 337 1965 περὶ
357 1920 474 1965 vulgo.

118 2021 162 2057 ab
175 2021 344 2056 Ioannicio
359 2021 643 2067 Philadelphiensi
659 2022 841 2057 monastico
857 2021 958 2068 pallio
974 2021 1143 2055 induitur:
1166 2020 1221 2054 ille
1239 2020 1325 2054 enim
1341 2020 1511 2065 continuo,
1536 2021 1573 2055 et

118 2079 183 2102 non
198 2067 271 2102 sine
286 2067 438 2101 molestia
453 2067 664 2113 imperatoris
680 2068 822 2102 animum
837 2067 1040 2102 sollicitabat
1050 2092 1061 2108 ,
1085 2072 1122 2101 ut
1137 2065 1372 2112 proficiscendi
1390 2067 1455 2100 sibi
1474 2067 1574 2100 dare-

115 2118 172 2148 tur
191 2113 332 2147 facultas
347 2113 622 2160 Paphlagoniam,
647 2114 734 2148 unde
749 2114 822 2160 ipse
837 2118 947 2147 ortum
963 2113 1130 2154 ducebat3
1156 2112 1215 2145 sed
1231 2112 1414 2156 imperator
1429 2112 1573 2146 distorta

117 2158 257 2194 hominis
271 2170 370 2194 sensa
385 2159 535 2204 apprime
551 2160 674 2193 callens
685 2186 695 2203 ,
729 2172 771 2193 ne
787 2160 820 2193 in
837 2171 893 2193 eas
911 2164 1026 2204 partes
1043 2159 1173 2200 abiret,
1208 2156 1429 2202 impediebat:
1462 2159 1573 2192 auimo

116 2204 203 2239 enim
242 2211 441 2250 reposuerat
457 2210 597 2250 propter
612 2217 669 2239 eas
686 2217 770 2250 quas
786 2217 859 2239 cum
875 2205 1077 2250 imperatore
1093 2203 1282 2238 simultates
1300 2203 1491 2247 exercebat,
1516 2213 1573 2237 res

104 2250 211 2296 Paph
225 2262 369 2293 agonum
392 2251 604 2298 perturbare.
661 2263 775 2285 verum
791 2251 976 2295 imperator
990 2249 1188 2295 aequissimo
1204 2259 1279 2282 eum
1295 2259 1448 2282 sermone
1463 2248 1576 2282 laces—

115 2295 170 2330 sit.
214 2291 235 2306 “
248 2296 416 2342 Sardium,
440 2308 506 2330 non
523 2296 776 2341 Paphlagoniae
790 2296 1076 2341 metropolitatum
1092 2299 1206 2329 tenes:
1227 2293 1382 2328 Sardium
1399 2293 1476 2328 ideo
1491 2306 1576 2339 par-

115 2344 167 2374 tes
179 2341 387 2385 invisendae,
410 2342 530 2387 quibus
548 2343 704 2376 continuo
723 2353 943 2376 consuescere
957 2341 1073 2384 debes,
1097 2340 1211 2386 ibique
1227 2339 1434 2373 immorando
1450 2352 1573 2384 greges

112 2386 174 2420 tibi
190 2386 380 2421 commissos
394 2399 544 2433 pascere.
554 2385 575 2398 '’
619 2388 722 2432 igitur
744 2388 801 2422 ubi
827 2388 1064 2433 imperatorem
1089 2385 1328 2420 inexorabilem
1354 2385 1442 2419 vidit
1452 2411 1463 2427 ‚
1497 2397 1572 2419 cum

113 2431 195 2477 quid
210 2431 349 2476 agereti
375 2444 412 2466 se
425 2434 582 2475 nesciret,
605 2434 821 2468 monasticum
837 2434 928 2467 vitae
942 2432 1129 2467 institutum
1146 2431 1341 2476 complexus
1357 2436 1420 2465 est.
1457 2431 1573 2464 Thes-

113 2477 328 2511 salonicensis
381 2479 477 2513 anuel
493 2480 617 2513 invitus
632 2480 762 2514 Nicaea
778 2490 936 2524 egressus
952 2478 985 2512 in
1003 2477 1084 2512 locis
1101 2477 1332 2511 adiacentibus
1348 2476 1452 2510 vitam
1468 2476 1573 2510 duce-

112 2523 183 2557 bat.
230 2523 390 2557 Arsenius
411 2523 490 2559 item
514 2526 753 2571 expatriarcha
775 2532 810 2558 et
836 2525 910 2570 ipse
932 2524 1011 2558 inde
1035 2523 1150 2558 exiens
1164 2522 1198 2556 in
1215 2522 1449 2556 monasterium
1466 2533 1504 2556 se
1518 2522 1572 2555 in-

101 2568 223 2605 ·trusit.
268 2568 346 2602 hinc
372 2569 519 2604 universi
538 2571 712 2617 praesules
731 2571 950 2617 Lampsacum
978 2569 1219 2603 convenientes
1235 2567 1400 2612 suffragio
1427 2567 1570 2602 omnium

112 2614 338 2659 mandatoque
363 2614 574 2660 imperatoris
590 2617 798 2662 Ephesinum
824 2616 1009 2651 antistitem
1027 2615 1257 2659 Nicephorum
1284 2613 1318 2646 in
1345 2613 1572 2658 patriarchale

113 2659 228 2693 solium
243 2660 416 2694 invehunt.
455 2661 512 2694 sed
531 2662 595 2703 hic,
618 2667 657 2696 ut
670 2663 735 2696 iam
751 2662 831 2702 dixi,
856 2673 964 2707 neque
980 2672 1042 2706 per
1057 2671 1177 2693 annum
1194 2659 1358 2702 integrum
1375 2659 1569 2692 cathedram

113 2705 304 2739 moderatus
330 2717 350 2739 e
372 2705 460 2740 vivis
483 2708 640 2741 excessit.
686 2713 767 2742 tunc
792 2709 1045 2741 sebastocrator
1059 2704 1242 2739 Tornicius
1257 2704 1399 2738 Arsenio
1419 2705 1570 2749 impense

110 2751 244 2784 deditus
265 2751 497 2797 imperatorem
524 2754 666 2797 urgebat
680 2779 690 2795 ‚
722 2759 758 2787 ut
774 2753 950 2787 Arsenium
973 2752 1091 2785 iterum
1115 2750 1149 2784 in
1174 2750 1432 2796 patriarchalem
1456 2750 1569 2782 sedem

96 2802 339 2841 promoveret,
357 2802 392 2831 et
410 2796 494 2830 mira
507 2799 667 2842 quaedam
683 2811 724 2832 ac
763 2803 938 2832 ortentosa
953 2796 1088 2831 Arsenii
1104 2795 1257 2829 facinora
1272 2795 1305 2829 in
1323 2795 1464 2829 medium
1482 2794 1569 2826 affe-

109 2853 186 2876 rens
201 2843 361 2877 continuo
378 2843 611 2889 imperatorem
629 2844 671 2879 ad
688 2856 740 2881 mo
756 2844 872 2880 estium
888 2854 995 2889 usque
1012 2842 1199 2887 exorabat,
1223 2845 1262 2875 ut
1279 2840 1344 2876 sibi
1359 2840 1491 2875 minime
1508 2850 1567 2873 ae-
