1858 3236
123 664 216 701 1³39

192 1357 223 1393 B

251 210 317 258 82
645 196 1021 259 'CONSTANTINI
1052 214 1315 259 :uANAssls

458 325 602 385 Τούτῳ
623 330 745 382 συνῆν
767 323 1007 379 διδάσκαλος
1020 325 1299 384 Ἀλεξανδρεὺς
1317 326 1362 370 τὸ
1384 325 1514 384 γε’νος,’
1533 336 1536 338 ’
1568 320 1581 385 ι’

387 395 460 450 τὴν
480 398 618 450 κλῆσιν
628 393 929 452 Ἀθηνόδωρος,
967 394 1100 451 πάσης
1118 397 1267 453 σοφίας
1285 394 1453 452 πλήρης,

367 492 370 494 v
388 465 453 505 καὶ
474 461 647 519 τρόπους
665 461 906 513 ἱκανώτατος
928 462 1133 520 ῥυθμίζειν
1154 465 1221 505 καὶ
1238 461 1450 507 παιδεύειν.

387 525 504 580 οὗτος
523 530 845 588 ἐρωτοκράτητον
862 531 933 573 τὸν
950 533 1140 587 Καίσαρα
1159 529 1362 587 γινώσκων

255 599 361 640 1875
387 600 452 640 καὶ
472 598 516 641 τὸ
535 599 608 652 μὲν
629 597 721 642 ὅλον
742 598 941 656 πορνικόν,
971 599 1015 642 τὸ
1034 599 1077 641 δὲ
1094 602 1172 640 τῶν
1189 598 1322 640 ἄλλων
1333 603 1483 656 χεῖρον,

385 666 622 724 ὃρεκτιιῦντα
643 672 839 723 γυναικῶν
861 665 1053 724 ἀνδράσιν
1074 666 1323 722 ἐζευγμείιων,

376 736 453 795 μκαὶ
475 734 569 785 τοὺς
591 733 789 790 ὅμόζυγας
810 735 941 777 αὐτῶν
958 733 1164 791 ὑπηρετεῖν
1188 738 1243 791 τῷ
1263 733 1382 787 μύσει

385 805 627 852 δεσποτικῶς
647 802 946 860 προστάττοντα
965 804 1032 844 καὶ
1053 802 1410 859 τυραννικωτίρως,

383 868 548 924 ἀπάγειν
578 876 718 913 τοῦτον
737 870 901 913 ἔσπευδε
919 876 990 925 τῆς
1008 869 1158 924 λύσσης
1173 863 1244 924 τῆς
1262 874 1334 911 τοῦ
1350 867 1523 919 πάθους.

261 942 374 986 1880
395 941 475 981 ε’πεὶ
503 940 529 980 ὃ
539 936 552 953 ³
571 939 618 981 οὗ
636 940 862 992 μετετίθετο
883 940 1045 995 Καῖσαρ
1064 943 1136 980 τοῦ
1155 936 1312 995 φαύλου
1332 938 1438 990 βίου,

386 1006 407 1049 ὅ
430 1007 672 1060 θαυμαστὸς
697 1007 932 1061 καθηγητὴς
950 1004 1130 1048 τοιοῦτόν
1150 1023 1187 1048 τι
1205 1010 1401 1059 τεχνᾶται.

382 1075 482 1117 ι’ὃιὺν
503 1073 800 1131 ὀλοφυρόμενον
824 1074 1041 1130 ἄνθρωπον
1059 1075 1124 1115 καὶ
1143 1077 1374 1130 θρηνοῦντα

382 1147 462 1185 τῶν
482 1146 554 1196 τῆς
574 1141 795 1197 συγκλήτου
818 1143 882 1184 καὶ
904 1146 1101 1199 λαμπρῶν
1119 1142 1185 1183 καὶ
1204 1145 1282 1183 τῶν
1301 1137 1585 1196 εὖτυχεστὲρων

384 1211 469 1261 (καὶ
488 1210 565 1267 γὰρ
596 1211 704 1267 αὐτῷ
727 1211 995 1267 προστέτακτο
1017 1211 1165 1266 φορείῳ
1185 1209 1414 1264 καταστέγῳ

249 1278 355 1322 1885
374 1279 446 1333 τὴν
466 1278 640 1333 γαμετὴν
659 1280 940 1333 ἕγκλείσασθαι
961 1279 1026 1319 καὶ
1045 1282 1100 1334 τῷ
1121 1280 1332 1333 κρατοῦντι
1351 1274 1529 1329 πέμψαι)

383 1350 656 1402 παρεγγυᾶται
674 1345 733 1399 μὴ
757 1349 918 1387 πενθεῖν
933 1346 1038 1399 μηδὲ
1055 1345 1214 1400 βαρέως
1237 1343 1384 1400 φέρειν,

382 1413 504 1456 αὐτὸν
522 1413 565 1455 δ’
585 1413 670 1455 ἀντὶ
692 1418 762 1467 τῆς
782 1412 968 1467 γυναικὸς
983 1414 1178 1466 ἐγκλεῖσαι
1199 1415 1257 1468 τῷ
1276 1411 1424 1468 φορείῳ

381 1483 449 1523 καὶ
470 1485 622 1523 στεῖλαι
644 1480 744 1537 πρὸς
761 1481 830 1522 τὸν
848 1482 1061 1536 Καίσαρα·
1095 1483 1212 1521 τοῦτο
1231 1478 1308 1534 γὰρ
1329 1478 1419 1520 δέον
1439 1474 1550 1519 εἶναι.

381 1551 446 1591 καὶ
468 1548 585 1603 μόλις
602 1549 695 1602 με’ν,
731 1551 944 1601 συμπείθει
963 1547 1006 1589 (5²
1028 1540 1111 1589 οὖν.
1179 1548 1266 1588 τίνα
1286 1546 1338 1588 τὰ
1357 1545 1459 1600 μετὰ
1478 1548 1620 1596 τοῦτος

247 1619 354 1661 1890
374 1618 530 1660 εἷ’σεισιν
540 1614 841 1672 Ἀθηνόδωρος,
877 1616 1012 1658 εἴσεισι
1033 1616 1148 1672 ξίφος
1167 1614 1312 1671 φέρων.

380 1686 574 1738 πέμπεται
594 1685 695 1740 πρὸς
715 1684 784 1726 τὸν
807 1685 999 1739 Καίσαρα
1020 1684 1262 1737 σημειωθεὶς
1288 1681 1496 1738 σφραγῖδι.

381 1752 403 1794 ὁ
424 1746 587 1807 Καῖσαρ
605 1750 838 1805 ὑποδέχεται
851 1782 864 1802 ,
904 1748 1068 1807 ῥήγνυσι
1088 1750 1162 1799 τὰς
1181 1751 1422 1806 σφραγῖδας.
1467 1787 1470 1791 ,

379 1820 521 1871 ἔξεισιν
534 1817 817 1875 Ἀθηνόδωρος
837 1819 882 1860 τὸ
905 1820 1020 1875 ξίφος
1040 1819 1231 1860 ἐπισείων.

380 1891 602 1942 θαμβεῖται
624 1888 787 1944 Καῖσαρ
811 1886 1011 1938 κατιδών,
1039 1890 1095 1951 τῷ
1116 1886 1194 1928 δέει
1218 1887 1550 1953 κρυσταλλοῦται.

340 1995 430 2030 1877
445 1994 490 2040 τῇ
514 1992 642 2040 πράξει
664 1995 698 2029 R
834 1994 923 2029 1888
954 1989 1048 2028 εἶναι
1074 1990 1161 2027 δέον
1179 1991 1243 2028 AR
1381 1992 1469 2026 1889
1488 1989 1607 2025 ταῦτα
1630 1987 1697 2022 RR

295 2107 299 2110 -
336 2085 500 2120 Habebat
519 2086 611 2119 idem
635 2086 766 2120 Caesar
785 2084 983 2130 magistrum
1000 2084 1169 2129 quendam
1191 2094 1324 2127 secum,
1349 2079 1616 2130 Alexandrinum
1632 2089 1696 2124 pa-

246 2129 332 2175 tria,
365 2131 501 2164 nomine
529 2132 808 2175 Athenodorum,
835 2131 926 2165 omni
954 2131 1127 2175 sapientia
1155 2134 1192 2163 et
1217 2129 1375 2163 doctrina
1402 2126 1593 2169 excultum,
1620 2126 1694 2159 for·

246 2178 513 2220 mandorumque
534 2189 664 2211 morum
685 2177 787 2221 longe
807 2176 1064 2229 peritissimum.
1113 2175 1170 2209 hic
1195 2186 1270 2209 cum
1290 2174 1581 2208 animadverteret
1603 2171 1694 2204 Cae-

247 2234 360 2256 sarem
376 2222 412 2255 in
433 2221 594 2256 libidines
614 2228 650 2256 et
675 2227 904 2257 scortationes
935 2231 1143 2266 propensum
1166 2232 1264 2264 esse,
1287 2231 1327 2254 ac
1348 2217 1554 2263 praesertim
1570 2217 1608 2250 in
1628 2227 1691 2261 pe-

246 2267 316 2302 iori
333 2266 556 2311 delinquere,
580 2268 672 2312 quod
691 2267 849 2301 mulieres
877 2268 1052 2309 maritatas
1077 2271 1280 2311 appeteret,
1313 2275 1497 2308 earunque
1529 2262 1694 2305 coniuges

246 2317 391 2357 cogeret
412 2319 450 2345 ut
472 2312 551 2345 huic
580 2313 737 2357 improbo
759 2312 907 2346 facinori
933 2311 1188 2355 subservirent,
1217 2321 1285 2344 non
1305 2310 1462 2344 her-iliter
1493 2308 1544 2342 eis
1563 2313 1695 2342 tantum

246 2359 419 2403 imperans
441 2357 503 2391 sed
525 2358 628 2391 etiam
654 2370 748 2391 more
776 2358 976 2402 tyrannico,
1007 2363 1101 2391 totus
1123 2357 1159 2390 in
1188 2357 1253 2389 hoc
1282 2361 1358 2390 erat
1382 2360 1420 2388 ut
1440 2354 1628 2398 Augustum
1649 2354 1694 2387 ab

248 2416 291 2438 eo
309 2404 427 2437 furore
450 2401 605 2446 vitioque
625 2410 819 2436 revocaret.
867 2415 942 2436 cum
963 2409 1075 2436 autem
1100 2402 1230 2436 Caesar
1255 2401 1359 2434 vitam
1388 2400 1589 2434 sceleratam
1611 2399 1694 2433 mis-

246 2461 320 2484 sam
338 2460 408 2482 non
422 2447 566 2491 faceret,
590 2448 780 2482 admirandi
797 2455 1003 2493 praeceptor
1022 2447 1154 2491 ingenii
1175 2447 1335 2491 quiddam
1350 2445 1418 2480 tale
1430 2444 1578 2478 molitur.
1601 2445 1694 2479 forte

245 2494 436 2540 plorantem
460 2505 500 2526 ac
523 2492 761 2528 lamentantem
794 2494 1032 2538 conspiciebat
1051 2493 1220 2526 hominem
1243 2492 1451 2526 senatorium
1465 2517 1474 2533 ,
1504 2491 1598 2524 lauta
1617 2492 1692 2524 for-

247 2547 351 2583 tuna,
375 2539 514 2572 clarum.
561 2540 690 2584 quippe
712 2539 903 2573 mandatum
934 2540 967 2573 ei
990 2540 1105 2572 fuerat
1134 2545 1172 2571 ut
1195 2537 1232 2571 in
1258 2543 1380 2582 operta
1408 2536 1531 2570 lectica
1554 2536 1692 2570 conclu—

245 2597 320 2620 sam
345 2596 485 2618 uxorem
513 2583 713 2630 imperatori
742 2586 907 2618 mitteret.
954 2595 1031 2618 eum
1053 2583 1295 2616 Athenodorus
1318 2582 1449 2616 hortari
1476 2595 1518 2615 ne
1541 2582 1694 2627 ploraret

246 2643 337 2665 neve
354 2642 427 2663 rem
442 2629 530 2663 illam
553 2640 657 2674 aegro
684 2631 795 2664 ferret
816 2629 948 2663 animo:
977 2641 1016 2663 se
1034 2633 1165 2662 tantum
1187 2628 1303 2662 uxoris
1321 2627 1396 2662 loco
1418 2627 1561 2662 lecticae
1581 2627 1691 2662 inclu-

245 2676 348 2710 deret
369 2675 582 2719 Caesarique
614 2687 676 2721 pro
707 2677 782 2711 eius
812 2675 958 2719 imperio
985 2674 1150 2708 mitteret.
1197 2674 1257 2707 vix
1287 2674 1352 2707 hoc
1384 2674 1521 2718 quidem
1550 2673 1692 2717 homini,

245 2722 310 2756 sed
329 2727 442 2755 tamen
464 2722 662 2766 persuadet.
710 2721 793 2766 quid
812 2720 894 2755 inde
916 2720 1074 2754 factum?
1102 2719 1258 2753 lecticam
1275 2719 1516 2753 Athenodorus
1536 2718 1690 2764 ingredi-

243 2772 303 2801 tur
324 2766 471 2811 gladium
502 2773 644 2809 tenens,
671 2766 783 2811 sigillo
807 2767 1006 2811 obsignatus
1035 2766 1078 2800 ad
1099 2766 1283 2799 Caesarem
1299 2764 1465 2806 mittitur3
1489 2765 1621 2798 Caesar
1639 2764 1691 2798 le—

241 2814 365 2846 cticam
383 2812 527 2856 accipit,
547 2812 661 2856 sigilla
678 2812 837 2854 revellit3
863 2812 936 2846 exit
957 2811 1199 2845 Athenodorus
1223 2810 1371 2854 gladium
1395 2810 1575 2855 quatiens3
1599 2810 1689 2843 Cae-

239 2869 298 2892 sar
317 2869 358 2892 eo
383 2864 567 2903 conspecto
589 2869 657 2893 non
676 2864 807 2893 tantum
831 2857 1058 2904 obstupescit,
1078 2867 1198 2891 venun
1221 2855 1325 2891 etiam
1346 2861 1437 2890 metu
1462 2855 1690 2901 congelascit:
