<?xml version="1.0" encoding="UTF-8"?>
<!DOCTYPE html PUBLIC "-//W3C//DTD XHTML 1.0 Transitional//EN"
    "http://www.w3.org/TR/xhtml1/DTD/xhtml1-transitional.dtd">
<html xmlns="http://www.w3.org/1999/xhtml" xml:lang="en" lang="en">
 <head>
  <title>
</title>
<meta http-equiv="Content-Type" content="text/html;charset=utf-8" />
  <meta name='ocr-system' content='tesseract 3.04.00' />
  <meta name='ocr-capabilities' content='ocr_page ocr_carea ocr_par ocr_line ocrx_word'/>
</head>
<body>
  <div class='ocr_page' id='page_1' title='image "./corpusscriptorum06niebuoft/corpusscriptorum06niebuoft_0670.png"; bbox 0 0 1864 3242; ppageno 0'>
   <div class='ocr_carea' id='block_1_1' title="bbox 348 163 1257 219">
    <p class='ocr_par' dir='ltr' id='par_1_1' title="bbox 348 163 1257 219">
     <span class='ocr_line' id='line_1_1' title="bbox 348 163 1257 219; baseline 0.002 -2"><span class='ocrx_word' id='word_1_1' title='bbox 348 171 443 217; x_wconf 73' lang='lat'><strong>268</strong></span> <span class='ocrx_word' id='word_1_2' title='bbox 723 163 726 167; x_wconf 86' lang='grc'><strong>’</strong></span> <span class='ocrx_word' id='word_1_3' title='bbox 761 211 764 214; x_wconf 88' lang='grc'>.</span> <span class='ocrx_word' id='word_1_4' title='bbox 866 174 924 217; x_wconf 86' lang='lat' dir='ltr'><strong>lN</strong></span> <span class='ocrx_word' id='word_1_5' title='bbox 960 175 1257 219; x_wconf 76' lang='lat' dir='ltr'>GEORGlUM</span> 
     </span>
    </p>
   </div>
   <div class='ocr_carea' id='block_1_2' title="bbox 334 279 1775 2844">
    <p class='ocr_par' dir='ltr' id='par_1_2' title="bbox 345 279 1774 725">
     <span class='ocr_line' id='line_1_2' title="bbox 345 279 1770 339; baseline 0.006 -22"><span class='ocrx_word' id='word_1_6' title='bbox 345 281 562 332; x_wconf 77' lang='lat' dir='ltr'><strong>praesentia</strong></span> <span class='ocrx_word' id='word_1_7' title='bbox 581 279 799 330; x_wconf 79' lang='lat' dir='ltr'><strong>honoravit,</strong></span> <span class='ocrx_word' id='word_1_8' title='bbox 826 281 1092 320; x_wconf 80' lang='lat' dir='ltr'><strong>beneficiisac</strong></span> <span class='ocrx_word' id='word_1_9' title='bbox 1110 283 1337 323; x_wconf 87' lang='lat' dir='ltr'><strong>muneribus</strong></span> <span class='ocrx_word' id='word_1_10' title='bbox 1357 285 1579 335; x_wconf 81' lang='lat' dir='ltr'><strong>cumulavit,</strong></span> <span class='ocrx_word' id='word_1_11' title='bbox 1607 297 1681 338; x_wconf 79' lang='lat' dir='ltr'><strong>pro</strong></span> <span class='ocrx_word' id='word_1_12' title='bbox 1695 299 1770 339; x_wconf 47' lang='lat' dir='ltr'><strong>Pae</strong></span> 
     </span>
     <span class='ocr_line' id='line_1_3' title="bbox 346 337 1771 394; baseline 0.005 -20"><span class='ocrx_word' id='word_1_13' title='bbox 346 344 455 374; x_wconf 86' lang='lat' dir='ltr'><strong>terno</strong></span> <span class='ocrx_word' id='word_1_14' title='bbox 485 337 629 374; x_wconf 87' lang='lat' dir='ltr'><strong>scelere</strong></span> <span class='ocrx_word' id='word_1_15' title='bbox 653 339 854 386; x_wconf 66' lang='lat' dir='ltr'><strong>exoravit,</strong></span> <span class='ocrx_word' id='word_1_16' title='bbox 894 345 932 375; x_wconf 90' lang='lat' dir='ltr'><strong>et</strong></span> <span class='ocrx_word' id='word_1_17' title='bbox 946 341 1102 376; x_wconf 82' lang='lat' dir='ltr'><strong>veniam</strong></span> <span class='ocrx_word' id='word_1_18' title='bbox 1119 341 1355 391; x_wconf 80' lang='lat' dir='ltr'><strong>impetravit.</strong></span> <span class='ocrx_word' id='word_1_19' title='bbox 1410 341 1668 394; x_wconf 85' lang='lat' dir='ltr'><strong>Pachym..de</strong></span> <span class='ocrx_word' id='word_1_20' title='bbox 1685 345 1771 380; x_wconf 71' lang='lat' dir='ltr'><strong>Au-</strong></span> 
     </span>
     <span class='ocr_line' id='line_1_4' title="bbox 347 390 1771 448; baseline 0.006 -21"><span class='ocrx_word' id='word_1_21' title='bbox 347 390 456 430; x_wconf 84' lang='lat' dir='ltr'><strong>dron.</strong></span> <span class='ocrx_word' id='word_1_22' title='bbox 477 390 680 438; x_wconf 83' lang='lat' dir='ltr'>Michaelis</span> <span class='ocrx_word' id='word_1_23' title='bbox 696 393 740 430; x_wconf 80' lang='lat' dir='ltr'><strong>F.</strong></span> <span class='ocrx_word' id='word_1_24' title='bbox 767 407 806 444; x_wconf 90' lang='lat' dir='ltr'><strong>p.</strong></span> <span class='ocrx_word' id='word_1_25' title='bbox 829 394 907 435; x_wconf 80' lang='lat'><strong>103</strong></span> <span class='ocrx_word' id='word_1_26' title='bbox 940 396 1002 434; x_wconf 86' lang='lat'><strong>16.</strong></span> <span class='ocrx_word' id='word_1_27' title='bbox 1031 394 1229 433; x_wconf 78' lang='lat' dir='ltr'><strong>Blandum</strong></span> <span class='ocrx_word' id='word_1_28' title='bbox 1249 398 1424 448; x_wconf 85' lang='lat' dir='ltr'><strong>sequitur</strong></span> <span class='ocrx_word' id='word_1_29' title='bbox 1448 398 1664 442; x_wconf 79' lang='lat' dir='ltr'><strong>Sabellicus</strong></span> <span class='ocrx_word' id='word_1_30' title='bbox 1684 399 1771 435; x_wconf 78' lang='lat' dir='ltr'><strong>Eu-</strong></span> 
     </span>
     <span class='ocr_line' id='line_1_5' title="bbox 345 447 1770 505; baseline 0.005 -20"><span class='ocrx_word' id='word_1_31' title='bbox 345 447 461 485; x_wconf 84' lang='lat' dir='ltr'><strong>nead.</strong></span> <span class='ocrx_word' id='word_1_32' title='bbox 482 451 507 488; x_wconf 88' lang='lat'><strong>9</strong></span> <span class='ocrx_word' id='word_1_33' title='bbox 527 448 595 484; x_wconf 87' lang='lat' dir='ltr'><strong>lib.</strong></span> <span class='ocrx_word' id='word_1_34' title='bbox 618 451 666 488; x_wconf 82' lang='lat'><strong>6:</strong></span> <span class='ocrx_word' id='word_1_35' title='bbox 696 448 906 499; x_wconf 72' lang='lat' dir='ltr'><em>reliquerat</em></span> <span class='ocrx_word' id='word_1_36' title='bbox 929 450 1147 488; x_wconf 76' lang='lat' dir='ltr'><strong>Theodorus</strong></span> <span class='ocrx_word' id='word_1_37' title='bbox 1163 452 1403 489; x_wconf 58' lang='lat' dir='ltr'><strong>luickaelem</strong></span> <span class='ocrx_word' id='word_1_38' title='bbox 1423 460 1671 505; x_wconf 71' lang='lat' dir='ltr'><strong>cognomento</strong></span> <span class='ocrx_word' id='word_1_39' title='bbox 1683 455 1770 492; x_wconf 71' lang='lat' dir='ltr'><strong>Pa.-</strong></span> 
     </span>
     <span class='ocr_line' id='line_1_6' title="bbox 347 503 1771 557; baseline 0.004 -16"><span class='ocrx_word' id='word_1_40' title='bbox 347 503 567 554; x_wconf 79' lang='lat' dir='ltr'><strong>Zaeologum</strong></span> <span class='ocrx_word' id='word_1_41' title='bbox 576 503 682 551; x_wconf 76' lang='lat' dir='ltr'><strong>filiis</strong></span> <span class='ocrx_word' id='word_1_42' title='bbox 705 511 883 550; x_wconf 80' lang='lat' dir='ltr'><strong>tutorem,</strong></span> <span class='ocrx_word' id='word_1_43' title='bbox 901 506 1079 557; x_wconf 76' lang='lat' dir='ltr'><strong>fecitque</strong></span> <span class='ocrx_word' id='word_1_44' title='bbox 1095 521 1141 544; x_wconf 82' lang='lat' dir='ltr'><strong>ea</strong></span> <span class='ocrx_word' id='word_1_45' title='bbox 1160 521 1220 544; x_wconf 72' lang='lat' dir='ltr'><strong>res</strong></span> <span class='ocrx_word' id='word_1_46' title='bbox 1227 508 1579 555; x_wconf 71' lang='lat' dir='ltr'><strong>fidem-Balduino</strong></span> <span class='ocrx_word' id='word_1_47' title='bbox 1593 516 1632 546; x_wconf 69' lang='lat' dir='ltr'><strong>eb</strong></span> <span class='ocrx_word' id='word_1_48' title='bbox 1644 510 1690 548; x_wconf 86' lang='lat' dir='ltr'><em>V</em></span> <span class='ocrx_word' id='word_1_49' title='bbox 1681 523 1771 547; x_wconf 80' lang='lat' dir='ltr'><strong>ene—</strong></span> 
     </span>
     <span class='ocr_line' id='line_1_7' title="bbox 348 559 1774 616; baseline 0.006 -21"><span class='ocrx_word' id='word_1_50' title='bbox 348 560 397 595; x_wconf 74' lang='lat' dir='ltr'><strong>tis</strong></span> <span class='ocrx_word' id='word_1_51' title='bbox 406 559 575 610; x_wconf 82' lang='lat' dir='ltr'><strong>suturae</strong></span> <span class='ocrx_word' id='word_1_52' title='bbox 584 560 701 609; x_wconf 75' lang='lat' dir='ltr'><strong>pacis</strong></span> <span class='ocrx_word' id='word_1_53' title='bbox 711 588 727 605; x_wconf 84' lang='lat'><em>‚</em></span> <span class='ocrx_word' id='word_1_54' title='bbox 767 562 804 597; x_wconf 76' lang='lat' dir='ltr'><strong>si</strong></span> <span class='ocrx_word' id='word_1_55' title='bbox 829 562 967 598; x_wconf 75' lang='lat' dir='ltr'><strong>tutoris</strong></span> <span class='ocrx_word' id='word_1_56' title='bbox 984 564 1139 600; x_wconf 84' lang='lat' dir='ltr'><strong>nomine</strong></span> <span class='ocrx_word' id='word_1_57' title='bbox 1163 571 1361 602; x_wconf 75' lang='lat' dir='ltr'><strong>contentae</strong></span> <span class='ocrx_word' id='word_1_58' title='bbox 1379 572 1472 602; x_wconf 68' lang='lat' dir='ltr'><strong>esset</strong></span> <span class='ocrx_word' id='word_1_59' title='bbox 1490 564 1774 616; x_wconf 37' lang='lat' dir='ltr'><strong>Palaeologwse,</strong></span> 
     </span>
     <span class='ocr_line' id='line_1_8' title="bbox 345 614 1772 670; baseline 0.006 -19"><span class='ocrx_word' id='word_1_60' title='bbox 345 614 415 651; x_wconf 72' lang='lat' dir='ltr'><strong>sed</strong></span> <span class='ocrx_word' id='word_1_61' title='bbox 441 614 552 652; x_wconf 76' lang='lat' dir='ltr'><strong>homo</strong></span> <span class='ocrx_word' id='word_1_62' title='bbox 579 615 792 653; x_wconf 64' lang='lat' dir='ltr'><strong>vehementi</strong></span> <span class='ocrx_word' id='word_1_63' title='bbox 813 618 956 667; x_wconf 70' lang='lat' dir='ltr'><strong>spiritu</strong></span> <span class='ocrx_word' id='word_1_64' title='bbox 981 619 1183 670; x_wconf 75' lang='lat' dir='ltr'><strong>multaque</strong></span> <span class='ocrx_word' id='word_1_65' title='bbox 1195 619 1408 668; x_wconf 68' lang='lat' dir='ltr'><strong>prudentia</strong></span> <span class='ocrx_word' id='word_1_66' title='bbox 1426 634 1505 658; x_wconf 78' lang='lat' dir='ltr'><strong>non</strong></span> <span class='ocrx_word' id='word_1_67' title='bbox 1521 620 1772 659; x_wconf 51' lang='lat' dir='ltr'><strong>solum-Bal.-</strong></span> 
     </span>
     <span class='ocr_line' id='line_1_9' title="bbox 345 671 1474 725; baseline 0.007 -19"><span class='ocrx_word' id='word_1_68' title='bbox 345 671 461 707; x_wconf 76' lang='lat' dir='ltr'><strong>duini</strong></span> <span class='ocrx_word' id='word_1_69' title='bbox 478 685 567 721; x_wconf 73' lang='lat' dir='ltr'><strong>opes·</strong></span> <span class='ocrx_word' id='word_1_70' title='bbox 574 672 720 723; x_wconf 74' lang='lat' dir='ltr'><strong>fregit,</strong></span> <span class='ocrx_word' id='word_1_71' title='bbox 749 672 819 710; x_wconf 77' lang='lat' dir='ltr'><strong>sed</strong></span> <span class='ocrx_word' id='word_1_72' title='bbox 834 674 967 710; x_wconf 72' lang='lat' dir='ltr'><strong>evertit</strong></span> <span class='ocrx_word' id='word_1_73' title='bbox 984 676 1100 711; x_wconf 75' lang='lat' dir='ltr'><strong>etlam</strong></span> <span class='ocrx_word' id='word_1_74' title='bbox 1108 675 1313 725; x_wconf 69' lang='lat' dir='ltr'><strong>fimditue.</strong></span> <span class='ocrx_word' id='word_1_75' title='bbox 1371 677 1474 714; x_wconf 80' lang='lat' dir='ltr'><strong>Au..</strong></span> 
     </span>
    </p>

    <p class='ocr_par' dir='ltr' id='par_1_3' title="bbox 334 725 1775 1837">
     <span class='ocr_line' id='line_1_10' title="bbox 454 725 1773 784; baseline 0.002 -17"><span class='ocrx_word' id='word_1_76' title='bbox 454 740 492 778; x_wconf 87' lang='lat' dir='ltr'><strong>p.</strong></span> <span class='ocrx_word' id='word_1_77' title='bbox 516 726 593 768; x_wconf 87' lang='grc'><strong>165</strong></span> <span class='ocrx_word' id='word_1_78' title='bbox 612 741 649 765; x_wconf 76' lang='lat' dir='ltr'><strong>V·</strong></span> <span class='ocrx_word' id='word_1_79' title='bbox 676 730 711 768; x_wconf 86' lang='lat'><strong>1.</strong></span> <span class='ocrx_word' id='word_1_80' title='bbox 767 725 1011 776; x_wconf 73' lang='grc' dir='ltr'><strong><em>Μουζοέλωνι</em></strong></span> <span class='ocrx_word' id='word_1_81' title='bbox 1028 732 1229 784; x_wconf 80' lang='grc' dir='ltr'><strong>Γεωργίῳ]</strong></span> <span class='ocrx_word' id='word_1_82' title='bbox 1262 739 1343 769; x_wconf 89' lang='lat' dir='ltr'><strong>erat</strong></span> <span class='ocrx_word' id='word_1_83' title='bbox 1356 733 1391 770; x_wconf 83' lang='lat' dir='ltr'><strong>is</strong></span> <span class='ocrx_word' id='word_1_84' title='bbox 1412 745 1492 769; x_wconf 85' lang='lat' dir='ltr'><strong>non</strong></span> <span class='ocrx_word' id='word_1_85' title='bbox 1509 731 1612 771; x_wconf 82' lang='lat' dir='ltr'><strong>claro</strong></span> <span class='ocrx_word' id='word_1_86' title='bbox 1629 744 1773 782; x_wconf 39' lang='lat' dir='ltr'><strong>genere,</strong></span> 
     </span>
     <span class='ocr_line' id='line_1_11' title="bbox 346 781 1770 839; baseline 0.005 -20"><span class='ocrx_word' id='word_1_87' title='bbox 346 789 451 819; x_wconf 89' lang='lat' dir='ltr'><strong>ortus</strong></span> <span class='ocrx_word' id='word_1_88' title='bbox 463 812 472 830; x_wconf 92' lang='lat'><strong>,</strong></span> <span class='ocrx_word' id='word_1_89' title='bbox 509 781 579 820; x_wconf 88' lang='lat' dir='ltr'><strong>sed</strong></span> <span class='ocrx_word' id='word_1_90' title='bbox 607 783 655 820; x_wconf 94' lang='lat' dir='ltr'><strong>ob</strong></span> <span class='ocrx_word' id='word_1_91' title='bbox 676 786 937 834; x_wconf 83' lang='lat' dir='ltr'><strong>cognitionem</strong></span> <span class='ocrx_word' id='word_1_92' title='bbox 957 799 1085 823; x_wconf 87' lang='lat' dir='ltr'><strong>rerum</strong></span> <span class='ocrx_word' id='word_1_93' title='bbox 1103 794 1140 823; x_wconf 89' lang='lat' dir='ltr'><strong>et</strong></span> <span class='ocrx_word' id='word_1_94' title='bbox 1158 786 1209 823; x_wconf 89' lang='lat' dir='ltr'><strong>ad</strong></span> <span class='ocrx_word' id='word_1_95' title='bbox 1227 790 1356 824; x_wconf 86' lang='lat' dir='ltr'><strong>omnia</strong></span> <span class='ocrx_word' id='word_1_96' title='bbox 1375 786 1635 838; x_wconf 80' lang='lat' dir='ltr'><strong>aptitudinem</strong></span> <span class='ocrx_word' id='word_1_97' title='bbox 1654 793 1770 839; x_wconf 73' lang='lat' dir='ltr'><strong>atque</strong></span> 
     </span>
     <span class='ocr_line' id='line_1_12' title="bbox 343 839 1770 894; baseline 0.005 -20"><span class='ocrx_word' id='word_1_98' title='bbox 343 851 498 875; x_wconf 86' lang='lat' dir='ltr'><strong>morum</strong></span> <span class='ocrx_word' id='word_1_99' title='bbox 526 839 785 876; x_wconf 84' lang='lat' dir='ltr'>urbanitatem</span> <span class='ocrx_word' id='word_1_100' title='bbox 810 852 834 876; x_wconf 86' lang='lat' dir='ltr'><strong>a</strong></span> <span class='ocrx_word' id='word_1_101' title='bbox 857 854 977 890; x_wconf 86' lang='lat' dir='ltr'><strong>puero</strong></span> <span class='ocrx_word' id='word_1_102' title='bbox 1004 842 1046 878; x_wconf 81' lang='lat' dir='ltr'><strong>ii1</strong></span> <span class='ocrx_word' id='word_1_103' title='bbox 1073 843 1205 880; x_wconf 88' lang='lat' dir='ltr'><strong>aulam</strong></span> <span class='ocrx_word' id='word_1_104' title='bbox 1223 845 1513 894; x_wconf 81' lang='lat' dir='ltr'><strong>imperatoriam</strong></span> <span class='ocrx_word' id='word_1_105' title='bbox 1534 844 1695 892; x_wconf 80' lang='lat' dir='ltr'><strong>ascitus,</strong></span> <span class='ocrx_word' id='word_1_106' title='bbox 1727 850 1770 880; x_wconf 85' lang='lat' dir='ltr'><strong>ut</strong></span> 
     </span>
     <span class='ocr_line' id='line_1_13' title="bbox 345 895 1770 950; baseline 0.006 -21"><span class='ocrx_word' id='word_1_107' title='bbox 345 907 433 930; x_wconf 85' lang='lat' dir='ltr'><strong>cum</strong></span> <span class='ocrx_word' id='word_1_108' title='bbox 459 895 592 931; x_wconf 87' lang='lat' dir='ltr'><strong>multis</strong></span> <span class='ocrx_word' id='word_1_109' title='bbox 621 896 707 932; x_wconf 87' lang='lat' dir='ltr'><strong>aliis</strong></span> <span class='ocrx_word' id='word_1_110' title='bbox 732 897 959 947; x_wconf 83' lang='lat' dir='ltr'><strong>aequalibus</strong></span> <span class='ocrx_word' id='word_1_111' title='bbox 978 896 1189 935; x_wconf 86' lang='lat' dir='ltr'><strong>Theodoro</strong></span> <span class='ocrx_word' id='word_1_112' title='bbox 1212 901 1437 950; x_wconf 86' lang='lat' dir='ltr'><strong>imperatori</strong></span> <span class='ocrx_word' id='word_1_113' title='bbox 1457 899 1625 936; x_wconf 78' lang='lat' dir='ltr'>collusor</span> <span class='ocrx_word' id='word_1_114' title='bbox 1644 905 1770 946; x_wconf 81' lang='lat' dir='ltr'><strong>esset3</strong></span> 
     </span>
     <span class='ocr_line' id='line_1_14' title="bbox 334 949 1770 1002; baseline 0.004 -17"><span class='ocrx_word' id='word_1_115' title='bbox 334 951 413 1000; x_wconf 61' lang='lat' dir='ltr'><strong>&gt;qui</strong></span> <span class='ocrx_word' id='word_1_116' title='bbox 429 951 485 987; x_wconf 86' lang='lat' dir='ltr'><strong>ita</strong></span> <span class='ocrx_word' id='word_1_117' title='bbox 508 963 550 987; x_wconf 90' lang='lat' dir='ltr'><strong>se</strong></span> <span class='ocrx_word' id='word_1_118' title='bbox 568 949 619 987; x_wconf 88' lang='lat' dir='ltr'><strong>ad</strong></span> <span class='ocrx_word' id='word_1_119' title='bbox 635 964 763 988; x_wconf 83' lang='lat' dir='ltr'><strong>mores</strong></span> <span class='ocrx_word' id='word_1_120' title='bbox 781 953 887 989; x_wconf 90' lang='lat' dir='ltr'><strong>illius</strong></span> <span class='ocrx_word' id='word_1_121' title='bbox 906 953 1232 1002; x_wconf 82' lang='lat' dir='ltr'><strong>accommodavit,</strong></span> <span class='ocrx_word' id='word_1_122' title='bbox 1260 962 1304 992; x_wconf 91' lang='lat' dir='ltr'><strong>ut</strong></span> <span class='ocrx_word' id='word_1_123' title='bbox 1322 968 1423 992; x_wconf 85' lang='lat' dir='ltr'><strong>unus</strong></span> <span class='ocrx_word' id='word_1_124' title='bbox 1439 956 1501 992; x_wconf 84' lang='lat' dir='ltr'><strong>illi</strong></span> <span class='ocrx_word' id='word_1_125' title='bbox 1522 955 1770 993; x_wconf 73' lang='lat' dir='ltr'><strong>esset&#39;omnia</strong></span> 
     </span>
     <span class='ocr_line' id='line_1_15' title="bbox 342 1005 1775 1060; baseline 0.005 -19"><span class='ocrx_word' id='word_1_126' title='bbox 342 1006 489 1043; x_wconf 82' lang='lat' dir='ltr'><strong>faciens</strong></span> <span class='ocrx_word' id='word_1_127' title='bbox 510 1005 717 1058; x_wconf 86' lang='lat' dir='ltr'><strong>dicensque</strong></span> <span class='ocrx_word' id='word_1_128' title='bbox 738 1007 931 1059; x_wconf 88' lang='lat' dir='ltr'><strong>quidquid</strong></span> <span class='ocrx_word' id='word_1_129' title='bbox 949 1010 1173 1060; x_wconf 85' lang='lat' dir='ltr'><strong>imperatori</strong></span> <span class='ocrx_word' id='word_1_130' title='bbox 1192 1018 1346 1060; x_wconf 84' lang='lat' dir='ltr'><strong>gratum</strong></span> <span class='ocrx_word' id='word_1_131' title='bbox 1365 1018 1459 1049; x_wconf 90' lang='lat' dir='ltr'><strong>erat.</strong></span> <span class='ocrx_word' id='word_1_132' title='bbox 1509 1023 1618 1048; x_wconf 86' lang='lat' dir='ltr'><strong>amor</strong></span> <span class='ocrx_word' id='word_1_133' title='bbox 1637 1023 1775 1048; x_wconf 82' lang='lat' dir='ltr'><strong>eorum·</strong></span> 
     </span>
     <span class='ocr_line' id='line_1_16' title="bbox 343 1064 1770 1116; baseline 0.004 -19"><span class='ocrx_word' id='word_1_134' title='bbox 343 1068 537 1099; x_wconf 78' lang='lat' dir='ltr'><strong>crescente</strong></span> <span class='ocrx_word' id='word_1_135' title='bbox 559 1069 684 1099; x_wconf 82' lang='lat' dir='ltr'><strong>aetate</strong></span> <span class='ocrx_word' id='word_1_136' title='bbox 711 1066 905 1101; x_wconf 83' lang='lat' dir='ltr'><strong>concrevit</strong></span> <span class='ocrx_word' id='word_1_137' title='bbox 927 1064 1024 1102; x_wconf 88' lang='lat' dir='ltr'><strong>adeo</strong></span> <span class='ocrx_word' id='word_1_138' title='bbox 1038 1095 1047 1111; x_wconf 91' lang='lat'>‚</span> <span class='ocrx_word' id='word_1_139' title='bbox 1086 1073 1129 1102; x_wconf 90' lang='lat' dir='ltr'><strong>ut</strong></span> <span class='ocrx_word' id='word_1_140' title='bbox 1150 1065 1255 1116; x_wconf 88' lang='lat' dir='ltr'><strong>apud</strong></span> <span class='ocrx_word' id='word_1_141' title='bbox 1279 1080 1372 1103; x_wconf 70' lang='lat' dir='ltr'><strong>erun</strong></span> <span class='ocrx_word' id='word_1_142' title='bbox 1394 1068 1474 1103; x_wconf 84' lang='lat' dir='ltr'><strong>iam</strong></span> <span class='ocrx_word' id='word_1_143' title='bbox 1495 1068 1770 1116; x_wconf 76' lang='lat' dir='ltr'><strong>imperatorem</strong></span> 
     </span>
     <span class='ocr_line' id='line_1_17' title="bbox 340 1119 1768 1170; baseline 0.004 -17"><span class='ocrx_word' id='word_1_144' title='bbox 340 1119 559 1167; x_wconf 85' lang='lat' dir='ltr'><strong>principem</strong></span> <span class='ocrx_word' id='word_1_145' title='bbox 580 1125 618 1154; x_wconf 87' lang='lat' dir='ltr'><strong>et</strong></span> <span class='ocrx_word' id='word_1_146' title='bbox 637 1121 875 1156; x_wconf 78' lang='lat' dir='ltr'><strong>auctoritatis</strong></span> <span class='ocrx_word' id='word_1_147' title='bbox 895 1126 933 1156; x_wconf 90' lang='lat' dir='ltr'><strong>et</strong></span> <span class='ocrx_word' id='word_1_148' title='bbox 951 1123 1096 1170; x_wconf 84' lang='lat' dir='ltr'><strong>gratiae</strong></span> <span class='ocrx_word' id='word_1_149' title='bbox 1117 1122 1247 1158; x_wconf 88' lang='lat' dir='ltr'><strong>locum</strong></span> <span class='ocrx_word' id='word_1_150' title='bbox 1269 1123 1471 1168; x_wconf 88' lang='lat' dir='ltr'><strong>obtineret,</strong></span> <span class='ocrx_word' id='word_1_151' title='bbox 1495 1123 1768 1160; x_wconf 75' lang='lat' dir='ltr'><strong>solertissimus</strong></span> 
     </span>
     <span class='ocr_line' id='line_1_18' title="bbox 342 1173 1774 1227; baseline 0.004 -19"><span class='ocrx_word' id='word_1_152' title='bbox 342 1175 548 1220; x_wconf 86' lang='lat' dir='ltr'><strong>coniector,</strong></span> <span class='ocrx_word' id='word_1_153' title='bbox 580 1173 686 1225; x_wconf 90' lang='lat' dir='ltr'><strong>quod</strong></span> <span class='ocrx_word' id='word_1_154' title='bbox 704 1175 763 1210; x_wconf 88' lang='lat' dir='ltr'><strong>illi</strong></span> <span class='ocrx_word' id='word_1_155' title='bbox 782 1175 966 1225; x_wconf 80' lang='lat' dir='ltr'><strong>placeret,</strong></span> <span class='ocrx_word' id='word_1_156' title='bbox 998 1176 1137 1213; x_wconf 83' lang='lat' dir='ltr'><strong>dexter</strong></span> <span class='ocrx_word' id='word_1_157' title='bbox 1153 1179 1399 1227; x_wconf 81' lang='lat' dir='ltr'><strong>negotiormn</strong></span> <span class='ocrx_word' id='word_1_158' title='bbox 1421 1176 1709 1217; x_wconf 70' lang='lat' dir='ltr'><strong>administrator</strong></span> <span class='ocrx_word' id='word_1_159' title='bbox 1730 1184 1774 1215; x_wconf 72' lang='lat' dir='ltr'><strong>et,</strong></span> 
     </span>
     <span class='ocr_line' id='line_1_19' title="bbox 341 1227 1771 1283; baseline 0.004 -19"><span class='ocrx_word' id='word_1_160' title='bbox 341 1227 441 1266; x_wconf 80' lang='lat' dir='ltr'><strong>fidus</strong></span> <span class='ocrx_word' id='word_1_161' title='bbox 475 1242 702 1266; x_wconf 87' lang='lat' dir='ltr'><strong>arcanorum</strong></span> <span class='ocrx_word' id='word_1_162' title='bbox 727 1231 942 1280; x_wconf 84' lang='lat' dir='ltr'><strong>particeps3</strong></span> <span class='ocrx_word' id='word_1_163' title='bbox 994 1244 1089 1282; x_wconf 86' lang='lat' dir='ltr'><strong>quas</strong></span> <span class='ocrx_word' id='word_1_164' title='bbox 1115 1232 1163 1269; x_wconf 91' lang='lat' dir='ltr'><strong>ob</strong></span> <span class='ocrx_word' id='word_1_165' title='bbox 1193 1246 1253 1269; x_wconf 86' lang='lat' dir='ltr'><strong>res</strong></span> <span class='ocrx_word' id='word_1_166' title='bbox 1279 1233 1456 1269; x_wconf 87' lang='lat' dir='ltr'><strong>celeriter</strong></span> <span class='ocrx_word' id='word_1_167' title='bbox 1485 1234 1771 1283; x_wconf 83' lang='lat' dir='ltr'><strong>protovestiarii</strong></span> 
     </span>
     <span class='ocr_line' id='line_1_20' title="bbox 342 1283 1770 1337; baseline 0.005 -18"><span class='ocrx_word' id='word_1_168' title='bbox 342 1283 530 1333; x_wconf 83' lang='lat' dir='ltr'><strong>dignitate</strong></span> <span class='ocrx_word' id='word_1_169' title='bbox 551 1291 708 1321; x_wconf 84' lang='lat' dir='ltr'><strong>ornatus</strong></span> <span class='ocrx_word' id='word_1_170' title='bbox 729 1298 894 1321; x_wconf 82' lang='lat' dir='ltr'><strong>uxorem</strong></span> <span class='ocrx_word' id='word_1_171' title='bbox 915 1299 965 1322; x_wconf 85' lang='lat' dir='ltr'><strong>ex</strong></span> <span class='ocrx_word' id='word_1_172' title='bbox 981 1288 1228 1337; x_wconf 85' lang='lat' dir='ltr'><strong>imperatoria</strong></span> <span class='ocrx_word' id='word_1_173' title='bbox 1249 1288 1399 1325; x_wconf 84' lang='lat' dir='ltr'><strong>familia</strong></span> <span class='ocrx_word' id='word_1_174' title='bbox 1419 1287 1543 1325; x_wconf 89' lang='lat' dir='ltr'><strong>duxit.</strong></span> <span class='ocrx_word' id='word_1_175' title='bbox 1601 1301 1654 1326; x_wconf 83' lang='lat' dir='ltr'><strong>ex</strong></span> <span class='ocrx_word' id='word_1_176' title='bbox 1670 1289 1770 1326; x_wconf 76' lang='lat' dir='ltr'><strong>G1·e--v</strong></span> 
     </span>
     <span class='ocr_line' id='line_1_21' title="bbox 341 1338 1769 1396; baseline 0.005 -21"><span class='ocrx_word' id='word_1_177' title='bbox 341 1352 448 1389; x_wconf 84' lang='lat' dir='ltr'><strong>gora.</strong></span> <span class='ocrx_word' id='word_1_178' title='bbox 505 1338 595 1376; x_wconf 89' lang='lat' dir='ltr'><strong>vide</strong></span> <span class='ocrx_word' id='word_1_179' title='bbox 624 1341 741 1376; x_wconf 86' lang='lat' dir='ltr'><strong>etiam</strong></span> <span class='ocrx_word' id='word_1_180' title='bbox 767 1339 1069 1392; x_wconf 88' lang='lat' dir='ltr'><strong>Pachymerium</strong></span> <span class='ocrx_word' id='word_1_181' title='bbox 1091 1341 1340 1381; x_wconf 83' lang='lat' dir='ltr'><strong>historiarum</strong></span> <span class='ocrx_word' id='word_1_182' title='bbox 1363 1344 1461 1381; x_wconf 88' lang='lat' dir='ltr'><strong>libro</strong></span> <span class='ocrx_word' id='word_1_183' title='bbox 1481 1346 1622 1395; x_wconf 88' lang='lat' dir='ltr'><strong>primo.</strong></span> <span class='ocrx_word' id='word_1_184' title='bbox 1679 1346 1769 1396; x_wconf 86' lang='lat' dir='ltr'><strong>qui-</strong></span> 
     </span>
     <span class='ocr_line' id='line_1_22' title="bbox 338 1393 1769 1450; baseline 0.004 -19"><span class='ocrx_word' id='word_1_185' title='bbox 338 1396 413 1432; x_wconf 86' lang='lat' dir='ltr'><strong>bus</strong></span> <span class='ocrx_word' id='word_1_186' title='bbox 435 1396 588 1432; x_wconf 81' lang='lat' dir='ltr'><strong>notabis</strong></span> <span class='ocrx_word' id='word_1_187' title='bbox 610 1403 828 1433; x_wconf 81' lang='lat' dir='ltr'><strong>monstrum</strong></span> <span class='ocrx_word' id='word_1_188' title='bbox 845 1404 883 1434; x_wconf 87' lang='lat' dir='ltr'><strong>et</strong></span> <span class='ocrx_word' id='word_1_189' title='bbox 900 1393 1177 1450; x_wconf 75' lang='grc' dir='ltr'><strong><em>ἄνιστορησίαν</em></strong></span> <span class='ocrx_word' id='word_1_190' title='bbox 1191 1400 1376 1437; x_wconf 88' lang='lat' dir='ltr'><strong>Sabellici</strong></span> <span class='ocrx_word' id='word_1_191' title='bbox 1394 1399 1569 1437; x_wconf 84' lang='lat' dir='ltr'><strong>Enuead.</strong></span> <span class='ocrx_word' id='word_1_192' title='bbox 1591 1402 1616 1440; x_wconf 87' lang='lat'><strong>9</strong></span> <span class='ocrx_word' id='word_1_193' title='bbox 1636 1400 1706 1438; x_wconf 87' lang='lat' dir='ltr'><strong>lib.</strong></span> <span class='ocrx_word' id='word_1_194' title='bbox 1718 1403 1769 1441; x_wconf 88' lang='lat'><strong>6:</strong></span> 
     </span>
     <span class='ocr_line' id='line_1_23' title="bbox 341 1451 1771 1503; baseline 0.003 -15"><span class='ocrx_word' id='word_1_195' title='bbox 341 1458 433 1488; x_wconf 76' lang='lat' dir='ltr'><strong>sunt</strong></span> <span class='ocrx_word' id='word_1_196' title='bbox 452 1452 521 1502; x_wconf 76' lang='lat' dir='ltr'><strong>qui</strong></span> <span class='ocrx_word' id='word_1_197' title='bbox 544 1451 778 1503; x_wconf 78' lang='lat' dir='ltr'><strong>Gregorium</strong></span> <span class='ocrx_word' id='word_1_198' title='bbox 798 1453 1003 1490; x_wconf 75' lang='lat' dir='ltr'><strong>Imisolam</strong></span> <span class='ocrx_word' id='word_1_199' title='bbox 1024 1462 1186 1491; x_wconf 77' lang='lat' dir='ltr'><strong>tutorem</strong></span> <span class='ocrx_word' id='word_1_200' title='bbox 1204 1469 1231 1492; x_wconf 90' lang='lat' dir='ltr'><strong>a</strong></span> <span class='ocrx_word' id='word_1_201' title='bbox 1258 1455 1453 1493; x_wconf 80' lang='lat' dir='ltr'><strong>Theodoro</strong></span> <span class='ocrx_word' id='word_1_202' title='bbox 1471 1455 1650 1492; x_wconf 79' lang='lat' dir='ltr'><strong>relictum</strong></span> <span class='ocrx_word' id='word_1_203' title='bbox 1673 1456 1771 1493; x_wconf 79' lang='lat' dir='ltr'><strong>scri-</strong></span> 
     </span>
     <span class='ocr_line' id='line_1_24' title="bbox 340 1506 1773 1562; baseline 0.004 -19"><span class='ocrx_word' id='word_1_204' title='bbox 340 1506 452 1552; x_wconf 78' lang='lat' dir='ltr'><strong>bant,</strong></span> <span class='ocrx_word' id='word_1_205' title='bbox 481 1521 594 1558; x_wconf 79' lang='lat' dir='ltr'><strong>quem</strong></span> <span class='ocrx_word' id='word_1_206' title='bbox 613 1509 736 1545; x_wconf 72' lang='lat' dir='ltr'><strong>sacri-s·</strong></span> <span class='ocrx_word' id='word_1_207' title='bbox 751 1517 972 1559; x_wconf 77' lang='lat' dir='ltr'><strong>operantem</strong></span> <span class='ocrx_word' id='word_1_208' title='bbox 987 1511 1250 1562; x_wconf 75' lang='lat' dir='ltr'><strong>Palaeologus</strong></span> <span class='ocrx_word' id='word_1_209' title='bbox 1267 1512 1528 1562; x_wconf 61' lang='lat' dir='ltr'><strong>interfecerat,</strong></span> <span class='ocrx_word' id='word_1_210' title='bbox 1545 1519 1698 1561; x_wconf 81' lang='lat' dir='ltr'><strong>recepta</strong></span> <span class='ocrx_word' id='word_1_211' title='bbox 1716 1512 1773 1549; x_wconf 79' lang='lat' dir='ltr'><strong>acl</strong></span> 
     </span>
     <span class='ocr_line' id='line_1_25' title="bbox 338 1564 1770 1615; baseline 0.004 -16"><span class='ocrx_word' id='word_1_212' title='bbox 338 1576 379 1600; x_wconf 76' lang='lat' dir='ltr'><strong>se</strong></span> <span class='ocrx_word' id='word_1_213' title='bbox 392 1577 608 1613; x_wconf 70' lang='lat' dir='ltr'><strong>puerorum</strong></span> <span class='ocrx_word' id='word_1_214' title='bbox 627 1564 766 1610; x_wconf 79' lang='lat' dir='ltr'><strong>tutela,</strong></span> <span class='ocrx_word' id='word_1_215' title='bbox 795 1579 891 1615; x_wconf 71' lang='lat' dir='ltr'><strong>quoe</strong></span> <span class='ocrx_word' id='word_1_216' title='bbox 904 1568 1001 1615; x_wconf 82' lang='lat' dir='ltr'><strong>pari</strong></span> <span class='ocrx_word' id='word_1_217' title='bbox 1020 1568 1167 1604; x_wconf 76' lang='lat' dir='ltr'><strong>iniuria</strong></span> <span class='ocrx_word' id='word_1_218' title='bbox 1192 1581 1241 1604; x_wconf 81' lang='lat' dir='ltr'><strong>ac</strong></span> <span class='ocrx_word' id='word_1_219' title='bbox 1266 1569 1394 1604; x_wconf 69' lang='lat' dir='ltr'><strong>nescio</strong></span> <span class='ocrx_word' id='word_1_220' title='bbox 1419 1581 1474 1604; x_wconf 82' lang='lat' dir='ltr'><strong>an</strong></span> <span class='ocrx_word' id='word_1_221' title='bbox 1491 1569 1637 1605; x_wconf 84' lang='lat' dir='ltr'><strong>maiore</strong></span> <span class='ocrx_word' id='word_1_222' title='bbox 1653 1569 1770 1604; x_wconf 81' lang='lat' dir='ltr'><strong>etiam.</strong></span> 
     </span>
     <span class='ocr_line' id='line_1_26' title="bbox 338 1619 1768 1673; baseline 0.003 -17"><span class='ocrx_word' id='word_1_223' title='bbox 338 1619 509 1656; x_wconf 74' lang='lat' dir='ltr'><strong>sustulit.</strong></span> <span class='ocrx_word' id='word_1_224' title='bbox 570 1620 758 1671; x_wconf 77' lang='lat' dir='ltr'><strong>Georgius</strong></span> <span class='ocrx_word' id='word_1_225' title='bbox 783 1622 824 1657; x_wconf 90' lang='lat' dir='ltr'><strong>in</strong></span> <span class='ocrx_word' id='word_1_226' title='bbox 851 1622 1084 1673; x_wconf 76' lang='lat' dir='ltr'><strong>Gregorium</strong></span> <span class='ocrx_word' id='word_1_227' title='bbox 1106 1625 1250 1671; x_wconf 81' lang='lat' dir='ltr'><strong>evasit,</strong></span> <span class='ocrx_word' id='word_1_228' title='bbox 1276 1624 1459 1660; x_wconf 87' lang='lat' dir='ltr'><strong>Muzalon</strong></span> <span class='ocrx_word' id='word_1_229' title='bbox 1482 1623 1524 1660; x_wconf 75' lang='lat' dir='ltr'><strong>i1i</strong></span> <span class='ocrx_word' id='word_1_230' title='bbox 1546 1622 1768 1669; x_wconf 61' lang='lat' dir='ltr'><strong>Imteolum,</strong></span> 
     </span>
     <span class='ocr_line' id='line_1_27' title="bbox 338 1676 1769 1730; baseline 0.003 -18"><span class='ocrx_word' id='word_1_231' title='bbox 338 1676 587 1713; x_wconf 84' lang='lat' dir='ltr'><strong>obtruncatus</strong></span> <span class='ocrx_word' id='word_1_232' title='bbox 617 1677 665 1712; x_wconf 88' lang='lat' dir='ltr'><strong>ab</strong></span> <span class='ocrx_word' id='word_1_233' title='bbox 697 1678 872 1714; x_wconf 84' lang='lat' dir='ltr'><strong>exercitu</strong></span> <span class='ocrx_word' id='word_1_234' title='bbox 900 1684 938 1714; x_wconf 86' lang='lat' dir='ltr'><strong>et</strong></span> <span class='ocrx_word' id='word_1_235' title='bbox 964 1679 1108 1729; x_wconf 89' lang='lat' dir='ltr'><strong>populo</strong></span> <span class='ocrx_word' id='word_1_236' title='bbox 1129 1680 1170 1715; x_wconf 89' lang='lat' dir='ltr'><strong>iu</strong></span> <span class='ocrx_word' id='word_1_237' title='bbox 1196 1681 1442 1729; x_wconf 71' lang='lat' dir='ltr'><strong>intersectum</strong></span> <span class='ocrx_word' id='word_1_238' title='bbox 1464 1692 1491 1715; x_wconf 88' lang='lat' dir='ltr'><strong>a</strong></span> <span class='ocrx_word' id='word_1_239' title='bbox 1511 1679 1769 1730; x_wconf 77' lang='lat' dir='ltr'><strong>Palaeologo&#39;,</strong></span> 
     </span>
     <span class='ocr_line' id='line_1_28' title="bbox 338 1733 1768 1788; baseline 0.003 -21"><span class='ocrx_word' id='word_1_240' title='bbox 338 1744 436 1781; x_wconf 88' lang='lat' dir='ltr'><strong>puer</strong></span> <span class='ocrx_word' id='word_1_241' title='bbox 454 1733 591 1768; x_wconf 83' lang='lat' dir='ltr'><strong>unicus</strong></span> <span class='ocrx_word' id='word_1_242' title='bbox 614 1733 655 1768; x_wconf 89' lang='lat' dir='ltr'><strong>in</strong></span> <span class='ocrx_word' id='word_1_243' title='bbox 672 1746 830 1781; x_wconf 75' lang='lat' dir='ltr'><strong>pueros,</strong></span> <span class='ocrx_word' id='word_1_244' title='bbox 861 1733 1089 1772; x_wconf 86' lang='lat' dir='ltr'><strong>obcaecatus</strong></span> <span class='ocrx_word' id='word_1_245' title='bbox 1107 1736 1149 1771; x_wconf 90' lang='lat' dir='ltr'><strong>iu</strong></span> <span class='ocrx_word' id='word_1_246' title='bbox 1168 1734 1382 1772; x_wconf 74' lang='lat' dir='ltr'><strong>sublatum.</strong></span> <span class='ocrx_word' id='word_1_247' title='bbox 1424 1733 1520 1788; x_wconf 86' lang='lat' dir='ltr'><strong>quid</strong></span> <span class='ocrx_word' id='word_1_248' title='bbox 1540 1733 1588 1772; x_wconf 89' lang='lat' dir='ltr'><strong>de</strong></span> <span class='ocrx_word' id='word_1_249' title='bbox 1608 1735 1768 1787; x_wconf 85' lang='lat' dir='ltr'><strong>reliquis</strong></span> 
     </span>
     <span class='ocr_line' id='line_1_29' title="bbox 339 1786 896 1837; baseline 0.004 -14"><span class='ocrx_word' id='word_1_250' title='bbox 339 1786 627 1837; x_wconf 83' lang='lat' dir='ltr'><strong>expectandum</strong></span> <span class='ocrx_word' id='word_1_251' title='bbox 652 1786 738 1825; x_wconf 65' lang='lat' dir='ltr'><strong>est?</strong></span> <span class='ocrx_word' id='word_1_252' title='bbox 795 1790 896 1825; x_wconf 73' lang='lat' dir='ltr'><strong>Am..</strong></span> 
     </span>
    </p>

    <p class='ocr_par' dir='ltr' id='par_1_4' title="bbox 337 1840 1768 2008">
     <span class='ocr_line' id='line_1_30' title="bbox 449 1840 1768 1897; baseline 0.005 -19"><span class='ocrx_word' id='word_1_253' title='bbox 449 1841 501 1879; x_wconf 80' lang='lat' dir='ltr'><strong>ib.</strong></span> <span class='ocrx_word' id='word_1_254' title='bbox 527 1856 565 1880; x_wconf 74' lang='lat' dir='ltr'><strong>v.</strong></span> <span class='ocrx_word' id='word_1_255' title='bbox 586 1846 626 1883; x_wconf 79' lang='lat'><strong>2.</strong></span> <span class='ocrx_word' id='word_1_256' title='bbox 684 1846 825 1884; x_wconf 80' lang='grc' dir='ltr'><strong><em>τοῦτον</em></strong></span> <span class='ocrx_word' id='word_1_257' title='bbox 846 1841 918 1897; x_wconf 79' lang='grc' dir='ltr'><strong>γοῖρ</strong></span> <span class='ocrx_word' id='word_1_258' title='bbox 938 1843 966 1895; x_wconf 79' lang='grc' dir='ltr'><em>ἦ</em></span> <span class='ocrx_word' id='word_1_259' title='bbox 985 1840 1161 1897; x_wconf 82' lang='grc' dir='ltr'><em>διαθήκη</em></span> <span class='ocrx_word' id='word_1_260' title='bbox 1182 1845 1326 1897; x_wconf 78' lang='grc' dir='ltr'>ἐποίει]</span> <span class='ocrx_word' id='word_1_261' title='bbox 1361 1847 1552 1896; x_wconf 86' lang='lat' dir='ltr'><strong>Gregoras</strong></span> <span class='ocrx_word' id='word_1_262' title='bbox 1573 1860 1613 1896; x_wconf 88' lang='lat' dir='ltr'><strong>p.</strong></span> <span class='ocrx_word' id='word_1_263' title='bbox 1635 1847 1688 1886; x_wconf 79' lang='lat'><strong>62</strong></span> <span class='ocrx_word' id='word_1_264' title='bbox 1719 1847 1768 1885; x_wconf 87' lang='grc'><strong>19</strong></span> 
     </span>
     <span class='ocr_line' id='line_1_31' title="bbox 338 1897 1768 1954; baseline 0.002 -19"><span class='ocrx_word' id='word_1_265' title='bbox 338 1899 506 1948; x_wconf 82' lang='lat' dir='ltr'><strong>Georgio</strong></span> <span class='ocrx_word' id='word_1_266' title='bbox 526 1897 635 1935; x_wconf 86' lang='lat' dir='ltr'><strong>addit</strong></span> <span class='ocrx_word' id='word_1_267' title='bbox 654 1898 870 1937; x_wconf 88' lang='lat' dir='ltr'><strong>secundum</strong></span> <span class='ocrx_word' id='word_1_268' title='bbox 888 1908 1104 1938; x_wconf 84' lang='lat' dir='ltr'><strong>curatorem</strong></span> <span class='ocrx_word' id='word_1_269' title='bbox 1121 1904 1330 1940; x_wconf 85' lang='lat' dir='ltr'><strong>Arsenium</strong></span> <span class='ocrx_word' id='word_1_270' title='bbox 1350 1900 1624 1953; x_wconf 87' lang='lat' dir='ltr'><strong>patriarcham,</strong></span> <span class='ocrx_word' id='word_1_271' title='bbox 1651 1913 1768 1954; x_wconf 89' lang='lat' dir='ltr'><strong>quem</strong></span> 
     </span>
     <span class='ocr_line' id='line_1_32' title="bbox 337 1950 1534 2008; baseline 0.002 -16"><span class='ocrx_word' id='word_1_272' title='bbox 337 1956 457 1992; x_wconf 84' lang='lat' dir='ltr'><strong>tacuit</strong></span> <span class='ocrx_word' id='word_1_273' title='bbox 476 1956 713 2006; x_wconf 87' lang='lat' dir='ltr'><strong>Acropolita.</strong></span> <span class='ocrx_word' id='word_1_274' title='bbox 769 1969 896 2008; x_wconf 88' lang='lat' dir='ltr'><strong>neque</strong></span> <span class='ocrx_word' id='word_1_275' title='bbox 917 1955 1092 1995; x_wconf 85' lang='lat' dir='ltr'><strong>diversus</strong></span> <span class='ocrx_word' id='word_1_276' title='bbox 1113 1950 1170 1995; x_wconf 80' lang='lat' dir='ltr'><strong>est</strong></span> <span class='ocrx_word' id='word_1_277' title='bbox 1187 1957 1377 1996; x_wconf 89' lang='lat' dir='ltr'><strong>Phrauza.</strong></span> <span class='ocrx_word' id='word_1_278' title='bbox 1432 1959 1534 1995; x_wconf 76' lang='lat' dir='ltr'><strong>Am..</strong></span> 
     </span>
    </p>

    <p class='ocr_par' dir='ltr' id='par_1_5' title="bbox 447 2008 1501 2065">
     <span class='ocr_line' id='line_1_33' title="bbox 447 2008 1501 2065; baseline 0.003 -18"><span class='ocrx_word' id='word_1_279' title='bbox 447 2010 500 2047; x_wconf 87' lang='lat' dir='ltr'><strong>ib.</strong></span> <span class='ocrx_word' id='word_1_280' title='bbox 523 2024 561 2048; x_wconf 83' lang='lat' dir='ltr'><strong>v.</strong></span> <span class='ocrx_word' id='word_1_281' title='bbox 581 2013 618 2051; x_wconf 85' lang='lat'><strong>6.</strong></span> <span class='ocrx_word' id='word_1_282' title='bbox 676 2009 743 2051; x_wconf 81' lang='grc' dir='ltr'><strong>καὶ</strong></span> <span class='ocrx_word' id='word_1_283' title='bbox 759 2008 889 2064; x_wconf 66' lang='grc' dir='ltr'><strong>ὅρκοι]</strong></span> <span class='ocrx_word' id='word_1_284' title='bbox 921 2014 1111 2063; x_wconf 82' lang='lat' dir='ltr'><strong>Gregoras</strong></span> <span class='ocrx_word' id='word_1_285' title='bbox 1132 2027 1170 2065; x_wconf 90' lang='lat' dir='ltr'><strong>p.</strong></span> <span class='ocrx_word' id='word_1_286' title='bbox 1196 2017 1248 2055; x_wconf 81' lang='grc'><strong>63</strong></span> <span class='ocrx_word' id='word_1_287' title='bbox 1281 2017 1344 2054; x_wconf 85' lang='grc'>10.</span> <span class='ocrx_word' id='word_1_288' title='bbox 1399 2015 1501 2051; x_wconf 83' lang='lat' dir='ltr'><strong>ALt..</strong></span> 
     </span>
    </p>

    <p class='ocr_par' dir='ltr' id='par_1_6' title="bbox 335 2063 1774 2451">
     <span class='ocr_line' id='line_1_34' title="bbox 447 2063 1771 2120; baseline 0 -17"><span class='ocrx_word' id='word_1_289' title='bbox 447 2066 501 2103; x_wconf 82' lang='lat' dir='ltr'><strong>ib.</strong></span> <span class='ocrx_word' id='word_1_290' title='bbox 577 2063 689 2106; x_wconf 79' lang='grc' dir='ltr'><em>οὔπω</em></span> <span class='ocrx_word' id='word_1_291' title='bbox 726 2070 918 2119; x_wconf 84' lang='grc' dir='ltr'><strong><em>τριταῖος]</em></strong></span> <span class='ocrx_word' id='word_1_292' title='bbox 969 2070 1159 2120; x_wconf 84' lang='lat' dir='ltr'><strong>Gregoras</strong></span> <span class='ocrx_word' id='word_1_293' title='bbox 1195 2068 1474 2120; x_wconf 87' lang='lat' dir='ltr'><strong>Pachymerius</strong></span> <span class='ocrx_word' id='word_1_294' title='bbox 1515 2075 1553 2106; x_wconf 89' lang='lat' dir='ltr'><strong>et</strong></span> <span class='ocrx_word' id='word_1_295' title='bbox 1589 2066 1771 2105; x_wconf 82' lang='lat' dir='ltr'><strong>Phranza</strong></span> 
     </span>
     <span class='ocr_line' id='line_1_35' title="bbox 337 2121 1767 2175; baseline 0.001 -18"><span class='ocrx_word' id='word_1_296' title='bbox 337 2121 496 2162; x_wconf 85' lang='lat' dir='ltr'><strong>tradunt</strong></span> <span class='ocrx_word' id='word_1_297' title='bbox 522 2123 644 2160; x_wconf 82' lang='lat' dir='ltr'><strong>fuisse</strong></span> <span class='ocrx_word' id='word_1_298' title='bbox 669 2131 934 2175; x_wconf 86' lang='lat' dir='ltr'><strong>perpetratum</strong></span> <span class='ocrx_word' id='word_1_299' title='bbox 960 2124 1024 2162; x_wconf 90' lang='lat' dir='ltr'><strong>die</strong></span> <span class='ocrx_word' id='word_1_300' title='bbox 1043 2138 1167 2174; x_wconf 88' lang='lat' dir='ltr'><strong>nono,</strong></span> <span class='ocrx_word' id='word_1_301' title='bbox 1206 2132 1244 2162; x_wconf 89' lang='lat' dir='ltr'><strong>et</strong></span> <span class='ocrx_word' id='word_1_302' title='bbox 1263 2126 1364 2163; x_wconf 86' lang='lat' dir='ltr'><strong>forte</strong></span> <span class='ocrx_word' id='word_1_303' title='bbox 1392 2137 1527 2163; x_wconf 81' lang='lat' dir='ltr'><strong>omnes</strong></span> <span class='ocrx_word' id='word_1_304' title='bbox 1547 2136 1639 2161; x_wconf 81' lang='lat' dir='ltr'><strong>vera</strong></span> <span class='ocrx_word' id='word_1_305' title='bbox 1662 2136 1767 2159; x_wconf 85' lang='lat' dir='ltr'><strong>nun-</strong></span> 
     </span>
     <span class='ocr_line' id='line_1_36' title="bbox 337 2178 1766 2233; baseline 0.001 -20"><span class='ocrx_word' id='word_1_306' title='bbox 337 2178 447 2214; x_wconf 88' lang='lat' dir='ltr'><strong>tiant.</strong></span> <span class='ocrx_word' id='word_1_307' title='bbox 505 2191 634 2230; x_wconf 83' lang='lat' dir='ltr'><strong>neque</strong></span> <span class='ocrx_word' id='word_1_308' title='bbox 660 2181 766 2217; x_wconf 86' lang='lat' dir='ltr'><strong>enim</strong></span> <span class='ocrx_word' id='word_1_309' title='bbox 795 2182 928 2218; x_wconf 80' lang='lat' dir='ltr'><strong>statim</strong></span> <span class='ocrx_word' id='word_1_310' title='bbox 954 2188 1071 2233; x_wconf 88' lang='lat' dir='ltr'><strong>atque</strong></span> <span class='ocrx_word' id='word_1_311' title='bbox 1095 2182 1260 2218; x_wconf 85' lang='lat' dir='ltr'><strong>moritur</strong></span> <span class='ocrx_word' id='word_1_312' title='bbox 1277 2183 1507 2232; x_wconf 90' lang='lat' dir='ltr'><strong>imperator,</strong></span> <span class='ocrx_word' id='word_1_313' title='bbox 1545 2179 1766 2230; x_wconf 80' lang='lat' dir='ltr'><strong>sepulturae</strong></span> 
     </span>
     <span class='ocr_line' id='line_1_37' title="bbox 335 2231 1768 2287; baseline 0.001 -18"><span class='ocrx_word' id='word_1_314' title='bbox 335 2231 514 2270; x_wconf 85' lang='lat' dir='ltr'><strong>traditur.</strong></span> <span class='ocrx_word' id='word_1_315' title='bbox 573 2247 691 2285; x_wconf 88' lang='lat' dir='ltr'><strong>quare</strong></span> <span class='ocrx_word' id='word_1_316' title='bbox 711 2248 783 2272; x_wconf 84' lang='lat' dir='ltr'><strong>sex</strong></span> <span class='ocrx_word' id='word_1_317' title='bbox 802 2238 939 2287; x_wconf 88' lang='lat' dir='ltr'><strong>primis</strong></span> <span class='ocrx_word' id='word_1_318' title='bbox 963 2236 1101 2275; x_wconf 89' lang='lat' dir='ltr'><strong>diebus</strong></span> <span class='ocrx_word' id='word_1_319' title='bbox 1119 2238 1237 2274; x_wconf 85' lang='lat' dir='ltr'><strong>funus</strong></span> <span class='ocrx_word' id='word_1_320' title='bbox 1256 2238 1362 2275; x_wconf 88' lang='lat' dir='ltr'><strong>illius</strong></span> <span class='ocrx_word' id='word_1_321' title='bbox 1378 2243 1553 2274; x_wconf 86' lang='lat' dir='ltr'><strong>curatum</strong></span> <span class='ocrx_word' id='word_1_322' title='bbox 1571 2241 1630 2272; x_wconf 87' lang='lat' dir='ltr'><strong>est</strong></span> <span class='ocrx_word' id='word_1_323' title='bbox 1642 2264 1652 2282; x_wconf 96' lang='lat'><strong>,</strong></span> <span class='ocrx_word' id='word_1_324' title='bbox 1683 2235 1768 2271; x_wconf 90' lang='lat' dir='ltr'><strong>ela-</strong></span> 
     </span>
     <span class='ocr_line' id='line_1_38' title="bbox 337 2289 1769 2348; baseline 0.001 -24"><span class='ocrx_word' id='word_1_325' title='bbox 337 2294 442 2336; x_wconf 82' lang='lat' dir='ltr'><strong>tum,</strong></span> <span class='ocrx_word' id='word_1_326' title='bbox 471 2292 714 2339; x_wconf 87' lang='lat' dir='ltr'><strong>propositum</strong></span> <span class='ocrx_word' id='word_1_327' title='bbox 732 2293 892 2341; x_wconf 76' lang='lat' dir='ltr'><strong>populo,</strong></span> <span class='ocrx_word' id='word_1_328' title='bbox 926 2300 1052 2330; x_wconf 85' lang='lat' dir='ltr'><strong>terrae</strong></span> <span class='ocrx_word' id='word_1_329' title='bbox 1068 2292 1438 2339; x_wconf 85' lang='lat' dir='ltr'><strong>tandem-traditum,</strong></span> <span class='ocrx_word' id='word_1_330' title='bbox 1466 2303 1570 2327; x_wconf 89' lang='lat' dir='ltr'><strong>nono</strong></span> <span class='ocrx_word' id='word_1_331' title='bbox 1589 2303 1681 2348; x_wconf 75' lang='lat' dir='ltr'><strong>vero</strong></span> <span class='ocrx_word' id='word_1_332' title='bbox 1704 2289 1769 2326; x_wconf 87' lang='lat' dir='ltr'><strong>die</strong></span> 
     </span>
     <span class='ocr_line' id='line_1_39' title="bbox 337 2345 1767 2400; baseline 0.001 -20"><span class='ocrx_word' id='word_1_333' title='bbox 337 2345 385 2381; x_wconf 86' lang='lat' dir='ltr'><strong>ab</strong></span> <span class='ocrx_word' id='word_1_334' title='bbox 415 2345 522 2382; x_wconf 87' lang='lat' dir='ltr'><strong>illius</strong></span> <span class='ocrx_word' id='word_1_335' title='bbox 553 2345 682 2394; x_wconf 84' lang='lat' dir='ltr'><strong>obitu,</strong></span> <span class='ocrx_word' id='word_1_336' title='bbox 722 2349 836 2384; x_wconf 88' lang='lat' dir='ltr'><strong>tertio</strong></span> <span class='ocrx_word' id='word_1_337' title='bbox 866 2349 913 2384; x_wconf 90' lang='lat' dir='ltr'><strong>ab</strong></span> <span class='ocrx_word' id='word_1_338' title='bbox 938 2349 1044 2386; x_wconf 90' lang='lat' dir='ltr'><strong>illius</strong></span> <span class='ocrx_word' id='word_1_339' title='bbox 1068 2350 1288 2400; x_wconf 86' lang='lat' dir='ltr'><strong>sepultura,</strong></span> <span class='ocrx_word' id='word_1_340' title='bbox 1317 2348 1541 2384; x_wconf 83' lang='lat' dir='ltr'><strong>Muzalo&#39;nes</strong></span> <span class='ocrx_word' id='word_1_341' title='bbox 1561 2347 1767 2383; x_wconf 88' lang='lat' dir='ltr'><strong>obtrunca-</strong></span> 
     </span>
     <span class='ocr_line' id='line_1_40' title="bbox 336 2402 1774 2451; baseline 0.001 -15"><span class='ocrx_word' id='word_1_342' title='bbox 336 2407 438 2439; x_wconf 85' lang='lat' dir='ltr'><strong>runt.</strong></span> <span class='ocrx_word' id='word_1_343' title='bbox 495 2402 595 2438; x_wconf 76' lang='lat' dir='ltr'><strong>Am..</strong></span> <span class='ocrx_word' id='word_1_344' title='bbox 1771 2450 1774 2451; x_wconf 19' lang='lat'><em>⁷</em></span> 
     </span>
    </p>

    <p class='ocr_par' dir='ltr' id='par_1_7' title="bbox 337 2453 1768 2844">
     <span class='ocr_line' id='line_1_41' title="bbox 447 2453 1768 2509; baseline -0.001 -16"><span class='ocrx_word' id='word_1_345' title='bbox 447 2454 500 2493; x_wconf 83' lang='lat' dir='ltr'><strong>ib.</strong></span> <span class='ocrx_word' id='word_1_346' title='bbox 523 2469 561 2494; x_wconf 82' lang='lat' dir='ltr'><strong>v.</strong></span> <span class='ocrx_word' id='word_1_347' title='bbox 581 2458 620 2497; x_wconf 89' lang='lat'><strong>8·</strong></span> <span class='ocrx_word' id='word_1_348' title='bbox 679 2453 961 2508; x_wconf 71' lang='grc' dir='ltr'><strong><em>συνδραμόντες</em></strong></span> <span class='ocrx_word' id='word_1_349' title='bbox 990 2454 1155 2509; x_wconf 73' lang='grc' dir='ltr'><strong>πάντες]</strong></span> <span class='ocrx_word' id='word_1_350' title='bbox 1197 2459 1423 2496; x_wconf 87' lang='lat' dir='ltr'><strong>solemnitas</strong></span> <span class='ocrx_word' id='word_1_351' title='bbox 1449 2458 1706 2508; x_wconf 83' lang='lat' dir='ltr'><strong>exequiarum</strong></span> <span class='ocrx_word' id='word_1_352' title='bbox 1730 2462 1768 2492; x_wconf 89' lang='lat' dir='ltr'><strong>et</strong></span> 
     </span>
     <span class='ocr_line' id='line_1_42' title="bbox 337 2512 1767 2564; baseline 0 -16"><span class='ocrx_word' id='word_1_353' title='bbox 337 2513 522 2563; x_wconf 85' lang='lat' dir='ltr'><strong>frequens</strong></span> <span class='ocrx_word' id='word_1_354' title='bbox 553 2513 730 2550; x_wconf 87' lang='lat' dir='ltr'><strong>omnium</strong></span> <span class='ocrx_word' id='word_1_355' title='bbox 763 2525 970 2551; x_wconf 86' lang='lat' dir='ltr'><strong>concursus</strong></span> <span class='ocrx_word' id='word_1_356' title='bbox 1001 2527 1079 2550; x_wconf 87' lang='lat' dir='ltr'><strong>non</strong></span> <span class='ocrx_word' id='word_1_357' title='bbox 1106 2515 1326 2551; x_wconf 87' lang='lat' dir='ltr'><strong>merebatur</strong></span> <span class='ocrx_word' id='word_1_358' title='bbox 1344 2521 1427 2551; x_wconf 88' lang='lat' dir='ltr'><strong>tam</strong></span> <span class='ocrx_word' id='word_1_359' title='bbox 1449 2512 1655 2564; x_wconf 84' lang='lat' dir='ltr'><strong>indignum</strong></span> <span class='ocrx_word' id='word_1_360' title='bbox 1676 2525 1767 2562; x_wconf 85' lang='lat' dir='ltr'><strong>spe-</strong></span> 
     </span>
     <span class='ocr_line' id='line_1_43' title="bbox 340 2567 1766 2621; baseline 0 -17"><span class='ocrx_word' id='word_1_361' title='bbox 340 2568 547 2605; x_wconf 88' lang='lat' dir='ltr'><strong>ctaculum.</strong></span> <span class='ocrx_word' id='word_1_362' title='bbox 608 2575 867 2605; x_wconf 82' lang='lat' dir='ltr'><strong>couvenerant</strong></span> <span class='ocrx_word' id='word_1_363' title='bbox 895 2571 1000 2606; x_wconf 87' lang='lat' dir='ltr'><strong>enim</strong></span> <span class='ocrx_word' id='word_1_364' title='bbox 1023 2571 1064 2605; x_wconf 89' lang='lat' dir='ltr'><strong>in</strong></span> <span class='ocrx_word' id='word_1_365' title='bbox 1086 2571 1279 2620; x_wconf 85' lang='lat' dir='ltr'><strong>templum</strong></span> <span class='ocrx_word' id='word_1_366' title='bbox 1305 2567 1524 2621; x_wconf 86' lang='lat' dir='ltr'><strong>patriarcha</strong></span> <span class='ocrx_word' id='word_1_367' title='bbox 1550 2581 1638 2605; x_wconf 88' lang='lat' dir='ltr'><strong>cum</strong></span> <span class='ocrx_word' id='word_1_368' title='bbox 1664 2569 1766 2604; x_wconf 86' lang='lat' dir='ltr'><strong>clero</strong></span> 
     </span>
     <span class='ocr_line' id='line_1_44' title="bbox 339 2624 1767 2675; baseline 0 -16"><span class='ocrx_word' id='word_1_369' title='bbox 339 2624 521 2660; x_wconf 80' lang='lat' dir='ltr'><strong>universo</strong></span> <span class='ocrx_word' id='word_1_370' title='bbox 534 2652 544 2670; x_wconf 95' lang='lat'><strong>,</strong></span> <span class='ocrx_word' id='word_1_371' title='bbox 569 2631 791 2672; x_wconf 85' lang='lat' dir='ltr'><strong>matronae,</strong></span> <span class='ocrx_word' id='word_1_372' title='bbox 823 2637 958 2662; x_wconf 87' lang='lat' dir='ltr'><strong>omnes</strong></span> <span class='ocrx_word' id='word_1_373' title='bbox 976 2625 1139 2673; x_wconf 80' lang='lat' dir='ltr'><strong>nobiles,</strong></span> <span class='ocrx_word' id='word_1_374' title='bbox 1169 2632 1212 2662; x_wconf 91' lang='lat' dir='ltr'><strong>ut</strong></span> <span class='ocrx_word' id='word_1_375' title='bbox 1233 2624 1281 2662; x_wconf 90' lang='lat' dir='ltr'><strong>de</strong></span> <span class='ocrx_word' id='word_1_376' title='bbox 1296 2639 1405 2663; x_wconf 88' lang='lat' dir='ltr'><strong>more</strong></span> <span class='ocrx_word' id='word_1_377' title='bbox 1422 2627 1602 2675; x_wconf 86' lang='lat' dir='ltr'><strong>lugerent</strong></span> <span class='ocrx_word' id='word_1_378' title='bbox 1620 2630 1659 2660; x_wconf 84' lang='lat' dir='ltr'><strong>et</strong></span> <span class='ocrx_word' id='word_1_379' title='bbox 1679 2637 1767 2660; x_wconf 88' lang='lat' dir='ltr'><strong>me-</strong></span> 
     </span>
     <span class='ocr_line' id='line_1_45' title="bbox 339 2680 1767 2732; baseline 0.001 -16"><span class='ocrx_word' id='word_1_380' title='bbox 339 2680 506 2716; x_wconf 82' lang='lat' dir='ltr'><strong>moriam</strong></span> <span class='ocrx_word' id='word_1_381' title='bbox 524 2680 768 2730; x_wconf 87' lang='lat' dir='ltr'><strong>imperatoris</strong></span> <span class='ocrx_word' id='word_1_382' title='bbox 788 2681 1040 2718; x_wconf 86' lang='lat' dir='ltr'><strong>celebrarent.</strong></span> <span class='ocrx_word' id='word_1_383' title='bbox 1097 2680 1257 2718; x_wconf 85' lang='lat' dir='ltr'><strong>aderant</strong></span> <span class='ocrx_word' id='word_1_384' title='bbox 1280 2695 1414 2719; x_wconf 85' lang='lat' dir='ltr'><strong>omues</strong></span> <span class='ocrx_word' id='word_1_385' title='bbox 1434 2682 1628 2732; x_wconf 84' lang='lat' dir='ltr'><strong>principes</strong></span> <span class='ocrx_word' id='word_1_386' title='bbox 1641 2708 1651 2726; x_wconf 92' lang='lat'>‚</span> <span class='ocrx_word' id='word_1_387' title='bbox 1680 2680 1767 2730; x_wconf 86' lang='lat' dir='ltr'><strong>ple-</strong></span> 
     </span>
     <span class='ocr_line' id='line_1_46' title="bbox 338 2733 1768 2786; baseline 0 -16"><span class='ocrx_word' id='word_1_388' title='bbox 338 2735 419 2771; x_wconf 88' lang='lat' dir='ltr'><strong>beii</strong></span> <span class='ocrx_word' id='word_1_389' title='bbox 436 2747 591 2786; x_wconf 85' lang='lat' dir='ltr'><strong>quoque</strong></span> <span class='ocrx_word' id='word_1_390' title='bbox 607 2748 687 2772; x_wconf 86' lang='lat' dir='ltr'><strong>non</strong></span> <span class='ocrx_word' id='word_1_391' title='bbox 705 2735 877 2784; x_wconf 88' lang='lat' dir='ltr'><strong>deerant,</strong></span> <span class='ocrx_word' id='word_1_392' title='bbox 901 2737 1140 2774; x_wconf 81' lang='lat' dir='ltr'><strong>confluxerat</strong></span> <span class='ocrx_word' id='word_1_393' title='bbox 1157 2739 1283 2774; x_wconf 89' lang='lat' dir='ltr'><strong>omnis</strong></span> <span class='ocrx_word' id='word_1_394' title='bbox 1302 2739 1509 2784; x_wconf 83' lang='lat' dir='ltr'><strong>exercitus,</strong></span> <span class='ocrx_word' id='word_1_395' title='bbox 1532 2748 1611 2773; x_wconf 87' lang='lat' dir='ltr'><strong>nou</strong></span> <span class='ocrx_word' id='word_1_396' title='bbox 1630 2733 1768 2772; x_wconf 89' lang='lat' dir='ltr'><strong>eadem</strong></span> 
     </span>
     <span class='ocr_line' id='line_1_47' title="bbox 340 2791 1767 2844; baseline -0.001 -17"><span class='ocrx_word' id='word_1_397' title='bbox 340 2803 484 2831; x_wconf 78' lang='lat' dir='ltr'><strong>omnes,</strong></span> <span class='ocrx_word' id='word_1_398' title='bbox 495 2792 707 2841; x_wconf 85' lang='lat' dir='ltr'><strong>sententia,</strong></span> <span class='ocrx_word' id='word_1_399' title='bbox 749 2793 816 2830; x_wconf 82' lang='lat' dir='ltr'><strong>alii</strong></span> <span class='ocrx_word' id='word_1_400' title='bbox 835 2793 983 2830; x_wconf 87' lang='lat' dir='ltr'><strong>luctum</strong></span> <span class='ocrx_word' id='word_1_401' title='bbox 998 2793 1282 2844; x_wconf 78' lang='lat' dir='ltr'><strong>praeferentes,</strong></span> <span class='ocrx_word' id='word_1_402' title='bbox 1323 2794 1390 2830; x_wconf 89' lang='lat' dir='ltr'><strong>alii</strong></span> <span class='ocrx_word' id='word_1_403' title='bbox 1407 2804 1544 2830; x_wconf 83' lang='lat' dir='ltr'><strong>necem</strong></span> <span class='ocrx_word' id='word_1_404' title='bbox 1564 2791 1767 2842; x_wconf 81' lang='lat' dir='ltr'><strong>spitautes,</strong></span> 
     </span>
    </p>
   </div>
  </div>
 </body>
</html>
