1924 3242
340 180 404 229 44
735 183 967 228 GEORGII
999 184 1376 230 AGROPOLITAE

224 301 251 333 P
274 301 318 336 22
340 295 508 353 παρέσχε
537 302 619 346 τοῖς
646 294 810 347 Ἰταλοῖς
836 295 1062 354 πράγματα.
1129 299 1349 356 κατέδραμε
1369 298 1445 356 γὰρ
1465 297 1594 343 πάντα
1613 299 1664 342 τὰ
1683 298 1757 342 ὕπ’

338 365 490 406 ἐκείνων
526 362 794 419 κρατούμενα,
829 367 895 407 καὶ
921 366 1036 424 μέχρι
1067 369 1133 409 καὶ
1160 367 1281 421 αὐτῆς
1301 370 1372 421 τῆς
1391 366 1537 422 Βιζῦης
1557 366 1760 423 γενόμενος

335 432 380 474 τὸ
402 431 477 480 ἔξω
499 432 660 484 κατέσχε
683 437 755 474 τοῦ
777 432 947 485 ἄστεως,
982 436 1047 476 καὶ
1070 436 1176 477 λείαν
1194 434 1343 488 πολλὴν
1365 434 1514 477 ἐκεῖθεν
1533 434 1758 491 ἐποιήσατο,

337 500 402 540 καὶ
437 498 552 555 μέχρι
588 501 654 540 καὶ
686 504 765 542 τῶν
798 505 931 543 πυλῶν
962 506 1033 557 τῆς
1066 503 1366 545 Κωνσταντίνου
1408 501 1645 557 κατήντησε,
1692 504 1759 545 καὶ

337 566 474 606 πτοίαν
515 567 663 621 πολλὴν
707 574 789 617 τοῖς
822 570 1017 621 Λατίνοις
1051 571 1221 624 ἐνέβαλε.
1288 567 1374 611 τότε
1411 569 1460 624 δὴ
1495 571 1559 611 καὶ
1594 568 1616 611 ὅ
1643 570 1791 612 {Asel-5

338 632 490 684 Δεκαέ,
526 632 570 684 ὃς
599 639 648 690 τῇ
674 637 844 692 θυγατρὶ
875 641 946 678 τοῦ
973 639 1168 691 βασιλέως
1199 635 1409 693 Θεοδώρου
1434 641 1505 679 τοῦ
1521 635 1763 692 Λασκάριος

338 699 544 756 συνεζύγη,
579 700 655 744 ὑπό
675 720 779 753 τινος
799 708 876 745 τῶν
896 708 967 745 τοῦ
989 707 1201 760 Κομνηνοῦ
1227 703 1436 761 Θεοδώρου
1457 702 1593 761 δόρατι
1614 702 1761 759 ἐπλήγη
1808 702 1811 705 ’

337 767 405 808 τὸν
433 767 643 824 τράχηλον.
711 773 776 812 καὶ
808 766 857 825 ἦν
880 769 933 820 ὧς
953 771 1059 822 ἔδοξε
1080 773 1130 814 τὰ
1151 777 1221 827 τῆς
1240 776 1364 826 βολῆς
1385 772 1516 828 ἐκείνῳ
1537 766 1760 826 θανάσιμα,

337 835 428 875 ἀλλ’
462 834 539 878 ὖπό
569 854 638 879 του
670 842 748 879 τῶν
780 840 925 895 ἰατρῶν
949 839 1246 896 τεθεράπευται.
1312 835 1361 894 ἦν
1393 840 1436 881 δὲ
1467 839 1512 881 τὸ
1542 839 1619 882 ἄπό
1645 841 1761 881 τοῦδε

285 909 315 943 Β
337 904 558 960 τραχυτέρα
581 904 704 946 αὐτοῦ
725 904 750 960 ἢ
773 906 885 963 φωνὴ
904 908 969 948 καὶ
987 907 1057 950 οὐκ
1079 908 1246 965 εὐχερῶς
1270 907 1307 949 οἳ
1327 911 1399 950 τοῦ
1423 905 1622 964 τραχήλου
1645 905 1818 968 owe-21⁵0

339 968 504 1026 φόμενοι
522 971 746 1015 σπόνδυλοι.

473 1040 550 1083 25.
620 1039 759 1091 Οὕτως
789 1035 859 1083 οὖν
888 1039 1112 1097 ε’παυξήσας
1140 1048 1221 1092 τοῖς
1251 1039 1478 1101 πράγμασιν
1506 1040 1527 1084 ὅ
1554 1041 1764 1096 Κομνηνὸς

342 1103 551 1163 Θεόδωρος
580 1108 711 1163 ἐπειδὴ
742 1107 899 1165 ὃμοριῦν
927 1109 1089 1165 ἐγεγόνει
1112 1117 1194 1160 τοῖς
1213 1108 1480 1166 Βουλγάροις,
1516 1111 1571 1159 εἷς
1590 1107 1764 1158 σπονδάς

337 1189 378 1214 τε
411 1179 584 1228 συνῆλθε
613 1180 671 1232 τῷ
695 1176 1045 1233 τῶν’Βουλγάρων
1073 1181 1234 1230 βασιλεῖ
1257 1175 1418 1232 Ἰωάννῃ
1446 1181 1504 1232 τῷ
1528 1175 1672 1228 Ἀσάν,
1719 1175 1764 1218 ὃν

337 1239 504 1295 φθάσας
536 1240 556 1283 ὃ
592 1240 707 1297 λόγος
737 1243 864 1298 εἴρηκε
892 1244 993 1296 μετὰ
1019 1244 1087 1285 τὸν
1115 1246 1292 1299 Βορίλαν
1322 1247 1556 1295 βασιλεῦσαι
1584 1247 1655 1297 τῆς
1684 1246 1763 1285 τῶν
1777 1248 1817 1282 15

335 1306 580 1364 Βονλγάρων
590 1340 603 1359 ,
639 1311 704 1350 καὶ
729 1311 950 1364 συγγένειαν
965 1310 1066 1363 μετὰ
1081 1308 1222 1351 τούτου
1241 1311 1424 1364 πεποίηκε
1443 1308 1765 1366 προσλαβόμενος

334 1374 396 1414 ἐπὶ
425 1379 482 1431 τῷ
510 1375 672 1432 ἀδελφῷ
697 1374 838 1418 τούτου
870 1377 1072 1431 Μανουὴλ
1103 1377 1174 1432 τὴν
1201 1378 1406 1433 θυγατέρα
1431 1377 1555 1419 αὐτοῦ’
1579 1379 1764 1434 Μαρίαν,

334 1439 421 1495 ἥτις
444 1443 486 1483 ἐκ
506 1446 710 1497 παλλακῆς
729 1444 859 1501 ἐκείνῳ
882 1445 1114 1500 γεγέννηται.
1183 1443 1203 1486 ὃ
1222 1446 1294 1498 μὲν
1313 1440 1383 1486 οὗν
1397 1444 1579 1500 Ἄγγελος
1604 1444 1764 1487 Θεόδω-

335 1525 404 1563 ρος
432 1509 505 1559 τὰς
531 1511 632 1563 μετὰ
658 1516 730 1552 τοῦ
743 1512 864 1553 Ἀσὰν
880 1510 1062 1554 Ἰωάννου
1090 1512 1265 1562 σπονδὰς
1287 1511 1500 1563 διαλύσας,
1535 1510 1601 1554 οἶα
1622 1514 1764 1561 ἒκεῖνος

282 1581 311 1615 C
336 1577 434 1633 ἀνὴρ
464 1577 714 1635 θρασύτερος
740 1581 805 1620 καὶ
837 1578 1096 1636 ἀτακτότερον
1128 1578 1343 1636 φερόμενος
1370 1579 1416 1621 οὗ
1440 1577 1561 1633 μόνον
1582 1580 1623 1621 ἐν
1643 1584 1819 1633 βασι-20

335 1645 451 1695 λείοις
473 1645 575 1687 ἀλλὰ
593 1648 657 1688 καὶ
681 1648 721 1688 ἐν
740 1650 859 1689 πᾶσιν
881 1645 1016 1697 ἁπλῶς
1031 1653 1113 1697 τοῖς
1131 1651 1365 1698 πολιτικοῖς,
1400 1647 1467 1688 καὶ
1489 1647 1608 1701 θαμὰ
1631 1664 1763 1704 παρα-

423 1784 447 1818 3
479 1782 541 1818 καὶ
570 1784 670 1819 λείαν
694 1804 739 1810 -
762 1783 959 1830 ἐποιήσατο
982 1797 1036 1820 om
1057 1786 1090 1820 D
1276 1785 1300 1822 4
1329 1784 1392 1820 καὶ
1420 1788 1499 1831 post
1522 1782 1626 1829 μέχρι
1655 1797 1707 1820 om
1732 1786 1764 1819 D

423 1827 485 1862 καὶ
502 1850 547 1856 -
564 1827 710 1875 ἐνέβαλε
732 1842 784 1864 om
800 1831 831 1864 D
966 1832 987 1866 5
1022 1830 1068 1875 δὴ
1092 1842 1143 1865 om
1162 1831 1194 1865 D
1327 1833 1348 1865 6
1372 1829 1477 1865 δεκαὲ
1497 1831 1563 1876 τῆς
1579 1829 1765 1875 θυγατρὸς

422 1875 490 1908 τοῦ
513 1874 730 1919 Λασκάρεως
751 1873 946 1920 Θεοδώρου
966 1875 1116 1919 σύζυγος
1132 1877 1163 1909 D
1265 1877 1286 1910 7
1309 1876 1384 1909 τῶν
1400 1876 1465 1910 add
1478 1876 1510 1910 D
1616 1878 1637 1911 8
1659 1870 1706 1920 ἦν
1720 1895 1765 1900 -

426 1920 448 1952 9
458 1919 736 1964 τεθεράπευται]
745 1919 990 1964 τεθεράπευτο
999 1923 1029 1956 D
1108 1923 1129 1956 9
1139 1915 1185 1974 ἦν
1196 1918 1249 1965 δὲ]
1258 1919 1320 1954 καὶ
1331 1915 1415 1964 ἧνΙ)
1503 1923 1546 1956 10
1553 1920 1666 1955 καὶ-
1675 1923 1718 1955 12
1728 1917 1763 1963 ὁ]

429 1960 449 1997 ὁ
478 1963 516 1998 δὲ
540 1966 571 1998 D
722 1967 766 2002 13
794 1964 919 2011 ἐπειδὴ
944 1986 990 1992 —-
1015 1968 1237 2010 Βουλγαροις
1262 1977 1315 1999 om
1336 1967 1368 2000 D
1518 1966 1562 2000 14
1587 1977 1627 2000 τε
1652 1977 1704 2000 om
1731 1965 1763 1998 D

426 2010 501 2042 τῶν
531 2011 596 2044 add
620 2010 651 2045 D
833 2007 877 2045 ὃν
903 2032 949 2037 -
973 2011 1146 2054 πεποίηκε
1180 2023 1233 2045 om
1250 2011 1281 2045 D
1463 2011 1506 2046 16
1525 2010 1699 2056 προσλαβ.
1719 2029 1764 2035 —-

427 2054 610 2099 Μανουὴλ
626 2060 703 2100 post
717 2056 868 2101 Μαρίαν
885 2057 916 2091 D
1029 2059 1070 2092 18
1091 2054 1170 2101 ἥτις
1187 2075 1232 2081 —-
1248 2053 1456 2100 γεγέννηται
1470 2066 1523 2090 om
1536 2055 1568 2090 D
1681 2052 1701 2090 ὁ
1720 2074 1764 2081 -

426 2099 617 2146 γειτόνων]
642 2098 718 2135 εἶτα
732 2102 763 2136 D
901 2103 942 2137 19
966 2099 1070 2142 οἷοςί)
1091 2114 1127 2138 v.
1144 2102 1245 2136 index
1259 2104 1434 2146 grammat.

339 2221 424 2255 enim
453 2223 500 2256 il-li
528 2225 707 2266 tenebant,
746 2225 854 2259 omnia
883 2225 1021 2260 adortus
1046 2227 1081 2259 et
1104 2224 1299 2269 Byzantium
1321 2223 1424 2268 ipsam
1449 2233 1554 2267 usque
1579 2222 1765 2266 profectus,

338 2267 499 2311 quidquid
526 2273 623 2302 extra
649 2271 762 2303 urbem
788 2275 880 2313 erat,
904 2282 964 2315 pro
980 2270 1118 2303 arbitrio
1134 2270 1246 2313 duxit,
1270 2272 1304 2302 et
1323 2268 1432 2312 opima
1446 2268 1572 2312 praeda
1587 2272 1704 2300 auctus
1721 2267 1765 2301 ad

340 2313 431 2345 fores
457 2313 600 2355 Byziae,
623 2314 757 2358 ingente
780 2315 906 2349 Latinis
931 2316 1048 2348 timore
1070 2315 1212 2358 iniecto,
1234 2312 1397 2358 pervenit.
1443 2319 1522 2346 tunc
1543 2312 1705 2357 temporis
1730 2317 1766 2346 et

338 2357 540 2398 Aseldecae,
571 2359 660 2392 filiae
687 2359 896 2408 imperatoris
927 2360 1101 2393 Theodori
1128 2359 1282 2392 Lascaris
1310 2358 1460 2399 maritus,
1485 2359 1527 2391 ab
1549 2357 1589 2390 iis
1612 2357 1668 2401 qui
1692 2368 1765 2390 cum

339 2402 506 2435 Comneno
530 2403 710 2437 Theodoro
736 2409 830 2438 erant
850 2405 944 2438 hasta
956 2405 1102 2448 iugulum
1116 2404 1252 2445 feritur,
1275 2403 1459 2447 vulnusque
1472 2403 1573 2436 letale
1585 2402 1765 2435 iudicatum

338 2458 359 2480 a
373 2448 484 2492 perito
499 2449 630 2482 tandem
645 2449 772 2482 medico
787 2455 933 2483 sanatur.
980 2449 1098 2483 exhinc
1112 2452 1232 2494 postea
1250 2452 1322 2482 erat
1334 2459 1402 2482 vox
1417 2448 1583 2494 asperior,
1606 2459 1667 2482 nec
1689 2447 1766 2480 colli

337 2492 536 2537 vertebrae,
553 2498 597 2531 *ut
612 2498 712 2527 antea
722 2521 732 2537 ,
752 2494 843 2527 flexu
858 2495 983 2528 faciles.

428 2538 482 2572 25.
529 2538 588 2572 Sic
607 2551 688 2582 ergo
705 2539 805 2573 rebus
820 2551 981 2585 prospere
1005 2538 1110 2581 gestis
1137 2537 1332 2571 Theodorus
1360 2538 1549 2571 Gomnenus
1562 2562 1574 2579 ‚
1609 2546 1682 2570 cum
1703 2547 1765 2570 suo

338 2582 474 2627 imperio
490 2584 574 2617 fines
587 2584 683 2618 iidem
700 2588 812 2618 essent
827 2597 867 2618 ac
881 2583 1052 2627 Bffigaris,
1075 2583 1196 2617 foedus
1217 2595 1290 2616 cum
1307 2583 1525 2627 Bulgarorum
1545 2593 1626 2626 rege
1642 2583 1766 2614 Ioanne

339 2631 470 2670 Anno,
497 2628 569 2672 qui,
591 2633 630 2662 ut
653 2629 740 2670 dixi,
765 2633 841 2674 post
866 2629 1012 2662 Borilam
1036 2628 1188 2673 Bulgaris
1215 2632 1386 2672 praeerat,
1408 2627 1487 2670 init;
1521 2627 1674 2671 illiusque
1696 2626 1765 2660 filia

339 2672 450 2706 Maria
473 2685 514 2707 ex
536 2674 655 2718 pellice
680 2679 836 2719 suscepta
855 2675 952 2708 fratri
967 2684 1026 2707 suo
1042 2673 1189 2707 Manueli
1203 2673 1403 2717 desponsata
1417 2673 1581 2706 affinitate
1595 2670 1765 2713 coniungi-

327 2720 408 2751 tur.
453 2718 512 2752 sed
536 2719 619 2752 enim
646 2719 794 2762 Angelus
819 2720 1016 2753 Theodorus
1036 2729 1109 2752 cum
1123 2720 1234 2752 Asano
1250 2719 1375 2751 Ioanne
1389 2717 1635 2751 condicionibus
1649 2727 1690 2749 ac
1704 2726 1766 2767 pi}-

341 2763 507 2802 ctionibus
532 2764 754 2808 perturbatis,
778 2776 851 2799 curn
873 2764 1029 2798 audacior
1053 2768 1158 2806 esset,
1186 2771 1286 2807 atque
1300 2763 1516 2796 inordinatius
1531 2773 1596 2795 non
1610 2760 1713 2795 solum
1730 2771 1766 2792 m

342 2808 436 2853 regia
455 2809 514 2844 sed
537 2809 571 2843 in
595 2810 670 2844 aliis
693 2810 834 2854 negotiis
860 2809 1011 2844 civilibus
1034 2819 1109 2844 sese
1123 2809 1340 2853 immisceret,
1363 2818 1528 2853 saepeque
1542 2804 1775 2843 iusiurandum*
