1872 3236
155 396 184 428 P
206 396 270 431 108

291 211 390 258 226
673 187 1059 259 ‘CONSTANTINI
1089 217 1350 262 MANASSIS

427 328 492 368 καὶ
515 324 819 370 κινδυνεύουσαν
836 326 967 371 πεσεῖν
984 327 1139 380 ἀθλίως
1160 331 1222 372 ἐπὶ
1243 326 1414 385 στόμα,

426 398 580 447 μᾶλλον
600 393 643 435 δ’
669 396 786 438 εἰπεῖν
809 397 1064 439 ἐκλείπουσαν
1083 399 1149 440 καὶ
1167 399 1363 441 πνέουσαν
1383 399 1434 442 τὰ
1454 401 1620 451 λοῒσθα,

293 462 402 504 5295
428 464 508 503 δεῖν
530 461 627 516 ἔγνω
643 463 716 516 τὴν
734 466 937 517 βασίλειον
959 465 1172 520 ἀναλαβεῖν
1195 468 1341 522 σοφίαν

427 531 494 571 καὶ
515 534 641 571 σῶσαι
663 531 736 584 τὴν
757 532 868 589 παρὰ
887 533 1029 590 μικρὸν
1046 532 1189 590 νεκράν
1209 551 1252 575 τε
1274 535 1340 575 καὶ
1363 525 1564 591 τυμβήρή.

427 598 610 639 ἐντεῦθεν
629 597 799 651 κάματοι
821 602 958 642 πυκνοὶ
979 602 1044 642 καὶ
1068 601 1254 657 μέριμναι
1278 603 1344 643 καὶ
1364 601 1534 656 μόχθοι,

428 666 494 706 καὶ
510 664 653 721 θώραξ
673 669 937 725 περιστι-’ρνιος
953 670 1022 713 ,καὶ
1040 670 1321 726 σιδηροφορία,

427 734 493 774 καὶ
516 731 680 786 πόλεμοι
703 738 939 792 ([ιλαᾲιατοι
960 737 1026 777 καὶ
1048 743 1222 790 συνεχεῖς
1244 736 1465 792 φροντίδες,

293 802 404 842 5300
426 802 492 841 καὶ
511 802 601 853 βίος
618 799 858 853 ὗπασπίδιος
878 804 943 845 καὶ
967 801 1140 860 κόρυθες
1160 805 1225 846 καὶ
1249 803 1402 859 λόγχαι,

427 870 494 909 καὶ
513 869 720 926 βλέφαρον
742 870 952 924 ὠμόῦπνον
974 875 1086 914 σπῶν
1108 871 1180 914 οὒκ
1198 873 1253 921 εἷς
1272 870 1392 928 κόρον
1409 869 1547 913 ὕπνον.

426 937 608 978 ἐντεῦθεν
629 937 854 980 ἀνεσώσατο
880 940 930 981 τὰ
951 937 1167 996 πράγματα
1180 938 1414 993 Ῥωμαίοις,

428 1005 494 1045 καὶ
518 1002 640 1059 τύχην
660 1005 732 1059 τὴν
752 1005 987 1063 γηράσασαν
1005 1007 1078 1061 τὴν
1097 1009 1434 1064 ἓκρυτιδωθεῖσαν

424 1072 548 1126 καλὴν
573 1072 912 1130 τρυφεροπάρε-ιον
932 1075 1142 1130 εῗργάσατο
1166 1076 1367 1132 κορίσκην.

291 1137 399 1180 5305
425 1138 601 1194 ἔγνωσαν
626 1139 712 1183 τότε
732 1140 937 1199 βάρβαροι
962 1147 1075 1199 θ’ἤρα
1094 1143 1163 1185 τὸν
1180 1145 1273 1200 πρὶν
1292 1141 1491 1185 ὕπνοῦντα

430 1209 616 1262 γενναίως
635 1208 893 1265 ἀνεγρόμενον
913 1210 1015 1252 κατὰ
1034 1215 1113 1253 τῶν
1134 1209 1389 1261 ἀδικούντων,

429 1276 495 1315 καὶ
520 1273 661 1325 πάντες
681 1275 968 1333 ὖποτρέσαντες
988 1277 1134 1320 ἔδυσαν
1157 1280 1211 1327 εἷς
1226 1278 1300 1327 τὰς
1319 1275 1487 1330 λόχμας,

428 1344 496 1383 καὶ·
519 1340 637 1385 πάλιν
658 1342 917 1401 ὑπερίσχυσεν
936 1343 962 1399 ἦ
980 1349 1059 1387 τῶν
1071 1343 1279 1398 Ῥωμαίων
1301 1344 1466 1402 ῥάβδος.

490 1409 596 1451 Ἐπεὶ
622 1412 664 1452 δὲ
684 1410 890 1461 κλύδωνας
910 1413 1048 1468 ([υγών
1062 1411 1250 1468 Ἰγνάτιος
1269 1417 1341 1455 τοῦ
1361 1414 1454 1465 βίου

293 1475 404 1518 5310
428 1483 510 1526 τοῖς
527 1477 758 1532 εὖγαλήνοις
777 1479 952 1535 οὐρανοῦ
972 1478 1212 1536 προσώκειλε
1232 1480 1399 1533 λιμέσιν,

430 1543 451 1586 ὃ
469 1545 754 1600 βαθι.’γνώμων
781 1545 958 1597 (Ῑὶιότιος,
994 1547 1052 1589 ἀεὶ
1074 1549 1207 1601 διψῶν
1228 1551 1302 1589 τοῦ
1319 1545 1473 1604 θρόνου

427 1614 494 1653 καὶ
513 1611 694 1655 σπεύδων
714 1612 999 1664 ἓπιτεύξασθαι
1015 1613 1137 1656 πάλιν
1156 1618 1227 1669 τῆς
1247 1615 1468 1669 ἐκκλησίας,

426 1678 577 1722 τοῖόνδε
599 1698 634 1722 τι
652 1681 917 1738 βαθύτροπον
937 1684 1003 1723 καὶ
1023 1682 1183 1724 σκολιὸν
1203 1688 1400 1736 τεχνᾶται.

428 1752 507 1789 τῶν
529 1746 736 1801 ὀνομάτων
756 1749 830 1799 τὰς
845 1749 974 1805 ἀρχὰς
996 1748 1272 1804 ἀπολαμβάνει
1292 1749 1420 1803 μόνας

294 1813 403 1856 5315
427 1819 499 1858 τοῦ
516 1816 732 1868 βασιλέως,
765 1821 847 1859 τῶν
866 1817 978 1868 υἱῶν,
1013 1817 1117 1859 ἀλλὰ
1140 1818 1207 1859 καὶ
1227 1822 1298 1871 τῆς
1316 1814 1571 1873 Αὖγούστης,

428 1885 493 1924 καὶ
517 1883 561 1925 τὸ
579 1884 727 1941 βεκλὰς
745 1886 980 1939 συντίθησι,
1015 1887 1080 1927 καὶ
1100 1889 1218 1929 τοῦτο
1240 1886 1488 1943 σαφηνίσας,

384 1990 474 2024 5296
495 1963 614 2036 μικρῷ
629 1991 659 2025 Α
795 1991 885 2026 5300
906 1990 1122 2033 ἐπασπιδιος
1139 1992 1209 2027 ΑΜ
1344 1991 1435 2028 5306
1452 1988 1679 2035 ἐγειρόμενον
1700 1989 1740 2024 Μ

383 2034 474 2070 5307
498 2035 549 2075 εἰς
571 2034 641 2074 τὰς
660 2034 824 2081 τρώγλας
844 2037 887 2083 Α,
911 2035 1010 2078 ὀπὰς
1030 2037 1199 2083 τρώγλων
1219 2038 1258 2073 Μ
1407 2037 1499 2073 5310
1518 2035 1686 2080 λειμῶσιν
1706 2036 1740 2070 R

384 2081 476 2115 5312
495 2079 771 2116 ἐπισπάσασθαι
786 2083 817 2117 A

293 2182 413 2214 scere,
447 2170 584 2217 iamque
604 2171 662 2206 illo
680 2172 717 2207 in
734 2173 888 2219 periculo
908 2173 1101 2208 versarint
1125 2173 1163 2208 in
1188 2185 1227 2208 os
1254 2173 1380 2207 misere
1404 2171 1652 2216 collaberetur,
1683 2170 1741 2205 vel

293 2217 423 2250 rectius
445 2223 484 2251 ut
502 2218 635 2262 loquar,
659 2219 770 2253 animo
796 2219 896 2265 quasi
919 2220 1091 2254 defectam
1113 2219 1256 2264 spiritus
1277 2224 1448 2253 extremos
1471 2220 1621 2262 ducere,
1641 2215 1742 2261 regia

294 2260 364 2296 sibi
385 2263 548 2296 utendum
571 2263 744 2307 sapientia
765 2265 909 2307 statuit,
940 2270 976 2299 et
1006 2265 1090 2298 eius·
1105 2264 1209 2298 saluti
1232 2264 1475 2299 consulendum
1500 2275 1590 2308 quae
1608 2267 1740 2296 tantum

294 2318 364 2341 non
391 2313 486 2340 esset
507 2313 641 2341 mortua
662 2308 798 2353 iamque
819 2310 977 2354 sepulcro
997 2310 1187 2344 condenda.
1221 2315 1433 2355 quapropter
1457 2321 1500 2342 ex
1518 2321 1559 2342 eo
1582 2312 1742 2352 tempore

295 2352 346 2386 nil
367 2351 436 2385 nisi
460 2353 621 2398 perpetui
645 2353 795 2398 labores,
818 2355 1079 2398 sollicitudines,
1101 2354 1291 2398 molestiae,
1314 2355 1474 2388 thoraces
1496 2354 1588 2387 circa
1604 2359 1740 2398 pectus,

293 2403 389 2432 arma
411 2398 548 2441 ferrea,
579 2397 670 2431 bella
692 2403 852 2443 cruenta,
883 2400 1023 2444 galeae,
1058 2400 1198 2443 hastae,
1223 2400 1313 2434 oculi
1335 2401 1379 2434 ad
1401 2400 1597 2434 satietatem
1619 2409 1738 2432 somno

293 2442 432 2476 minime
457 2443 620 2477 recreati.
666 2448 770 2488 atque
794 2444 860 2478 hoc
883 2446 983 2479 modo
1003 2457 1075 2479 rem
1095 2445 1283 2479 Romanam
1301 2445 1474 2487 restituit,
1509 2449 1546 2479 et
1565 2445 1738 2478 fortunam

293 2488 433 2532 imperii
459 2488 527 2522 iam
550 2494 788 2525 senescentem
821 2501 862 2523 ac
893 2502 997 2534 rugas
1030 2490 1288 2524 contrahentem
1315 2501 1435 2524 rursus
1463 2490 1574 2524 instar
1603 2489 1738 2534 puellae

294 2537 455 2577 vegetam
479 2539 515 2567 et
538 2538 717 2568 venustam
737 2535 867 2569 effecit.
914 2547 1090 2579 agnovere
1108 2540 1180 2570 tum
1205 2536 1347 2570 barbari
1371 2537 1498 2581 feram,
1529 2547 1619 2580 quae
1640 2534 1737 2580 prius

293 2579 411 2622 sopita
430 2584 573 2613 strenue
595 2591 684 2613 nunc
701 2581 867 2614 adversus
890 2580 1091 2615 iniuriarum
1109 2585 1267 2615 auctores
1290 2581 1484 2625 evigilarat.
1516 2581 1643 2616 iccirco
1661 2583 1735 2614 ter·-

291 2623 352 2658 riti
367 2624 518 2658 latebras
542 2625 699 2669 subiere,
723 2625 879 2671 potentia
899 2626 1054 2660 Romana
1074 2637 1192 2660 rursus
1214 2626 1463 2661 invalescente.

384 2670 471 2703 Cum
496 2674 610 2704 autem
640 2669 806 2706 liberatus
834 2671 929 2705 vitae
950 2670 1112 2716 procellis
1135 2671 1292 2715 Ignatius
1313 2673 1358 2706 ad
1379 2672 1533 2717 placidos
1557 2671 1626 2706 iam
1649 2669 1736 2704 caeli

292 2717 414 2793 nortus
436 2714 638 2760 appulisset,
662 2721 796 2751 astutus
817 2715 875 2750 ille
895 2716 1061 2760 Photius,
1084 2728 1256 2761 nunquam
1279 2729 1348 2751 non
1370 2717 1487 2752 throni
1511 2717 1674 2762 cupidus,
1698 2714 1735 2748 in

318 2771 360 2794 oc
380 2764 474 2794 totus
504 2760 705 2795 incumbens
732 2766 772 2796 ut
797 2761 944 2796 ecclesia
965 2772 1100 2796 rursum
1122 2761 1314 2807 potiretur,
1351 2762 1546 2797 huiusmodi
1574 2761 1736 2806 quiddam

291 2817 376 2839 sane
395 2810 572 2840 versutum
593 2818 634 2840 ac
654 2819 799 2852 pravum
820 2806 972 2842 molitur.
1018 2806 1109 2842 solas
1132 2807 1260 2854 primas
1288 2808 1408 2843 literas
1436 2807 1608 2844 nominum
1623 2806 1735 2852 impe-

290 2851 435 2896 ratoris,
465 2851 650 2887 liberorum
674 2852 748 2888 eius
770 2857 807 2888 et
822 2853 999 2898 Augustae
1015 2853 1137 2900 sumit,
1172 2857 1277 2900 atque
1302 2854 1384 2891 inde
1405 2853 1529 2890 Beclas
1549 2851 1736 2898 componit,
