1872 3236
237 431 267 465 C

235 1312 268 1345 D

290 170 393 218 “190
677 157 1051 216 coNs'TANrm
1081 170 1344 216 MANASSIS

429 282 522 326 ἀλλ’
543 281 689 339 ἴνηψεν
707 283 789 339 ὅψέ
803 299 897 327 ποτε
918 288 991 340 τῆς
1010 283 1137 341 ἄκρας
1157 285 1384 341 φιλαυτίας,

293 351 402 395 4425
427 357 594 407 συνῆκεν
614 350 669 404 ὥς
688 355 940 408 συνείληπται
959 353 1082 406 μέσος
1101 359 1237 403 κακοῖς
1255 351 1453 406 ἐσχάτοις,

426 414 492 462 καὶ
513 418 632 462 πάλιν
652 421 725 476 τὴν
745 423 986 475 βασίλισσαν
1006 423 1211 478 ἓκλιπαρεῖ
1229 421 1384 476 μητέρα

425 487 583 531 ἰθύνειν
594 489 641 531 τὸ
661 490 936 546 καλλίπρωρον
955 493 1027 543 τῆς
1043 491 1250 543 βασιλείας
1266 487 1436 544 σκάφος.

422 555 642 611 κάμπτεται
668 555 799 614 λόγοις
818 562 890 600 τοῦ
908 557 1052 607 παιδὸς
1076 556 1101 611 ἡ
1119 558 1279 610 βασιλὶς
1297 554 1463 612 Εἰρήνη,

424 627 489 667 καὶ
510 623 628 668 πάλιν
647 620 698 680 ἦν
717 626 791 668 σὺν
810 630 869 683 τῷ
888 626 1026 677 παιδί,
1062 627 1128 666 καὶ
1148 625 1221 666 σὺν
1240 625 1350 681 αὐτῷ
1371 626 1492 666 διεῖπε

291 691 402 735 4430
423 692 468 735 τὸ
490 691 636 750 κράτος
656 696 722 736 καὶ
743 693 794 737 τὰ
817 691 1034 750 πράγματα
1058 695 1123 735 καὶ
1146 693 1218 747 τὴν
1232 690 1440 745 Ῥωμαίων
1457 689 1603 746 τύχην·

425 756 475 815 ἦν
495 762 572 818 γὰρ
593 764 658 804 καὶ
681 760 798 818 φύσει
820 763 1018 818 φίλαρχος
1040 763 1106 804 καὶ
1130 765 1202 802 τοῦ
1224 766 1383 816 κρατεῖν
1404 761 1584 814 διψῶσα.

424 830 521 872 ἀλλ’
546 828 568 871 ὃ
592 829 770 884 λαλήσας
790 831 956 886 ψίθυρα
974 837 1060 880 ταῖς
1079 831 1219 879 ἀκοαῖς
1235 833 1306 883 τῆς
1328 826 1454 879 Εὔας,

425 900 492 940 καὶ
513 902 584 953 τῆς
602 900 745 948 κακίας
765 897 834 940 τὸν
858 897 917 939 ἷὸν
939 899 994 948 εἷς
1013 898 1085 952 τὴν
1106 897 1244 951 ψυχὴν
1267 897 1426 949 ἐμέσας,

424 968 490 1009 καὶ
508 968 646 1016 πείσας
668 964 971 1021 ἀπογεύσασθαι
991 964 1111 1015 ξύλου
1133 969 1205 1007 τοῦ
1223 963 1512 1020 καλλικάρπου,

291 1033 402 1078 4435
427 1037 494 1076 καὶ
516 1032 696 1077 θάνατον
719 1034 932 1089 ἐπενεγκών
954 1033 1040 1076 ἀντὶ
1064 1035 1167 1088 ζωῆς
1188 1031 1350 1082 ἀλύτου,

425 1104 492 1145 καὶ
509 1102 554 1144 τὸ
575 1102 741 1159 τερπνὸν
758 1101 998 1156 μεταβαλὼν
1019 1104 1074 1151 εἷς
1096 1101 1271 1157 ἄκρατον
1293 1099 1454 1155 πικρίαν

425 1172 491 1213 καὶ
513 1170 557 1212 τὸ
577 1170 771 1226 γλυκάζον
791 1171 847 1220 εἷς
857 1167 998 1223 χολήν,
1031 1169 1078 1211 τὸ
1098 1170 1246 1223 θέλγον
1267 1169 1322 1217 εἷς
1342 1164 1502 1219 ὀδύνην,

425 1238 641 1281 κάντεῦθεν
663 1239 736 1293 τὴν
755 1236 1012 1294 τριτάλαιναν
1033 1239 1089 1285 εἷς
1107 1236 1278 1289 πέλαγος
1296 1231 1506 1281 ποντιῦσας

426 1308 492 1348 καὶ
513 1309 746 1362 πειρασμῶν
767 1307 823 1354 εἷς
838 1303 1057 1345 θάλασσαν
1078 1305 1144 1344 καὶ
1165 1304 1387 1357 συμφορῶν
1409 1301 1465 1349 εἲς
1481 1304 1605 1354 κῦμα,

288 1372 401 1417 4440
427 1369 543 1421 οὗτος
558 1375 624 1414 καὶ
644 1371 731 1415 τότ’
754 1373 965 1425 ἐπίβουλος
983 1372 1049 1412 καὶ
1070 1369 1300 1424 σύμβουλος
1315 1364 1469 1425 Εἰρήνῃ

423 1446 476 1499 τῇ
491 1442 671 1495 βασιλίδι
688 1437 874 1496 γεγονώς,
910 1440 977 1481 καὶ
995 1438 1144 1488 θέλξας
1161 1437 1234 1492 τὴν
1253 1438 1422 1494 καρδίαν

423 1514 496 1564 τῆς
514 1510 736 1566 μοναρχίας
755 1507 872 1565 ἔρωτι
895 1509 962 1549 καὶ
983 1506 1300 1563 μονοκρατορίας
1310 1536 1324 1556 ,

423 1579 553 1620 πείθει
575 1577 679 1620 κατὰ
696 1580 769 1619 τοῦ
783 1577 973 1632 μείρακος
991 1573 1134 1617 τούτου
1152 1578 1226 1617 τοῦ
1241 1571 1440 1627 βασιλέως

423 1645 576 1700 βουλὴν
591 1643 897 1699 βουλεύσασθαι
917 1641 1072 1694 σκαιάν,
1107 1646 1206 1700 φεῦ,
1241 1635 1631 1697 ἃπανθρωποτάτην,

291 1710 401 1756 4445
426 1714 476 1768 ἢν
494 1714 586 1755 οὐδὲ
603 1710 914 1770 τιγροπάρδαλις
924 1742 937 1762 ,
972 1711 1018 1752 οὗ
1039 1711 1139 1752 λέων
1157 1710 1402 1766 βρυχητίας,

427 1782 499 1824 οὔκ
515 1780 662 1838 ἄρκτος
686 1778 958 1838 ἀγριόθυμος,
987 1778 1034 1820 οὗ
1053 1775 1213 1835 δράκων
1235 1773 1469 1833 ὠμοφάγος.

427 1848 565 1906 δρῶσα
582 1848 660 1906 γάρ
683 1865 745 1891 τοι
768 1847 837 1891 τὸν
855 1847 943 1888 υἱὸν
961 1846 1141 1900 ἇσέμνως
1158 1863 1199 1888 τε
1218 1848 1386 1899 βιοῦντα

431 1919 497 1960 καὶ
516 1921 615 1960 πᾶσι
634 1913 962 1974 προσφερόμενον
981 1914 1086 1956 κατὰ
1104 1913 1150 1956 τὸ
1170 1912 1402 1968 βουλητέον,

383 2034 476 2071 4425
494 2032 620 2080 μέσοις
639 2033 713 2069 MR
861 2030 951 2068 4441
969 2028 1093 2076 γέγονε
1116 2030 1156 2066 Μ
1292 2028 1382 2065 4445
1399 2025 1463 2063 καὶ
1485 2026 1519 2062 R

294 2137 451 2172 homines
468 2135 603 2181 pusillis
621 2134 800 2181 praeditos
818 2133 941 2168 animis
962 2133 1127 2167 exedunt.
1174 2130 1329 2166 vicissim
1345 2133 1461 2163 tamen
1482 2140 1526 2162 ex
1546 2128 1612 2162 hoc
1629 2138 1746 2162 amore

295 2183 351 2218 sui
376 2182 480 2216 nimio
504 2181 694 2226 resipiscit,
719 2180 884 2215 extremis
903 2191 942 2213 se
963 2178 1059 2212 malis
1082 2176 1249 2211 inclusum
1267 2175 1380 2210 teneri
1402 2172 1645 2219 deprehendit,
1671 2185 1745 2208 ma·—

294 2234 383 2263 trem
401 2228 657 2272 imperatricem
680 2230 803 2260 exorat
819 2230 858 2259 ut
878 2226 922 2259 ad
941 2222 1225 2268 gubernationem
1246 2233 1284 2255 se
1305 2232 1424 2255 rursus
1448 2220 1618 2263 accingat.
1643 2219 1748 2253 Irene

294 2274 361 2308 filii
378 2273 497 2307 verbis
514 2273 681 2315 flectitur,
707 2273 751 2305 ad
770 2283 846 2305 eum
867 2270 1070 2313 revertitur,
1092 2267 1207 2302 oneris
1227 2267 1265 2300 in
1283 2265 1533 2310 gubernatione
1552 2268 1686 2309 partem
1708 2264 1746 2298 in

292 2332 332 2354 se
350 2319 539 2361 transfert,
576 2318 669 2361 quod
693 2317 795 2351 etiam
821 2328 842 2349 a
859 2320 983 2349 natura
1001 2315 1053 2348 sic
1070 2318 1268 2358 comparata
1286 2313 1380 2345 foret
1397 2317 1436 2345 ut
1452 2310 1635 2356 imperium
1657 2310 1744 2344 affe-

293 2369 405 2399 ctaret
437 2376 477 2397 ac
508 2362 654 2396 mirifice
685 2361 854 2396 dominari
881 2365 1037 2405 cuperet.
1084 2370 1204 2393 verum
1231 2357 1263 2391 is
1294 2356 1354 2402 qui
1385 2367 1543 2391 susurros
1573 2355 1611 2389 in
1643 2366 1746 2390 aures

294 2412 396 2445 Evae
417 2408 586 2453 ingessit,
610 2407 690 2441 mali
712 2418 883 2440 venenum
900 2406 938 2438 in
962 2405 1036 2439 eius
1055 2404 1202 2438 animum
1221 2400 1391 2446 evomuit,
1423 2408 1462 2436 ut
1479 2400 1565 2446 ligni
1583 2400 1745 2446 pulcher-

293 2456 374 2491 rimi
404 2456 553 2489 fmctum
586 2457 744 2497 gustaret
771 2451 962 2496 persuasit,
1002 2455 1145 2483 mortem
1178 2460 1241 2495 pro
1276 2454 1418 2482 aeterna
1449 2447 1524 2482 vita
1552 2446 1746 2490 substituit,

295 2501 509 2545 voluptatem
531 2510 607 2533 cum
628 2498 797 2532 amariore
821 2508 916 2530 mero
939 2494 1177 2537 commutavit,
1217 2505 1291 2528 cum
1313 2493 1384 2527 bile
1412 2492 1648 2536 dulcedinem,
1669 2503 1746 2526 cum

295 2547 415 2582 dolore
439 2545 723 2587 delectationem,
754 2541 891 2587 quique,
910 2541 1076 2585 deinceps
1101 2541 1214 2573 Evam
1234 2539 1326 2573 illam
1346 2538 1570 2573 miserrimam
1591 2537 1629 2572 in
1652 2548 1748 2571 mare

294 2592 523 2628 tentationum
545 2590 843 2633 calamitatumque
870 2587 1055 2629 demersit,
1083 2585 1115 2619 is
1138 2585 1246 2629 igitur
1269 2586 1374 2618 etiam
1406 2585 1471 2618 hoc
1491 2590 1648 2628 tempore
1677 2593 1747 2616 non

297 2645 368 2673 tam
391 2636 609 2672 consiliarius
633 2646 734 2680 quam
751 2633 935 2668 insidiator
952 2633 1076 2666 Irenae
1100 2632 1230 2674 factus,
1260 2630 1321 2664 ubi
1346 2643 1406 2664 cor
1429 2630 1504 2664 eius
1527 2628 1747 2665 demulsisset

299 2696 415 2719 amore
437 2682 642 2725 dominatus,
666 2692 733 2725 quo
752 2679 826 2714 sola
843 2680 1030 2721 frueretur,
1053 2677 1202 2721 denique
1223 2677 1413 2721 persuadet
1429 2682 1468 2710 ut
1488 2676 1656 2710 adversus
1678 2673 1745 2706 im-

326 2733 494 2764 eratorem
518 2727 769 2762 adolescentem
795 2723 935 2760 crudele
961 2723 1140 2757 consilium
1170 2727 1206 2756 et
1235 2723 1302 2755 heu
1331 2722 1436 2766 longe
1466 2719 1746 2755 immanissimum

299 2776 424 2820 iniret,
456 2774 548 2819 quod
581 2785 626 2806 ne
654 2770 899 2817 tigropardalis
925 2769 1083 2814 quidem,
1117 2780 1183 2802 nec
1203 2768 1345 2812 rugiens
1366 2767 1444 2811 leo,
1475 2778 1540 2801 nec
1561 2764 1748 2800 iracundus

301 2831 421 2866 ursus,
445 2832 510 2856 nec
538 2818 742 2855 crudivorua
773 2819 880 2854 draeo
911 2819 1066 2863 caperet.
1113 2825 1189 2850 cum
1218 2813 1309 2849 enim
1338 2813 1446 2849 filium
1474 2813 1622 2859 quodam
1643 2809 1747 2845 modo
