1924 3242
768 197 1022 250 ANNALES.
1542 194 1606 240 77

169 313 240 359 τὸν
254 307 515 370 ’πατριάρχην
533 311 575 354 Γ
571 309 740 368 ερμανὸν
768 310 821 352 τὰ
846 312 940 368 τῇδε
971 305 1240 354 καταλιπόντα
1269 307 1370 366 πρὸς
1398 308 1472 360 τὰς
1491 309 1610 360 ’θείας

171 369 324 438 ἴἆτιίῑίραι
346 377 518 436 σκηνάς,
553 382 686 430 καλῶς
703 380 771 421 καὶ
792 377 911 430 ὁσίως
927 377 1134 433 βιώσαντα
1156 380 1223 421 καὶ
1243 381 1376 428 καλῶς
1394 378 1467 434 τὴν
1486 378 1610 421 αὐτοῦ

169 446 422 504 ποιμάναντα
442 449 637 503 ποίμνην·
670 447 818 503 ἐγένετο
849 447 893 488 δὲ
920 447 1010 500 μετ’
1045 447 1166 490 αὐτὸν
1198 444 1415 497 ,Μεθόδιός
1443 444 1503 497 ’τις
1535 464 1609 489 κα-
1632 453 1662 488 Β

169 515 362 571 λούμενος
390 515 590 571 μοναχός,
629 513 848 572 ἡγούμενος
877 514 934 557 ὢν
953 519 1026 569 τῆς
1054 515 1158 558 κατὰ
1187 517 1363 558 Νίκαιαν
1389 513 1610 558 “Υακίνθου

136 592 160 628 5
168 588 316 640 μονῆς,
346 583 448 643 ἀνὴρ
471 585 605 639 αὐχῶν
623 585 697 639 μὲν
718 583 861 627 εἰδέναι
881 581 1024 634 πολλά,
1053 583 1195 639 ὀλίγων
1217 585 1260 626 δὲ
1281 583 1384 641 ἴδρις
1407 582 1476 626 ὤν.
1516 582 1610 625 ἀλλ’

168 647 287 704 οὗτος
310 659 416 711 τρεῖς
445 654 512 695 καὶ
540 651 690 707 μόνους
715 656 845 707 μῆνας
866 649 1150 701 ἕπαπολαύσας
1169 655 1243 693 τοῦ
1260 650 1414 707 θρόνου
1436 649 1614 694 τετελεύ-

166 738 296 777 τηκεν.
362 721 540 778 ἔστέρετο
574 725 671 778 γοῦν
701 720 914 778 ἀρχιερέως
943 718 970 775 ἦ
1005 721 1205 775 ἐκκλησία.
1273 717 1294 760 ὅ
1323 719 1401 775 γὰρ
1426 720 1615 773 βασιλεὺς

162 787 349 844 Ἰωάννης
376 790 418 832 ἓν
447 796 530 839 τοῖς
551 788 747 839 τοιούτοις
769 789 826 843 μὴ
846 786 1056 845 πρόχειρος
1081 786 1138 830 ὢν
1159 787 1232 830 οὐκ
1256 786 1425 843 εὐχερῶς
1449 786 1548 841 εἶχεν
1571 789 1614 829 ἐκ

165 861 240 900 ’τοῦ
255 859 466 914 προχείρου
487 857 556 899 τὸν
575 857 686 907 ἄξιον
707 859 898 914 ἓφευρεΐν,
933 856 960 911 ἢ
980 860 1135 910 μᾶλλον
1154 855 1223 898 τὸν
1243 855 1375 911 ἐκείνῳ
1397 855 1615 911 ἀρέσοντα·

113 933 159 968 10
165 923 345 980 μάλιστα
363 925 441 982 γὰρ
465 925 502 967 οἱ
525 929 762 982 κρατοῦντες
781 924 877 974 τοὺς
897 924 999 981 πρὸς
1019 925 1226 981 ἀρέσκειαν
1248 924 1289 964 ἓν
1311 920 1468 974 τούτοις
1487 940 1616 980 προσ-

165 993 310 1044 ίενται,
357 991 414 1044 ὥς
455 991 506 1035 ἂν
546 991 604 1048 μή
636 1010 747 1043 τινας
780 992 905 1046 ἔχοιεν
940 993 1212 1049 ἀντερίζοντας
1246 991 1340 1041 τοὺς
1370 990 1616 1046 βουλήμασι.

163 1058 369 1118 παρερρύη
395 1065 492 1117 γοῦν
518 1059 666 1118 χρόνος
694 1059 864 1115 συχνός,
911 1062 979 1103 καὶ
1013 1061 1086 1103 οὐκ
1114 1055 1165 1115 ἦν
1196 1058 1218 1102 ὃ
1247 1057 1437 1115 διεξάγων
1458 1060 1503 1103 τὸ
1524 1062 1617 1103 ποί-

160 1145 290 1183 μνιον.

298 1192 379 1242 43.
440 1195 490 1239 Ὁ
520 1197 594 1251 μὲν
619 1190 690 1238 οὖν
717 1196 909 1250 βασιλεὺς
931 1195 1138 1253 Ἰωάννης,
1172 1196 1227 1248 ὥς
1255 1196 1428 1255 ἔφημεν,
1463 1198 1519 1248 εἷς
1539 1196 1611 1252 τὴν
1634 1204 1664 1239 C

110 1273 154 1310 15
166 1263 380 1322 ἅντίπεραν
408 1267 475 1306 καὶ
506 1265 668 1318 δυτικὴν
698 1265 865 1307 ἐποιεῖτο
895 1265 964 1307 τὸν
991 1265 1121 1319 βάδον
1146 1264 1268 1323 χάριν
1297 1270 1371 1308 τοῦ
1398 1265 1473 1316 τὰς
1492 1267 1613 1309 ἕκεῖσε

158 1331 300 1390 χώρας
318 1333 385 1375 καὶ
405 1332 458 1375 τὰ
477 1333 519 1374 ἐν
539 1332 675 1381 αὐτοῖς
694 1331 1046 1376 κατοπτεύσασθαι
1066 1333 1167 1388 ἄστη
1179 1348 1190 1358 ·
1225 1335 1292 1376 καὶ
1308 1335 1425 1391 μέχρι
1445 1335 1522 1391 γὰρ
1543 1339 1617 1377 τοῦ

163 1400 269 1444 οὕτω
299 1417 385 1451 πως
411 1401 754 1454 ἐπονομαζομένου
775 1400 926 1451 ἄστεως
948 1403 1099 1456 Ζίχνα,
1135 1399 1249 1458 ἐγγύς
1272 1418 1348 1444 που
1376 1401 1492 1452 ὄντος
1512 1405 1617 1459 Σερ-

162 1473 259 1526 (aar,
294 1466 482 1511 ἁπάντων
502 1470 720 1521 ἓδέσποζεν.
765 1463 863 1526 ἦρχε
885 1471 958 1523 μὲν
979 1469 1067 1513 τότε
1088 1468 1335 1527 Βουλγάρων
1359 1468 1381 1512 ὃ
1403 1474 1477 1512 τοῦ
1492 1471 1614 1513 Ἀσὰν

160 1536 247 1587 υἱὸς
268 1535 550 1590 Καλλιμάνος,
587 1538 834 1592 δωδεκαέτης
854 1537 923 1580 ὤν.
991 1540 1074 1581 ἐπεὶ
1103 1543 1201 1594 γοῦν
1230 1540 1293 1580 ε’πὶ
1324 1538 1376 1581 τὰ
1404 1541 1505 1595 μέρη
1543 1543 1617 1581 τοῢ

104 1606 322 1651 ΞοΚισσοῧ
342 1603 363 1646 ὅ
383 1605 574 1658 βασιλεὺς
591 1606 753 1660 ἐγένετο,
779 1606 934 1648 κάκεῖσε
959 1605 1223 1664 διημερεύσας
1242 1606 1314 1661 τὴν
1334 1605 1524 1663 ἐπαύριον
1543 1611 1616 1663 τῆς

160 1673 322 1730 πορείας
338 1671 487 1728 εἴχετο,
521 1671 742 1731 ἕπεφθάκει
769 1675 813 1716 δὲ
834 1675 896 1716 ἐπὶ
917 1674 986 1716 τὸν
1003 1675 1186 1729 ποταμὸν
1205 1673 1250 1716 ὃν
1260 1674 1410 1732 Ἕβρον
1431 1679 1614 1727 καλοῦσι,

160 1741 328 1797 πλησίον
354 1745 428 1797 τῆς
445 1746 574 1797 μονῆς
585 1746 666 1802 ’τοῦ
684 1741 823 1798 Βηρὸς
840 1741 1135 1798 ὀνομαζομένης
1156 1742 1393 1796 ποιούμενον
1410 1742 1485 1792 τὰς
1503 1741 1614 1799 ῥοάς,

253 1848 299 1884 14
320 1845 341 1883 ὁ
370 1846 410 1884 δὲ
436 1845 608 1894 βασιλεὺς
634 1847 685 1888 εἰς
708 1846 779 1893 τὴν
810 1845 1013 1892 ἄντίπεραν
1040 1847 1199 1884 ἐποιεῖτο
1226 1847 1295 1885 τὸν
1321 1847 1441 1895 βάδον
1459 1847 1528 1890 ἕως
1544 1851 1612 1885 τοῦ

254 1893 367 1938 Ζίχνα
397 1889 546 1934 ἄστεως.
590 1888 678 1938 ἦρχε
708 1892 774 1937 μὲν
806 1888 876 1929 οὖν
906 1893 1126 1939 Βουλγάρων
1164 1895 1196 1930 D
1335 1896 1378 1930 19
1400 1895 1486 1940 περὶ
1508 1896 1612 1940 vulgo

250 1941 299 1975 20
318 1937 462 2019 ἴένοιτο
485 1939 517 1973 D
592 1936 738 1973 κάκεῖσε
759 1943 795 1973 et
814 1937 884 1984 τὴν
907 1937 1085 1984 ἐπαύριον
1109 1952 1161 1975 om
1183 1941 1216 1974 D
1284 1941 1327 1976 21
1354 1940 1416 1976 καὶ
1438 1939 1611 1986 πὲφθακε

250 1995 318 2028 περ
356 1982 425 2020 τὸν
449 1978 576 2030 Εὗρον
598 1983 666 2019 τὸν
683 1986 739 2018 ni..
764 1985 797 2019 D
887 1986 934 2020 22
957 1983 1227 2030 ὀνομαζομένης
1249 1998 1304 2020 om
1325 1986 1370 2022 D.

158 2074 242 2111 doro
257 2075 291 2110 in
309 2075 450 2110 Oriente
465 2074 594 2110 relicto.
642 2077 719 2108 ante
738 2074 823 2109 haec
839 2077 993 2121 tempora
1009 2077 1199 2110 Germanus
1213 2075 1406 2122 patriarcha
1420 2077 1522 2111 rebus
1537 2079 1611 2111 ter-

158 2121 250 2156 renis
263 2121 405 2156 dimissis
419 2121 453 2155 in
468 2120 640 2155 beatorum
656 2121 754 2154 sedes
770 2125 931 2155 avocatur
941 2147 952 2164 ‚
982 2126 1160 2167 postquam
1184 2122 1291 2166 probe
1310 2127 1490 2167 sancteque
1508 2123 1611 2156 vixis-

159 2171 231 2206 set.
255 2168 429 2212 probeque
451 2178 530 2201 suas
555 2178 635 2200 oves
652 2166 813 2210 pavisset.
860 2171 939 2212 post
962 2177 1036 2201 eum
1059 2169 1239 2201 monachus
1266 2168 1400 2213 quidam
1417 2168 1612 2203 MethodIus

157 2212 300 2255 nomine,
322 2212 521 2258 Hyacinthi,
545 2212 637 2257 quod
653 2212 804 2245 Nicaeae
819 2217 882 2254 est,
908 2213 1100 2246 monasterii
1117 2223 1274 2258 praeses,
1300 2213 1354 2247 vir
1369 2213 1502 2259 quidem
1518 2213 1610 2248 dicto

157 2269 218 2293 suo
241 2262 342 2292 tenus
367 2263 486 2292 cautus
511 2269 554 2292 ac
568 2258 717 2303 sapiens,
750 2269 787 2291 re
803 2269 884 2291 vera
899 2263 1010 2291 tamen
1024 2269 1207 2304 paucorum
1223 2259 1353 2301 sciens,
1393 2264 1465 2293 tres
1483 2262 1612 2294 tantum

157 2314 289 2338 meuses
302 2304 424 2338 throno
443 2304 572 2348 potitus
586 2303 688 2344 obiit,
723 2307 758 2336 et
782 2303 924 2337 ecclesia
948 2303 1051 2337 vidua
1076 2304 1238 2349 pontifice
1255 2316 1316 2338 suo
1341 2305 1490 2340 carebat.
1537 2316 1612 2340 cum

160 2349 245 2384 enim
259 2349 399 2384 Ioannes
412 2349 595 2394 imperator
612 2349 644 2383 in
660 2349 709 2383 his
726 2348 943 2392 expediendis
958 2360 1024 2383 non
1041 2354 1131 2383 esset
1145 2349 1319 2384 admodum
1336 2354 1522 2395 promptus,
1544 2362 1612 2385 non

158 2393 206 2429 ita
221 2393 320 2429 facile
334 2399 467 2440 poterat
482 2407 502 2429 e
517 2407 555 2428 re
570 2400 650 2428 nata
664 2395 799 2438 dignum
822 2394 877 2428 tali
895 2395 979 2428 solio
991 2422 1002 2439 ‚
1036 2395 1092 2429 vel
1112 2395 1224 2440 potius
1247 2396 1303 2440 qui
1326 2396 1374 2429 illi
1395 2397 1610 2441 probaretur,

157 2439 323 2474 invenire.
368 2440 535 2485 principes
551 2440 635 2474 enim
650 2440 683 2474 in
699 2442 781 2473 haec
796 2451 934 2474 munera
948 2440 1041 2474 viros
1052 2466 1063 2484 ‚
1099 2441 1157 2495 qui
1175 2441 1264 2486 quod
1291 2441 1358 2475 illis
1375 2442 1532 2487 placitum
1556 2446 1611 2476 est

157 2485 284 2520 faciant
297 2496 360 2519 nec
375 2486 444 2520 suis
459 2486 635 2520 desideriis
651 2486 886 2526 adversentur,
907 2486 1086 2522 asciscunt.
1109 2486 1217 2531 igitur
1231 2487 1370 2521 multum
1386 2488 1610 2532 praeterierat

155 2537 300 2577 tempus,
325 2541 389 2565 nec
403 2531 520 2566 aderat
537 2531 594 2576 qui
610 2543 692 2565 oves
707 2532 925 2576 gubernaret.

245 2575 303 2611 43.
347 2576 457 2610 Porro
472 2577 613 2611 loannes
627 2578 821 2622 imperator,
846 2582 885 2611 ut
900 2577 1052 2620 diximus,
1076 2578 1109 2611 in
1127 2577 1318 2623 oppositam
1338 2589 1358 2612 e
1373 2578 1511 2622 regione
1527 2590 1610 2612 con-

155 2621 317 2656 tinentem
330 2624 433 2666 atque
447 2622 619 2656 occiduam
631 2649 640 2663 ‚
675 2628 714 2656 ut
735 2623 836 2656 urbes
860 2622 894 2656 in
920 2635 961 2656 ea
981 2635 1021 2656 ac
1038 2623 1161 2668 oppida
1176 2634 1298 2668 resque
1313 2623 1346 2656 in
1363 2623 1426 2657 illis
1442 2624 1608 2666 visitaret,

156 2668 224 2702 iter
238 2667 402 2702 instituit:
426 2678 500 2702 nam
515 2667 559 2702 ad
574 2668 730 2714 oppidum
745 2668 798 2702 cui
815 2679 933 2703 nomen
949 2668 1096 2702 Zichnae
1112 2672 1165 2702 est
1175 2693 1185 2709 ,
1210 2679 1318 2714 prope
1334 2668 1454 2703 Serras
1466 2697 1476 2713 ,
1502 2670 1607 2703 omni-

155 2714 220 2747 bus
235 2712 480 2746 dominabatur.
527 2718 607 2747 tunc
621 2713 844 2758 Bulgarorum
869 2714 971 2748 Asani
997 2714 1085 2748 filius
1110 2713 1312 2748 Callimanus
1337 2714 1404 2749 duo
1431 2719 1466 2749 et
1491 2715 1607 2748 decem

155 2770 261 2793 annos
276 2762 376 2792 natus
391 2757 616 2804 principatum
630 2760 779 2796 tenebat.
826 2771 900 2794 cum
916 2760 959 2794 ad
973 2760 1050 2793 loca
1066 2758 1154 2792 Cissi
1168 2759 1352 2804 imperator
1370 2760 1604 2806 processisset,

154 2804 276 2838 ibidem
293 2809 514 2838 commoratus
529 2803 584 2838 die
598 2810 732 2850 postero
748 2805 815 2839 iter
830 2805 1020 2849 continuat,
1058 2808 1091 2838 et
1106 2804 1147 2838 ad
1164 2804 1286 2849 flumen
1300 2805 1449 2840 Hebrum
1463 2833 1472 2849 ‚
1498 2817 1605 2850 prope

154 2850 252 2885 Beris
267 2849 501 2885 monasterium
515 2849 717 2885 defluentem
732 2855 766 2885 et
782 2851 825 2885 ab
840 2850 1007 2895 indigenis
1022 2849 1200 2886 Maritzam
1223 2855 1378 2887 vocatum
1393 2878 1403 2895 ,
1433 2851 1602 2896 pervenit.
