<?xml version="1.0" encoding="UTF-8"?>
<!DOCTYPE html PUBLIC "-//W3C//DTD XHTML 1.0 Transitional//EN"
    "http://www.w3.org/TR/xhtml1/DTD/xhtml1-transitional.dtd">
<html xmlns="http://www.w3.org/1999/xhtml" xml:lang="en" lang="en">
 <head>
  <title>
</title>
<meta http-equiv="Content-Type" content="text/html;charset=utf-8" />
  <meta name='ocr-system' content='tesseract 3.04.00' />
  <meta name='ocr-capabilities' content='ocr_page ocr_carea ocr_par ocr_line ocrx_word'/>
</head>
<body>
  <div class='ocr_page' id='page_1' title='image "./corpusscriptorum06niebuoft_0131.png"; bbox 0 0 1872 3236; ppageno 0'>
   <div class='ocr_carea' id='block_1_1' title="bbox 0 0 169 2680">
    <p class='ocr_par' dir='ltr' id='par_1_1' title="bbox 0 0 169 2680">
     <span class='ocr_line' id='line_1_1' title="bbox 0 0 169 2680; baseline 0 0"><span class='ocrx_word' id='word_1_1' title='bbox 0 0 169 2680; x_wconf 95' lang='lat' dir='ltr'><strong> </strong></span> 
     </span>
    </p>
   </div>
   <div class='ocr_carea' id='block_1_2' title="bbox 506 171 1614 224">
    <p class='ocr_par' dir='ltr' id='par_1_2' title="bbox 506 171 1614 224">
     <span class='ocr_line' id='line_1_2' title="bbox 506 171 1614 224; baseline 0.001 -3"><span class='ocrx_word' id='word_1_2' title='bbox 506 174 882 221; x_wconf 82' lang='lat' dir='ltr'><strong>COMPENDrUM</strong></span> <span class='ocrx_word' id='word_1_3' title='bbox 921 171 1270 222; x_wconf 84' lang='lat' dir='ltr'><strong>CHRONIGUM.</strong></span> <span class='ocrx_word' id='word_1_4' title='bbox 1502 189 1506 193; x_wconf 85' lang='grc'><strong><em>’</em></strong></span> <span class='ocrx_word' id='word_1_5' title='bbox 1521 177 1546 223; x_wconf 94' lang='grc'>1</span> <span class='ocrx_word' id='word_1_6' title='bbox 1555 178 1614 224; x_wconf 83' lang='grc'><strong>15</strong></span> 
     </span>
    </p>
   </div>
   <div class='ocr_carea' id='block_1_3' title="bbox 26 285 1754 1870">
    <p class='ocr_par' dir='ltr' id='par_1_3' title="bbox 26 285 1754 1870">
     <span class='ocr_line' id='line_1_3' title="bbox 99 285 1303 349; baseline -0.002 -12"><span class='ocrx_word' id='word_1_7' title='bbox 99 319 104 325; x_wconf 86' lang='lat'>·</span> <span class='ocrx_word' id='word_1_8' title='bbox 150 288 264 337; x_wconf 77' lang='lat'><strong>2645</strong></span> <span class='ocrx_word' id='word_1_9' title='bbox 289 292 357 335; x_wconf 77' lang='grc' dir='ltr'><em>καὶ</em></span> <span class='ocrx_word' id='word_1_10' title='bbox 376 285 536 349; x_wconf 72' lang='grc' dir='ltr'><em>φθόνος</em></span> <span class='ocrx_word' id='word_1_11' title='bbox 554 287 765 348; x_wconf 72' lang='grc' dir='ltr'><strong><em>ἐπιφύεται</em></strong></span> <span class='ocrx_word' id='word_1_12' title='bbox 786 297 872 343; x_wconf 80' lang='grc' dir='ltr'><em>τοῖς</em></span> <span class='ocrx_word' id='word_1_13' title='bbox 892 291 938 335; x_wconf 85' lang='grc' dir='ltr'><em>τὸ</em></span> <span class='ocrx_word' id='word_1_14' title='bbox 958 291 1083 335; x_wconf 83' lang='grc' dir='ltr'><em>καλὸν</em></span> <span class='ocrx_word' id='word_1_15' title='bbox 1107 290 1303 344; x_wconf 79' lang='grc' dir='ltr'><em>ἀσκοῦσι,</em></span> 
     </span>
     <span class='ocr_line' id='line_1_4' title="bbox 26 357 1458 418; baseline 0.001 -15"><span class='ocrx_word' id='word_1_16' title='bbox 26 362 36 371; x_wconf 75' lang='grc'>’</span> <span class='ocrx_word' id='word_1_17' title='bbox 291 361 360 406; x_wconf 77' lang='grc' dir='ltr'><em>καὶ</em></span> <span class='ocrx_word' id='word_1_18' title='bbox 378 362 460 403; x_wconf 76' lang='grc' dir='ltr'><em>πᾶν</em></span> <span class='ocrx_word' id='word_1_19' title='bbox 483 357 690 415; x_wconf 77' lang='grc' dir='ltr'><strong>εὐτύχημα</strong></span> <span class='ocrx_word' id='word_1_20' title='bbox 710 359 897 418; x_wconf 79' lang='grc' dir='ltr'><em>λαμπρὸν</em></span> <span class='ocrx_word' id='word_1_21' title='bbox 919 363 986 404; x_wconf 82' lang='grc' dir='ltr'><strong>καὶ</strong></span> <span class='ocrx_word' id='word_1_22' title='bbox 1006 366 1087 404; x_wconf 81' lang='grc' dir='ltr'><em>πᾶν</em></span> <span class='ocrx_word' id='word_1_23' title='bbox 1108 361 1254 416; x_wconf 83' lang='grc' dir='ltr'><em>σεμνὸν</em></span> <span class='ocrx_word' id='word_1_24' title='bbox 1272 365 1347 405; x_wconf 80' lang='grc' dir='ltr'><em>τοῦ</em></span> <span class='ocrx_word' id='word_1_25' title='bbox 1363 361 1458 417; x_wconf 83' lang='grc' dir='ltr'><em>βίου</em></span> 
     </span>
     <span class='ocr_line' id='line_1_5' title="bbox 289 426 1245 487; baseline 0.001 -15"><span class='ocrx_word' id='word_1_26' title='bbox 289 428 401 487; x_wconf 72' lang='grc' dir='ltr'><em>φέρει</em></span> <span class='ocrx_word' id='word_1_27' title='bbox 420 428 488 471; x_wconf 77' lang='grc' dir='ltr'><strong>καὶ</strong></span> <span class='ocrx_word' id='word_1_28' title='bbox 506 427 554 471; x_wconf 83' lang='grc' dir='ltr'><em>τὸ</em></span> <span class='ocrx_word' id='word_1_29' title='bbox 573 426 814 485; x_wconf 76' lang='grc' dir='ltr'><em>δυστύχημα</em></span> <span class='ocrx_word' id='word_1_30' title='bbox 834 431 1245 486; x_wconf 79' lang='grc' dir='ltr'><em>συνανακεκραμένον.</em></span> 
     </span>
     <span class='ocr_line' id='line_1_6' title="bbox 348 496 1468 558; baseline 0.002 -17"><span class='ocrx_word' id='word_1_31' title='bbox 348 497 473 541; x_wconf 79' lang='grc' dir='ltr'><em>Ἀλλὰ</em></span> <span class='ocrx_word' id='word_1_32' title='bbox 489 496 568 553; x_wconf 81' lang='grc' dir='ltr'><strong>γὰρ</strong></span> <span class='ocrx_word' id='word_1_33' title='bbox 586 498 630 539; x_wconf 77' lang='grc' dir='ltr'><em>τί</em></span> <span class='ocrx_word' id='word_1_34' title='bbox 643 514 715 552; x_wconf 91' lang='grc' dir='ltr'><em>μοι</em></span> <span class='ocrx_word' id='word_1_35' title='bbox 734 496 926 552; x_wconf 77' lang='grc' dir='ltr'><em>βούλεται</em></span> <span class='ocrx_word' id='word_1_36' title='bbox 944 498 990 542; x_wconf 80' lang='grc' dir='ltr'><em>τὸ</em></span> <span class='ocrx_word' id='word_1_37' title='bbox 1011 496 1206 557; x_wconf 72' lang='grc' dir='ltr'><em>πρόᾳσμα</em></span> <span class='ocrx_word' id='word_1_38' title='bbox 1222 503 1296 542; x_wconf 79' lang='grc' dir='ltr'><em>τοῦ</em></span> <span class='ocrx_word' id='word_1_39' title='bbox 1316 496 1437 558; x_wconf 82' lang='grc' dir='ltr'><em>λόγου</em></span> <span class='ocrx_word' id='word_1_40' title='bbox 1450 518 1468 555; x_wconf 84' lang='lat'><strong>,-</strong></span> 
     </span>
     <span class='ocr_line' id='line_1_7' title="bbox 287 563 1221 623; baseline 0 -14"><span class='ocrx_word' id='word_1_41' title='bbox 287 563 316 622; x_wconf 80' lang='grc' dir='ltr'><strong><em>ἦ</em></strong></span> <span class='ocrx_word' id='word_1_42' title='bbox 334 568 498 621; x_wconf 75' lang='grc' dir='ltr'><strong><em>βασιλὶς</em></strong></span> <span class='ocrx_word' id='word_1_43' title='bbox 515 566 675 610; x_wconf 74' lang='grc' dir='ltr'><em>ἐπέπλεε</em></span> <span class='ocrx_word' id='word_1_44' title='bbox 697 566 771 622; x_wconf 80' lang='grc' dir='ltr'><em>τὴν</em></span> <span class='ocrx_word' id='word_1_45' title='bbox 791 565 926 623; x_wconf 81' lang='grc' dir='ltr'><em>ἅλμην</em></span> <span class='ocrx_word' id='word_1_46' title='bbox 945 567 1018 623; x_wconf 81' lang='grc' dir='ltr'><em>τὴν</em></span> <span class='ocrx_word' id='word_1_47' title='bbox 1034 570 1108 610; x_wconf 78' lang='grc' dir='ltr'><em>τοῦ</em></span> <span class='ocrx_word' id='word_1_48' title='bbox 1127 569 1221 621; x_wconf 76' lang='grc' dir='ltr'><em>βίου</em></span> 
     </span>
     <span class='ocr_line' id='line_1_8' title="bbox 153 633 1269 694; baseline 0.002 -18"><span class='ocrx_word' id='word_1_49' title='bbox 153 633 266 678; x_wconf 76' lang='grc'><strong>2650</strong></span> <span class='ocrx_word' id='word_1_50' title='bbox 291 634 496 686; x_wconf 77' lang='grc' dir='ltr'><em>εὖὸιεινοῒς</em></span> <span class='ocrx_word' id='word_1_51' title='bbox 520 636 588 678; x_wconf 83' lang='grc' dir='ltr'><strong>καὶ</strong></span> <span class='ocrx_word' id='word_1_52' title='bbox 611 639 799 692; x_wconf 85' lang='grc' dir='ltr'><em>γαληνοῖς</em></span> <span class='ocrx_word' id='word_1_53' title='bbox 819 634 1017 691; x_wconf 78' lang='grc' dir='ltr'><em>πνεύμασι</em></span> <span class='ocrx_word' id='word_1_54' title='bbox 1041 636 1269 694; x_wconf 71' lang='grc' dir='ltr'><em>φερομένη·</em></span> 
     </span>
     <span class='ocr_line' id='line_1_9' title="bbox 290 702 1682 762; baseline -0.001 -15"><span class='ocrx_word' id='word_1_55' title='bbox 290 702 499 762; x_wconf 73' lang='grc' dir='ltr'><em>ἀτάραχον</em></span> <span class='ocrx_word' id='word_1_56' title='bbox 519 702 654 759; x_wconf 78' lang='grc' dir='ltr'><em>ὃιήνυε</em></span> <span class='ocrx_word' id='word_1_57' title='bbox 674 704 745 747; x_wconf 87' lang='grc' dir='ltr'><strong>τόν</strong></span> <span class='ocrx_word' id='word_1_58' title='bbox 762 709 890 748; x_wconf 80' lang='grc' dir='ltr'><em>πλοῦν</em></span> <span class='ocrx_word' id='word_1_59' title='bbox 910 709 984 761; x_wconf 81' lang='grc' dir='ltr'><em>τῆς</em></span> <span class='ocrx_word' id='word_1_60' title='bbox 1002 704 1235 759; x_wconf 73' lang='grc' dir='ltr'><em>εὐποτμίας,</em></span> <span class='ocrx_word' id='word_1_61' title='bbox 1649 707 1682 741; x_wconf 89' lang='lat' dir='ltr'>D</span> 
     </span>
     <span class='ocr_line' id='line_1_10' title="bbox 291 771 1305 832; baseline -0.001 -16"><span class='ocrx_word' id='word_1_62' title='bbox 291 771 462 831; x_wconf 74' lang='grc' dir='ltr'><em>ὡσπερεὶ</em></span> <span class='ocrx_word' id='word_1_63' title='bbox 482 776 622 816; x_wconf 78' lang='grc' dir='ltr'><em>πλοῖον</em></span> <span class='ocrx_word' id='word_1_64' title='bbox 642 774 848 831; x_wconf 80' lang='grc' dir='ltr'><em>φορτηγὸν</em></span> <span class='ocrx_word' id='word_1_65' title='bbox 870 772 926 825; x_wconf 80' lang='grc' dir='ltr'><strong>ὥς</strong></span> <span class='ocrx_word' id='word_1_66' title='bbox 947 775 990 825; x_wconf 72' lang='grc' dir='ltr'><strong>ἐξ</strong></span> <span class='ocrx_word' id='word_1_67' title='bbox 1011 774 1152 832; x_wconf 80' lang='grc' dir='ltr'><em>οὐρίας</em></span> <span class='ocrx_word' id='word_1_68' title='bbox 1170 773 1305 816; x_wconf 75' lang='grc' dir='ltr'><em>πλέον.</em></span> 
     </span>
     <span class='ocr_line' id='line_1_11' title="bbox 290 841 1356 900; baseline 0 -16"><span class='ocrx_word' id='word_1_69' title='bbox 290 841 388 885; x_wconf 77' lang='grc' dir='ltr'><em>ἀλλ’</em></span> <span class='ocrx_word' id='word_1_70' title='bbox 415 841 565 899; x_wconf 70' lang='grc' dir='ltr'><em>αἴφνης</em></span> <span class='ocrx_word' id='word_1_71' title='bbox 584 841 828 900; x_wconf 75' lang='grc' dir='ltr'><strong>ἐξεφύσησεν</strong></span> <span class='ocrx_word' id='word_1_72' title='bbox 850 841 907 894; x_wconf 80' lang='grc' dir='ltr'><strong>ὥς</strong></span> <span class='ocrx_word' id='word_1_73' title='bbox 927 845 1108 900; x_wconf 83' lang='grc' dir='ltr'><em>καταιγὶς</em></span> <span class='ocrx_word' id='word_1_74' title='bbox 1130 841 1152 885; x_wconf 78' lang='grc' dir='ltr'><em>ὅ</em></span> <span class='ocrx_word' id='word_1_75' title='bbox 1175 841 1356 900; x_wconf 72' lang='grc' dir='ltr'><em>φθόνος,</em></span> 
     </span>
     <span class='ocr_line' id='line_1_12' title="bbox 291 909 1439 970; baseline -0.001 -16"><span class='ocrx_word' id='word_1_76' title='bbox 291 912 360 954; x_wconf 83' lang='grc' dir='ltr'><strong>καὶ</strong></span> <span class='ocrx_word' id='word_1_77' title='bbox 381 914 547 966; x_wconf 77' lang='grc' dir='ltr'><em>λαῖλαψ</em></span> <span class='ocrx_word' id='word_1_78' title='bbox 570 909 812 970; x_wconf 80' lang='grc' dir='ltr'><em>συνετάραξε</em></span> <span class='ocrx_word' id='word_1_79' title='bbox 831 912 906 968; x_wconf 84' lang='grc' dir='ltr'><em>τὴν</em></span> <span class='ocrx_word' id='word_1_80' title='bbox 924 911 1145 955; x_wconf 77' lang='grc' dir='ltr'><em>θάλασσαν</em></span> <span class='ocrx_word' id='word_1_81' title='bbox 1168 914 1234 954; x_wconf 80' lang='grc' dir='ltr'><strong>καὶ</strong></span> <span class='ocrx_word' id='word_1_82' title='bbox 1257 909 1439 955; x_wconf 77' lang='grc' dir='ltr'><em>κλύδων·</em></span> 
     </span>
     <span class='ocr_line' id='line_1_13' title="bbox 155 977 1230 1038; baseline 0 -16"><span class='ocrx_word' id='word_1_83' title='bbox 155 977 267 1022; x_wconf 81' lang='grc'><strong>2655</strong></span> <span class='ocrx_word' id='word_1_84' title='bbox 293 979 416 1038; x_wconf 74' lang='grc' dir='ltr'><em>νέφος</em></span> <span class='ocrx_word' id='word_1_85' title='bbox 431 977 582 1038; x_wconf 78' lang='grc' dir='ltr'><em>ἐρράγη</em></span> <span class='ocrx_word' id='word_1_86' title='bbox 599 979 789 1038; x_wconf 70' lang='grc' dir='ltr'><em>θολερόν,</em></span> <span class='ocrx_word' id='word_1_87' title='bbox 817 979 1019 1038; x_wconf 83' lang='grc' dir='ltr'><em>κατήγαγε</em></span> <span class='ocrx_word' id='word_1_88' title='bbox 1031 985 1230 1036; x_wconf 80' lang='grc' dir='ltr'><em>χειμῶνα,</em></span> 
     </span>
     <span class='ocr_line' id='line_1_14' title="bbox 292 1047 1272 1108; baseline 0 -16"><span class='ocrx_word' id='word_1_89' title='bbox 292 1049 519 1093; x_wconf 81' lang='grc' dir='ltr'><em>συνέσεισεν</em></span> <span class='ocrx_word' id='word_1_90' title='bbox 536 1047 700 1104; x_wconf 74' lang='grc' dir='ltr'><em>ε’δόνησε</em></span> <span class='ocrx_word' id='word_1_91' title='bbox 716 1050 790 1106; x_wconf 83' lang='grc' dir='ltr'><em>τὴν</em></span> <span class='ocrx_word' id='word_1_92' title='bbox 808 1048 971 1108; x_wconf 78' lang='grc' dir='ltr'><em>σκάφην</em></span> <span class='ocrx_word' id='word_1_93' title='bbox 985 1049 1045 1101; x_wconf 63' lang='grc' dir='ltr'><strong>’ὡς</strong></span> <span class='ocrx_word' id='word_1_94' title='bbox 1065 1048 1272 1108; x_wconf 80' lang='grc' dir='ltr'><em>φυλλάδα,</em></span> 
     </span>
     <span class='ocr_line' id='line_1_15' title="bbox 293 1116 1517 1178; baseline 0.002 -18"><span class='ocrx_word' id='word_1_95' title='bbox 293 1119 360 1160; x_wconf 78' lang='grc' dir='ltr'><strong>καὶ</strong></span> <span class='ocrx_word' id='word_1_96' title='bbox 387 1118 612 1175; x_wconf 80' lang='grc' dir='ltr'><em>φλοίσβους</em></span> <span class='ocrx_word' id='word_1_97' title='bbox 632 1117 763 1176; x_wconf 76' lang='grc' dir='ltr'><em>ἤγειρε</em></span> <span class='ocrx_word' id='word_1_98' title='bbox 789 1119 944 1170; x_wconf 73' lang='grc' dir='ltr'><em>δεινοὺς</em></span> <span class='ocrx_word' id='word_1_99' title='bbox 965 1122 1032 1162; x_wconf 81' lang='grc' dir='ltr'><strong>καὶ</strong></span> <span class='ocrx_word' id='word_1_100' title='bbox 1055 1116 1236 1176; x_wconf 76' lang='grc' dir='ltr'><em>τάραχον</em></span> <span class='ocrx_word' id='word_1_101' title='bbox 1256 1118 1517 1178; x_wconf 74' lang='grc' dir='ltr'><em>βαρύθρουν,</em></span> 
     </span>
     <span class='ocr_line' id='line_1_16' title="bbox 291 1187 1425 1247; baseline 0.003 -18"><span class='ocrx_word' id='word_1_102' title='bbox 291 1187 358 1229; x_wconf 80' lang='grc' dir='ltr'><strong>καὶ</strong></span> <span class='ocrx_word' id='word_1_103' title='bbox 379 1187 454 1242; x_wconf 85' lang='grc' dir='ltr'><em>τὴν</em></span> <span class='ocrx_word' id='word_1_104' title='bbox 468 1188 543 1242; x_wconf 73' lang='grc' dir='ltr'><em>μὲν</em></span> <span class='ocrx_word' id='word_1_105' title='bbox 563 1191 663 1237; x_wconf 79' lang='grc' dir='ltr'><em>ναῦν</em></span> <span class='ocrx_word' id='word_1_106' title='bbox 685 1188 924 1246; x_wconf 76' lang='grc' dir='ltr'><em>συνέτριψε,</em></span> <span class='ocrx_word' id='word_1_107' title='bbox 960 1193 1012 1246; x_wconf 83' lang='grc' dir='ltr'><em>τῇ</em></span> <span class='ocrx_word' id='word_1_108' title='bbox 1034 1189 1078 1231; x_wconf 83' lang='grc' dir='ltr'><em>ὁὲ</em></span> <span class='ocrx_word' id='word_1_109' title='bbox 1098 1190 1425 1247; x_wconf 75' lang='grc' dir='ltr'><em>ναυστολουμένῃ</em></span> 
     </span>
     <span class='ocr_line' id='line_1_17' title="bbox 293 1252 1309 1312; baseline 0.003 -14"><span class='ocrx_word' id='word_1_110' title='bbox 293 1252 428 1310; x_wconf 81' lang='grc' dir='ltr'><em>στόμα</em></span> <span class='ocrx_word' id='word_1_111' title='bbox 451 1255 579 1299; x_wconf 75' lang='grc' dir='ltr'><em>δεινὸν</em></span> <span class='ocrx_word' id='word_1_112' title='bbox 593 1254 781 1311; x_wconf 80' lang='grc' dir='ltr'><em>ὖπήνοιξε</em></span> <span class='ocrx_word' id='word_1_113' title='bbox 798 1256 1015 1312; x_wconf 82' lang='grc' dir='ltr'><em>χάσματος</em></span> <span class='ocrx_word' id='word_1_114' title='bbox 1038 1255 1309 1301; x_wconf 74' lang='grc' dir='ltr'><em>δυσαλύκτου.</em></span> 
     </span>
     <span class='ocr_line' id='line_1_18' title="bbox 157 1322 1203 1381; baseline 0.002 -15"><span class='ocrx_word' id='word_1_115' title='bbox 157 1325 272 1367; x_wconf 82' lang='grc'><strong>2660</strong></span> <span class='ocrx_word' id='word_1_116' title='bbox 294 1325 481 1368; x_wconf 70' lang='grc' dir='ltr'><em>ἐντεῦθεν</em></span> <span class='ocrx_word' id='word_1_117' title='bbox 499 1322 526 1380; x_wconf 77' lang='grc' dir='ltr'><strong><em>ἦ</em></strong></span> <span class='ocrx_word' id='word_1_118' title='bbox 548 1326 771 1379; x_wconf 84' lang='grc' dir='ltr'><em>βασίλισσα</em></span> <span class='ocrx_word' id='word_1_119' title='bbox 791 1328 954 1381; x_wconf 81' lang='grc' dir='ltr'><em>πικρίας</em></span> <span class='ocrx_word' id='word_1_120' title='bbox 974 1324 1203 1381; x_wconf 74' lang='grc' dir='ltr'><em>ἐνεπλήσθη</em></span> 
     </span>
     <span class='ocr_line' id='line_1_19' title="bbox 295 1392 1325 1452; baseline 0.001 -16"><span class='ocrx_word' id='word_1_121' title='bbox 295 1395 363 1436; x_wconf 83' lang='grc' dir='ltr'><strong>καὶ</strong></span> <span class='ocrx_word' id='word_1_122' title='bbox 381 1399 621 1450; x_wconf 83' lang='grc' dir='ltr'><em>πειρασμοῖς</em></span> <span class='ocrx_word' id='word_1_123' title='bbox 646 1392 838 1437; x_wconf 73' lang='grc' dir='ltr'><em>ἐπάλαισε</em></span> <span class='ocrx_word' id='word_1_124' title='bbox 858 1393 1325 1452; x_wconf 74' lang='grc' dir='ltr'><em>βαρυσυμφορωτάτοις.</em></span> 
     </span>
     <span class='ocr_line' id='line_1_20' title="bbox 294 1456 1330 1520; baseline 0.002 -16"><span class='ocrx_word' id='word_1_125' title='bbox 294 1463 338 1505; x_wconf 87' lang='grc' dir='ltr'><em>τί</em></span> <span class='ocrx_word' id='word_1_126' title='bbox 359 1462 403 1504; x_wconf 83' lang='lat'><strong>‹5‘</strong></span> <span class='ocrx_word' id='word_1_127' title='bbox 429 1456 479 1517; x_wconf 80' lang='grc' dir='ltr'><strong>ἦν</strong></span> <span class='ocrx_word' id='word_1_128' title='bbox 499 1462 606 1519; x_wconf 77' lang='grc' dir='ltr'><em>αὐτῇ</em></span> <span class='ocrx_word' id='word_1_129' title='bbox 625 1461 671 1504; x_wconf 85' lang='grc' dir='ltr'><em>τὸ</em></span> <span class='ocrx_word' id='word_1_130' title='bbox 695 1462 901 1517; x_wconf 85' lang='grc' dir='ltr'><em>συμπεσὸν</em></span> <span class='ocrx_word' id='word_1_131' title='bbox 923 1461 944 1505; x_wconf 83' lang='grc' dir='ltr'>ὁ</span> <span class='ocrx_word' id='word_1_132' title='bbox 970 1462 1088 1519; x_wconf 88' lang='grc' dir='ltr'><em>λόγος</em></span> <span class='ocrx_word' id='word_1_133' title='bbox 1111 1462 1330 1520; x_wconf 78' lang='grc' dir='ltr'><em>ἱστορήσει.</em></span> 
     </span>
     <span class='ocr_line' id='line_1_21' title="bbox 367 1530 1754 1590; baseline 0.002 -16"><span class='ocrx_word' id='word_1_134' title='bbox 367 1531 577 1590; x_wconf 78' lang='grc' dir='ltr'><em>Θεοδοσίῳ</em></span> <span class='ocrx_word' id='word_1_135' title='bbox 596 1534 764 1586; x_wconf 83' lang='grc' dir='ltr'><em>βασιλεῖ</em></span> <span class='ocrx_word' id='word_1_136' title='bbox 777 1536 838 1590; x_wconf 80' lang='grc' dir='ltr'><em>τῷ</em></span> <span class='ocrx_word' id='word_1_137' title='bbox 857 1534 1093 1588; x_wconf 79' lang='grc' dir='ltr'><em>συζυγοῦντι</em></span> <span class='ocrx_word' id='word_1_138' title='bbox 1113 1530 1242 1589; x_wconf 81' lang='grc' dir='ltr'><em>ταύτῃ</em></span> <span class='ocrx_word' id='word_1_139' title='bbox 1656 1541 1686 1575; x_wconf 84' lang='grc' dir='ltr'>Ρ</span> <span class='ocrx_word' id='word_1_140' title='bbox 1709 1541 1754 1577; x_wconf 89' lang='lat'><strong>55</strong></span> 
     </span>
     <span class='ocr_line' id='line_1_22' title="bbox 292 1599 1307 1658; baseline 0 -16"><span class='ocrx_word' id='word_1_141' title='bbox 292 1603 426 1656; x_wconf 84' lang='grc' dir='ltr'><em>μῆλον</em></span> <span class='ocrx_word' id='word_1_142' title='bbox 444 1599 571 1646; x_wconf 82' lang='grc' dir='ltr'><em>καλὸν</em></span> <span class='ocrx_word' id='word_1_143' title='bbox 592 1599 806 1656; x_wconf 73' lang='grc' dir='ltr'><em>εὐμέγεθες</em></span> <span class='ocrx_word' id='word_1_144' title='bbox 826 1599 1216 1658; x_wconf 72' lang='grc' dir='ltr'><em>πένηςπροσήνεγκέ</em></span> <span class='ocrx_word' id='word_1_145' title='bbox 1232 1618 1307 1651; x_wconf 90' lang='grc' dir='ltr'><em>τις.</em></span> 
     </span>
     <span class='ocr_line' id='line_1_23' title="bbox 155 1666 1346 1726; baseline -0.001 -14"><span class='ocrx_word' id='word_1_146' title='bbox 155 1667 268 1712; x_wconf 79' lang='grc'><strong>2665</strong></span> <span class='ocrx_word' id='word_1_147' title='bbox 295 1667 316 1711; x_wconf 82' lang='grc' dir='ltr'><strong><em>ὃ</em></strong></span> <span class='ocrx_word' id='word_1_148' title='bbox 338 1669 384 1711; x_wconf 74' lang='grc' dir='ltr'><strong>δὲ</strong></span> <span class='ocrx_word' id='word_1_149' title='bbox 402 1668 449 1711; x_wconf 82' lang='grc' dir='ltr'><em>τὸ</em></span> <span class='ocrx_word' id='word_1_150' title='bbox 472 1666 810 1725; x_wconf 80' lang='grc' dir='ltr'><em>καλλιπρόσωπον</em></span> <span class='ocrx_word' id='word_1_151' title='bbox 830 1668 1058 1723; x_wconf 76' lang='grc' dir='ltr'><em>θαυμάσας</em></span> <span class='ocrx_word' id='word_1_152' title='bbox 1074 1674 1148 1725; x_wconf 82' lang='grc' dir='ltr'><em>τῆς</em></span> <span class='ocrx_word' id='word_1_153' title='bbox 1167 1667 1346 1726; x_wconf 83' lang='grc' dir='ltr'><em>ὀπώρας,</em></span> 
     </span>
     <span class='ocr_line' id='line_1_24' title="bbox 293 1737 1430 1795; baseline -0.001 -14"><span class='ocrx_word' id='word_1_154' title='bbox 293 1739 362 1781; x_wconf 80' lang='grc' dir='ltr'><em>καὶ</em></span> <span class='ocrx_word' id='word_1_155' title='bbox 384 1741 458 1793; x_wconf 77' lang='grc' dir='ltr'><em>τῆς</em></span> <span class='ocrx_word' id='word_1_156' title='bbox 478 1737 667 1795; x_wconf 79' lang='grc' dir='ltr'><em>εὖχροιάς</em></span> <span class='ocrx_word' id='word_1_157' title='bbox 688 1737 888 1794; x_wconf 75' lang='grc' dir='ltr'><em>ἀγασθεὶς</em></span> <span class='ocrx_word' id='word_1_158' title='bbox 907 1738 1013 1781; x_wconf 78' lang='grc' dir='ltr'><em>ἀλλὰ</em></span> <span class='ocrx_word' id='word_1_159' title='bbox 1034 1740 1101 1780; x_wconf 85' lang='grc' dir='ltr'><strong>καὶ</strong></span> <span class='ocrx_word' id='word_1_160' title='bbox 1123 1742 1198 1780; x_wconf 81' lang='grc' dir='ltr'><em>τοῦ</em></span> <span class='ocrx_word' id='word_1_161' title='bbox 1215 1740 1430 1794; x_wconf 75' lang='grc' dir='ltr'><em>μεγέθους,</em></span> 
     </span>
     <span class='ocr_line' id='line_1_25' title="bbox 295 1805 1312 1870; baseline -0.001 -20"><span class='ocrx_word' id='word_1_162' title='bbox 295 1805 352 1858; x_wconf 84' lang='grc' dir='ltr'><strong>ὥς</strong></span> <span class='ocrx_word' id='word_1_163' title='bbox 373 1823 412 1850; x_wconf 90' lang='grc' dir='ltr'><em>τι</em></span> <span class='ocrx_word' id='word_1_164' title='bbox 435 1807 575 1850; x_wconf 86' lang='grc' dir='ltr'><em>καινὸν</em></span> <span class='ocrx_word' id='word_1_165' title='bbox 595 1806 641 1850; x_wconf 82' lang='grc' dir='ltr'><em>τὸ</em></span> <span class='ocrx_word' id='word_1_166' title='bbox 666 1805 840 1864; x_wconf 77' lang='grc' dir='ltr'><em>δώρημα</em></span> <span class='ocrx_word' id='word_1_167' title='bbox 863 1811 916 1864; x_wconf 84' lang='grc' dir='ltr'><em>τῇ</em></span> <span class='ocrx_word' id='word_1_168' title='bbox 938 1809 1122 1862; x_wconf 79' lang='grc' dir='ltr'><em>βασιλίδι</em></span> <span class='ocrx_word' id='word_1_169' title='bbox 1141 1808 1312 1870; x_wconf 82' lang='grc' dir='ltr'><em>πέμπει·</em></span> 
     </span>
    </p>
   </div>
   <div class='ocr_carea' id='block_1_4' title="bbox 248 1921 1638 2065">
    <p class='ocr_par' dir='ltr' id='par_1_4' title="bbox 248 1921 1638 2065">
     <span class='ocr_line' id='line_1_26' title="bbox 249 1921 1637 1971; baseline -0.001 -11"><span class='ocrx_word' id='word_1_170' title='bbox 249 1925 342 1961; x_wconf 73' lang='grc'><strong>2646</strong></span> <span class='ocrx_word' id='word_1_171' title='bbox 372 1921 509 1970; x_wconf 83' lang='grc' dir='ltr'><em>σεμνὸν</em></span> <span class='ocrx_word' id='word_1_172' title='bbox 539 1924 606 1961; x_wconf 78' lang='grc' dir='ltr'><em>καὶ</em></span> <span class='ocrx_word' id='word_1_173' title='bbox 644 1923 725 1961; x_wconf 84' lang='grc' dir='ltr'><strong>πᾶν</strong></span> <span class='ocrx_word' id='word_1_174' title='bbox 758 1922 928 1970; x_wconf 81' lang='grc' dir='ltr'><em>λαμπρὸν</em></span> <span class='ocrx_word' id='word_1_175' title='bbox 955 1925 1007 1971; x_wconf 84' lang='grc' dir='ltr'><strong>Α,</strong></span> <span class='ocrx_word' id='word_1_176' title='bbox 1052 1923 1188 1970; x_wconf 85' lang='grc' dir='ltr'><em>σεμνὸν</em></span> <span class='ocrx_word' id='word_1_177' title='bbox 1217 1924 1297 1960; x_wconf 79' lang='grc' dir='ltr'><em>πᾶν</em></span> <span class='ocrx_word' id='word_1_178' title='bbox 1327 1922 1370 1960; x_wconf 87' lang='grc' dir='ltr'><em>τὸ</em></span> <span class='ocrx_word' id='word_1_179' title='bbox 1401 1923 1575 1970; x_wconf 83' lang='grc' dir='ltr'><em>λαμπρὸν</em></span> <span class='ocrx_word' id='word_1_180' title='bbox 1604 1926 1637 1960; x_wconf 93' lang='lat' dir='ltr'>R</span> 
     </span>
     <span class='ocr_line' id='line_1_27' title="bbox 248 1969 1638 2019; baseline -0.001 -12"><span class='ocrx_word' id='word_1_181' title='bbox 248 1971 342 2008; x_wconf 77' lang='lat'>2648</span> <span class='ocrx_word' id='word_1_182' title='bbox 362 1969 586 2019; x_wconf 81' lang='grc' dir='ltr'><em>πρόγραμμα</em></span> <span class='ocrx_word' id='word_1_183' title='bbox 603 1973 638 2007; x_wconf 82' lang='lat' dir='ltr'>R</span> <span class='ocrx_word' id='word_1_184' title='bbox 790 1973 884 2009; x_wconf 86' lang='grc'><strong>2652</strong></span> <span class='ocrx_word' id='word_1_185' title='bbox 903 1972 1006 2007; x_wconf 80' lang='grc' dir='ltr'><em>πλέει</em></span> <span class='ocrx_word' id='word_1_186' title='bbox 1025 1972 1096 2008; x_wconf 91' lang='grc' dir='ltr'><strong>ΑΜ</strong></span> <span class='ocrx_word' id='word_1_187' title='bbox 1250 1971 1342 2007; x_wconf 88' lang='grc'><strong>2658</strong></span> <span class='ocrx_word' id='word_1_188' title='bbox 1364 1969 1406 2006; x_wconf 81' lang='grc' dir='ltr'><strong>δέ</strong></span> <span class='ocrx_word' id='word_1_189' title='bbox 1424 1982 1464 2015; x_wconf 81' lang='grc' dir='ltr'><em>γε</em></span> <span class='ocrx_word' id='word_1_190' title='bbox 1480 1982 1638 2006; x_wconf 82' lang='grc' dir='ltr'><em>ναυστο-</em></span> 
     </span>
     <span class='ocr_line' id='line_1_28' title="bbox 249 2015 1546 2065; baseline 0 -12"><span class='ocrx_word' id='word_1_191' title='bbox 249 2017 368 2065; x_wconf 75' lang='grc' dir='ltr'><em>λούσῃ</em></span> <span class='ocrx_word' id='word_1_192' title='bbox 389 2018 422 2054; x_wconf 83' lang='grc' dir='ltr'><strong>Α</strong></span> <span class='ocrx_word' id='word_1_193' title='bbox 558 2019 652 2055; x_wconf 87' lang='grc'><strong>2663</strong></span> <span class='ocrx_word' id='word_1_194' title='bbox 671 2019 908 2055; x_wconf 80' lang='grc' dir='ltr'><em>συνοικοῦντι</em></span> <span class='ocrx_word' id='word_1_195' title='bbox 927 2019 1027 2055; x_wconf 88' lang='lat' dir='ltr'><strong>ARR</strong></span> <span class='ocrx_word' id='word_1_196' title='bbox 1165 2018 1259 2055; x_wconf 75' lang='lat'>2664</span> <span class='ocrx_word' id='word_1_197' title='bbox 1279 2015 1492 2063; x_wconf 80' lang='grc' dir='ltr'><em>προσήγαγέ</em></span> <span class='ocrx_word' id='word_1_198' title='bbox 1510 2019 1546 2053; x_wconf 86' lang='lat' dir='ltr'><strong>R.</strong></span> 
     </span>
    </p>
   </div>
   <div class='ocr_carea' id='block_1_5' title="bbox 156 2118 1643 2909">
    <p class='ocr_par' dir='ltr' id='par_1_5' title="bbox 156 2118 1642 2723">
     <span class='ocr_line' id='line_1_29' title="bbox 157 2118 1637 2169; baseline -0.002 -12"><span class='ocrx_word' id='word_1_199' title='bbox 157 2119 323 2157; x_wconf 78' lang='lat' dir='ltr'><strong>virtutem</strong></span> <span class='ocrx_word' id='word_1_200' title='bbox 344 2120 483 2164; x_wconf 81' lang='lat' dir='ltr'><strong>colunt3</strong></span> <span class='ocrx_word' id='word_1_201' title='bbox 508 2120 690 2169; x_wconf 86' lang='lat' dir='ltr'><strong>omnisque</strong></span> <span class='ocrx_word' id='word_1_202' title='bbox 711 2125 833 2158; x_wconf 87' lang='lat' dir='ltr'><strong>sancta</strong></span> <span class='ocrx_word' id='word_1_203' title='bbox 853 2121 1073 2168; x_wconf 81' lang='lat' dir='ltr'><strong>prosperitas</strong></span> <span class='ocrx_word' id='word_1_204' title='bbox 1096 2125 1133 2157; x_wconf 89' lang='lat' dir='ltr'><strong>et</strong></span> <span class='ocrx_word' id='word_1_205' title='bbox 1153 2121 1231 2157; x_wconf 82' lang='lat' dir='ltr'><strong>vita</strong></span> <span class='ocrx_word' id='word_1_206' title='bbox 1251 2119 1440 2166; x_wconf 82' lang='lat' dir='ltr'><strong>splendens</strong></span> <span class='ocrx_word' id='word_1_207' title='bbox 1463 2119 1501 2154; x_wconf 91' lang='lat' dir='ltr'><strong>in</strong></span> <span class='ocrx_word' id='word_1_208' title='bbox 1524 2118 1637 2155; x_wconf 89' lang='lat' dir='ltr'><strong>homi-</strong></span> 
     </span>
     <span class='ocr_line' id='line_1_30' title="bbox 157 2167 1639 2214; baseline -0.003 -11"><span class='ocrx_word' id='word_1_209' title='bbox 157 2179 239 2203; x_wconf 87' lang='lat' dir='ltr'><strong>num</strong></span> <span class='ocrx_word' id='word_1_210' title='bbox 261 2167 370 2203; x_wconf 85' lang='lat' dir='ltr'><strong>oculis</strong></span> <span class='ocrx_word' id='word_1_211' title='bbox 389 2169 571 2204; x_wconf 78' lang='lat' dir='ltr'><strong>admistam</strong></span> <span class='ocrx_word' id='word_1_212' title='bbox 590 2170 762 2214; x_wconf 86' lang='lat' dir='ltr'><strong>quandam</strong></span> <span class='ocrx_word' id='word_1_213' title='bbox 781 2169 1025 2203; x_wconf 82' lang='lat' dir='ltr'><strong>infelicitatem</strong></span> <span class='ocrx_word' id='word_1_214' title='bbox 1044 2178 1162 2203; x_wconf 85' lang='lat' dir='ltr'><strong>secum</strong></span> <span class='ocrx_word' id='word_1_215' title='bbox 1182 2168 1305 2203; x_wconf 85' lang='lat' dir='ltr'><strong>trahit.</strong></span> <span class='ocrx_word' id='word_1_216' title='bbox 1330 2167 1415 2213; x_wconf 90' lang='lat' dir='ltr'><strong>quid</strong></span> <span class='ocrx_word' id='word_1_217' title='bbox 1434 2171 1550 2200; x_wconf 90' lang='lat' dir='ltr'><strong>autem</strong></span> <span class='ocrx_word' id='word_1_218' title='bbox 1571 2167 1639 2200; x_wconf 83' lang='lat' dir='ltr'><strong>hoe</strong></span> 
     </span>
     <span class='ocr_line' id='line_1_31' title="bbox 157 2211 1637 2260; baseline -0.002 -11"><span class='ocrx_word' id='word_1_219' title='bbox 157 2213 229 2250; x_wconf 78' lang='lat' dir='ltr'><strong>sibi</strong></span> <span class='ocrx_word' id='word_1_220' title='bbox 250 2214 327 2248; x_wconf 84' lang='lat' dir='ltr'><strong>vult</strong></span> <span class='ocrx_word' id='word_1_221' title='bbox 348 2215 517 2250; x_wconf 88' lang='lat' dir='ltr'><strong>orationis</strong></span> <span class='ocrx_word' id='word_1_222' title='bbox 535 2215 784 2260; x_wconf 66' lang='lat' dir='ltr'><strong>praeludium?</strong></span> <span class='ocrx_word' id='word_1_223' title='bbox 832 2215 993 2250; x_wconf 83' lang='lat' dir='ltr'><strong>nimirum</strong></span> <span class='ocrx_word' id='word_1_224' title='bbox 1015 2220 1052 2250; x_wconf 93' lang='lat' dir='ltr'><strong>et</strong></span> <span class='ocrx_word' id='word_1_225' title='bbox 1069 2215 1158 2249; x_wconf 87' lang='lat' dir='ltr'><strong>haec</strong></span> <span class='ocrx_word' id='word_1_226' title='bbox 1174 2214 1381 2260; x_wconf 83' lang='lat' dir='ltr'><strong>imperatrix</strong></span> <span class='ocrx_word' id='word_1_227' title='bbox 1402 2213 1439 2247; x_wconf 92' lang='lat' dir='ltr'><strong>in</strong></span> <span class='ocrx_word' id='word_1_228' title='bbox 1458 2211 1561 2247; x_wconf 92' lang='lat' dir='ltr'><strong>huius</strong></span> <span class='ocrx_word' id='word_1_229' title='bbox 1580 2213 1637 2247; x_wconf 83' lang='lat' dir='ltr'><strong>vi-</strong></span> 
     </span>
     <span class='ocr_line' id='line_1_32' title="bbox 156 2258 1638 2307; baseline -0.001 -12"><span class='ocrx_word' id='word_1_230' title='bbox 156 2263 218 2295; x_wconf 67' lang='lat' dir='ltr'><strong>tae</strong></span> <span class='ocrx_word' id='word_1_231' title='bbox 234 2261 324 2295; x_wconf 88' lang='lat' dir='ltr'><strong>mari</strong></span> <span class='ocrx_word' id='word_1_232' title='bbox 345 2261 556 2307; x_wconf 74' lang='lat' dir='ltr'><strong>navigabat,</strong></span> <span class='ocrx_word' id='word_1_233' title='bbox 588 2266 626 2296; x_wconf 91' lang='lat' dir='ltr'><strong>et</strong></span> <span class='ocrx_word' id='word_1_234' title='bbox 651 2261 787 2296; x_wconf 85' lang='lat' dir='ltr'><strong>serenis</strong></span> <span class='ocrx_word' id='word_1_235' title='bbox 815 2261 1034 2307; x_wconf 82' lang='lat' dir='ltr'><strong>placidisque</strong></span> <span class='ocrx_word' id='word_1_236' title='bbox 1060 2261 1176 2296; x_wconf 86' lang='lat' dir='ltr'><strong>ventis</strong></span> <span class='ocrx_word' id='word_1_237' title='bbox 1197 2266 1276 2295; x_wconf 83' lang='lat' dir='ltr'><strong>acta</strong></span> <span class='ocrx_word' id='word_1_238' title='bbox 1293 2258 1476 2294; x_wconf 79' lang='lat' dir='ltr'><strong>felicitatis</strong></span> <span class='ocrx_word' id='word_1_239' title='bbox 1499 2270 1638 2293; x_wconf 88' lang='lat' dir='ltr'><strong>cursum</strong></span> 
     </span>
     <span class='ocr_line' id='line_1_33' title="bbox 157 2305 1639 2353; baseline -0.002 -12"><span class='ocrx_word' id='word_1_240' title='bbox 157 2306 292 2352; x_wconf 73' lang='lat' dir='ltr'><strong>absque</strong></span> <span class='ocrx_word' id='word_1_241' title='bbox 321 2307 590 2352; x_wconf 81' lang='lat' dir='ltr'><strong>perturbatione</strong></span> <span class='ocrx_word' id='word_1_242' title='bbox 623 2308 856 2351; x_wconf 87' lang='lat' dir='ltr'><strong>conficiebat,</strong></span> <span class='ocrx_word' id='word_1_243' title='bbox 899 2320 969 2342; x_wconf 92' lang='lat' dir='ltr'><strong>non</strong></span> <span class='ocrx_word' id='word_1_244' title='bbox 1001 2307 1106 2342; x_wconf 87' lang='lat' dir='ltr'><strong>aliter</strong></span> <span class='ocrx_word' id='word_1_245' title='bbox 1138 2311 1244 2353; x_wconf 86' lang='lat' dir='ltr'><strong>atque</strong></span> <span class='ocrx_word' id='word_1_246' title='bbox 1277 2306 1310 2341; x_wconf 87' lang='lat' dir='ltr'><strong>si</strong></span> <span class='ocrx_word' id='word_1_247' title='bbox 1340 2305 1441 2340; x_wconf 82' lang='lat' dir='ltr'><strong>navis</strong></span> <span class='ocrx_word' id='word_1_248' title='bbox 1475 2305 1639 2339; x_wconf 83' lang='lat' dir='ltr'><strong>oneraria</strong></span> 
     </span>
     <span class='ocr_line' id='line_1_34' title="bbox 158 2351 1640 2400; baseline -0.002 -13"><span class='ocrx_word' id='word_1_249' title='bbox 158 2358 266 2388; x_wconf 79' lang='lat' dir='ltr'><strong>vento</strong></span> <span class='ocrx_word' id='word_1_250' title='bbox 287 2354 441 2389; x_wconf 85' lang='lat' dir='ltr'><strong>secundo</strong></span> <span class='ocrx_word' id='word_1_251' title='bbox 461 2355 613 2388; x_wconf 83' lang='lat' dir='ltr'><strong>feratur:</strong></span> <span class='ocrx_word' id='word_1_252' title='bbox 640 2366 763 2388; x_wconf 78' lang='lat' dir='ltr'><strong>verum</strong></span> <span class='ocrx_word' id='word_1_253' title='bbox 781 2354 918 2389; x_wconf 86' lang='lat' dir='ltr'><strong>invidia</strong></span> <span class='ocrx_word' id='word_1_254' title='bbox 939 2354 1058 2389; x_wconf 87' lang='lat' dir='ltr'><strong>subito</strong></span> <span class='ocrx_word' id='word_1_255' title='bbox 1080 2352 1302 2400; x_wconf 82' lang='lat' dir='ltr'><strong>tempestatis</strong></span> <span class='ocrx_word' id='word_1_256' title='bbox 1325 2352 1504 2386; x_wconf 85' lang='lat' dir='ltr'><strong>cuiusdam</strong></span> <span class='ocrx_word' id='word_1_257' title='bbox 1525 2351 1640 2386; x_wconf 83' lang='lat' dir='ltr'><strong>instar</strong></span> 
     </span>
     <span class='ocr_line' id='line_1_35' title="bbox 157 2397 1637 2446; baseline -0.001 -13"><span class='ocrx_word' id='word_1_258' title='bbox 157 2397 247 2433; x_wconf 72' lang='lat' dir='ltr'><strong>flare</strong></span> <span class='ocrx_word' id='word_1_259' title='bbox 269 2399 408 2446; x_wconf 88' lang='lat' dir='ltr'><strong>coepit;</strong></span> <span class='ocrx_word' id='word_1_260' title='bbox 438 2401 545 2435; x_wconf 89' lang='lat' dir='ltr'><strong>turbo</strong></span> <span class='ocrx_word' id='word_1_261' title='bbox 565 2411 642 2434; x_wconf 90' lang='lat' dir='ltr'><strong>cum</strong></span> <span class='ocrx_word' id='word_1_262' title='bbox 661 2400 816 2445; x_wconf 88' lang='lat' dir='ltr'><strong>procella</strong></span> <span class='ocrx_word' id='word_1_263' title='bbox 841 2412 937 2435; x_wconf 89' lang='lat' dir='ltr'><strong>mare</strong></span> <span class='ocrx_word' id='word_1_264' title='bbox 968 2400 1174 2442; x_wconf 87' lang='lat' dir='ltr'><strong>commovit;</strong></span> <span class='ocrx_word' id='word_1_265' title='bbox 1212 2400 1323 2434; x_wconf 91' lang='lat' dir='ltr'><strong>nubes</strong></span> <span class='ocrx_word' id='word_1_266' title='bbox 1350 2398 1548 2443; x_wconf 81' lang='lat' dir='ltr'><strong>impetuosa</strong></span> <span class='ocrx_word' id='word_1_267' title='bbox 1574 2409 1637 2432; x_wconf 89' lang='lat' dir='ltr'><strong>ex-</strong></span> 
     </span>
     <span class='ocr_line' id='line_1_36' title="bbox 161 2444 1640 2492; baseline -0.001 -14"><span class='ocrx_word' id='word_1_268' title='bbox 161 2447 240 2478; x_wconf 79' lang='lat' dir='ltr'><strong>orta</strong></span> <span class='ocrx_word' id='word_1_269' title='bbox 257 2450 502 2492; x_wconf 80' lang='lat' dir='ltr'><strong>tempestatem</strong></span> <span class='ocrx_word' id='word_1_270' title='bbox 520 2446 701 2490; x_wconf 83' lang='lat' dir='ltr'><strong>excitavit,</strong></span> <span class='ocrx_word' id='word_1_271' title='bbox 724 2448 884 2492; x_wconf 83' lang='lat' dir='ltr'><strong>adeoque</strong></span> <span class='ocrx_word' id='word_1_272' title='bbox 907 2446 1081 2481; x_wconf 83' lang='lat' dir='ltr'><strong>succussit</strong></span> <span class='ocrx_word' id='word_1_273' title='bbox 1106 2451 1143 2481; x_wconf 86' lang='lat' dir='ltr'><strong>et</strong></span> <span class='ocrx_word' id='word_1_274' title='bbox 1165 2446 1317 2491; x_wconf 86' lang='lat' dir='ltr'><strong>agitavit</strong></span> <span class='ocrx_word' id='word_1_275' title='bbox 1340 2445 1504 2489; x_wconf 86' lang='lat' dir='ltr'><strong>scapham</strong></span> <span class='ocrx_word' id='word_1_276' title='bbox 1526 2444 1640 2478; x_wconf 83' lang='lat' dir='ltr'><strong>instar</strong></span> 
     </span>
     <span class='ocr_line' id='line_1_37' title="bbox 161 2488 1639 2538; baseline 0 -14"><span class='ocrx_word' id='word_1_277' title='bbox 161 2488 256 2535; x_wconf 79' lang='lat' dir='ltr'><strong>folii,</strong></span> <span class='ocrx_word' id='word_1_278' title='bbox 292 2497 462 2526; x_wconf 86' lang='lat' dir='ltr'><strong>commoto</strong></span> <span class='ocrx_word' id='word_1_279' title='bbox 488 2492 626 2538; x_wconf 80' lang='lat' dir='ltr'><strong>ingenti</strong></span> <span class='ocrx_word' id='word_1_280' title='bbox 649 2493 801 2538; x_wconf 88' lang='lat' dir='ltr'><strong>strepitu</strong></span> <span class='ocrx_word' id='word_1_281' title='bbox 823 2493 996 2538; x_wconf 85' lang='lat' dir='ltr'><strong>gravique</strong></span> <span class='ocrx_word' id='word_1_282' title='bbox 1018 2494 1143 2536; x_wconf 87' lang='lat' dir='ltr'><strong>turba,</strong></span> <span class='ocrx_word' id='word_1_283' title='bbox 1177 2498 1217 2526; x_wconf 83' lang='lat' dir='ltr'><strong>ut</strong></span> <span class='ocrx_word' id='word_1_284' title='bbox 1235 2503 1360 2526; x_wconf 89' lang='lat' dir='ltr'><strong>navem</strong></span> <span class='ocrx_word' id='word_1_285' title='bbox 1384 2490 1639 2535; x_wconf 72' lang='lat' dir='ltr'><strong>confringeret,</strong></span> 
     </span>
     <span class='ocr_line' id='line_1_38' title="bbox 161 2535 1640 2590; baseline -0.003 -17"><span class='ocrx_word' id='word_1_286' title='bbox 161 2546 205 2570; x_wconf 72' lang='lat' dir='ltr'><strong>ac</strong></span> <span class='ocrx_word' id='word_1_287' title='bbox 230 2535 301 2582; x_wconf 80' lang='lat' dir='ltr'><strong>ipsi</strong></span> <span class='ocrx_word' id='word_1_288' title='bbox 329 2538 549 2584; x_wconf 79' lang='lat' dir='ltr'><strong>naufragium</strong></span> <span class='ocrx_word' id='word_1_289' title='bbox 579 2538 726 2574; x_wconf 83' lang='lat' dir='ltr'><strong>facienti</strong></span> <span class='ocrx_word' id='word_1_290' title='bbox 757 2538 966 2574; x_wconf 83' lang='lat' dir='ltr'><strong>terribiliter</strong></span> <span class='ocrx_word' id='word_1_291' title='bbox 995 2551 1055 2573; x_wconf 90' lang='lat' dir='ltr'><strong>ore</strong></span> <span class='ocrx_word' id='word_1_292' title='bbox 1087 2539 1257 2584; x_wconf 84' lang='lat' dir='ltr'><strong>adaperto</strong></span> <span class='ocrx_word' id='word_1_293' title='bbox 1289 2537 1482 2572; x_wconf 87' lang='lat' dir='ltr'><strong>minaretur</strong></span> <span class='ocrx_word' id='word_1_294' title='bbox 1484 2563 1505 2590; x_wconf 65' lang='lat' dir='ltr'><em>J</em></span> <span class='ocrx_word' id='word_1_295' title='bbox 1537 2536 1640 2581; x_wconf 88' lang='lat' dir='ltr'><strong>quasi</strong></span> 
     </span>
     <span class='ocr_line' id='line_1_39' title="bbox 161 2580 1639 2631; baseline 0 -16"><span class='ocrx_word' id='word_1_296' title='bbox 161 2580 271 2616; x_wconf 79' lang='lat' dir='ltr'><strong>vellet</strong></span> <span class='ocrx_word' id='word_1_297' title='bbox 294 2582 330 2618; x_wconf 77' lang='lat' dir='ltr'><strong>ei</strong></span> <span class='ocrx_word' id='word_1_298' title='bbox 348 2583 452 2629; x_wconf 80' lang='lat' dir='ltr'><strong>plane</strong></span> <span class='ocrx_word' id='word_1_299' title='bbox 475 2584 673 2619; x_wconf 87' lang='lat' dir='ltr'><strong>dehiscere.</strong></span> <span class='ocrx_word' id='word_1_300' title='bbox 723 2586 767 2620; x_wconf 89' lang='lat' dir='ltr'><strong>ab</strong></span> <span class='ocrx_word' id='word_1_301' title='bbox 787 2597 829 2619; x_wconf 90' lang='lat' dir='ltr'><strong>eo</strong></span> <span class='ocrx_word' id='word_1_302' title='bbox 849 2590 1008 2631; x_wconf 84' lang='lat' dir='ltr'><strong>tempore</strong></span> <span class='ocrx_word' id='word_1_303' title='bbox 1031 2596 1131 2619; x_wconf 85' lang='lat' dir='ltr'><strong>casus</strong></span> <span class='ocrx_word' id='word_1_304' title='bbox 1155 2586 1302 2618; x_wconf 87' lang='lat' dir='ltr'><strong>acerbos</strong></span> <span class='ocrx_word' id='word_1_305' title='bbox 1322 2584 1528 2627; x_wconf 81' lang='lat' dir='ltr'><strong>imperatrix</strong></span> <span class='ocrx_word' id='word_1_306' title='bbox 1544 2594 1639 2616; x_wconf 86' lang='lat' dir='ltr'><strong>com-</strong></span> 
     </span>
     <span class='ocr_line' id='line_1_40' title="bbox 162 2626 1642 2675; baseline 0.001 -14"><span class='ocrx_word' id='word_1_307' title='bbox 162 2626 280 2673; x_wconf 77' lang='lat' dir='ltr'><strong>plures</strong></span> <span class='ocrx_word' id='word_1_308' title='bbox 303 2634 450 2675; x_wconf 73' lang='lat' dir='ltr'><strong>experta</strong></span> <span class='ocrx_word' id='word_1_309' title='bbox 470 2630 540 2665; x_wconf 85' lang='lat' dir='ltr'><strong>fuit</strong></span> <span class='ocrx_word' id='word_1_310' title='bbox 558 2635 595 2665; x_wconf 93' lang='lat' dir='ltr'><strong>et</strong></span> <span class='ocrx_word' id='word_1_311' title='bbox 612 2631 926 2666; x_wconf 86' lang='lat' dir='ltr'><strong>aerumnosissimis</strong></span> <span class='ocrx_word' id='word_1_312' title='bbox 949 2643 1026 2666; x_wconf 88' lang='lat' dir='ltr'><strong>cum</strong></span> <span class='ocrx_word' id='word_1_313' title='bbox 1043 2630 1300 2666; x_wconf 85' lang='lat' dir='ltr'><strong>tentationibus</strong></span> <span class='ocrx_word' id='word_1_314' title='bbox 1320 2629 1518 2664; x_wconf 86' lang='lat' dir='ltr'><strong>colluctata.</strong></span> <span class='ocrx_word' id='word_1_315' title='bbox 1542 2626 1642 2663; x_wconf 86' lang='lat' dir='ltr'><strong>lubet</strong></span> 
     </span>
     <span class='ocr_line' id='line_1_41' title="bbox 162 2677 956 2723; baseline 0.005 -15"><span class='ocrx_word' id='word_1_316' title='bbox 162 2678 279 2708; x_wconf 83' lang='lat' dir='ltr'><strong>autem</strong></span> <span class='ocrx_word' id='word_1_317' title='bbox 297 2686 564 2714; x_wconf 83' lang='lat' dir='ltr'><strong>commemorare</strong></span> <span class='ocrx_word' id='word_1_318' title='bbox 586 2677 671 2723; x_wconf 91' lang='lat' dir='ltr'><strong>quid</strong></span> <span class='ocrx_word' id='word_1_319' title='bbox 695 2677 746 2711; x_wconf 89' lang='lat' dir='ltr'><strong>illi</strong></span> <span class='ocrx_word' id='word_1_320' title='bbox 773 2678 956 2712; x_wconf 88' lang='lat' dir='ltr'><strong>acciderit.</strong></span> 
     </span>
    </p>

    <p class='ocr_par' dir='ltr' id='par_1_6' title="bbox 159 2718 1643 2909">
     <span class='ocr_line' id='line_1_42' title="bbox 255 2718 1640 2770; baseline -0.001 -16"><span class='ocrx_word' id='word_1_321' title='bbox 255 2718 407 2761; x_wconf 81' lang='lat' dir='ltr'><strong>Quidam</strong></span> <span class='ocrx_word' id='word_1_322' title='bbox 436 2723 599 2758; x_wconf 80' lang='lat' dir='ltr'><strong>fortunae</strong></span> <span class='ocrx_word' id='word_1_323' title='bbox 629 2724 746 2758; x_wconf 81' lang='lat' dir='ltr'><strong>tenuis</strong></span> <span class='ocrx_word' id='word_1_324' title='bbox 779 2723 985 2770; x_wconf 88' lang='lat' dir='ltr'><strong>imperatori</strong></span> <span class='ocrx_word' id='word_1_325' title='bbox 1020 2722 1247 2767; x_wconf 88' lang='lat' dir='ltr'><strong>Theodosio,</strong></span> <span class='ocrx_word' id='word_1_326' title='bbox 1288 2720 1472 2757; x_wconf 85' lang='lat' dir='ltr'><strong>Eudociae</strong></span> <span class='ocrx_word' id='word_1_327' title='bbox 1501 2719 1640 2762; x_wconf 89' lang='lat' dir='ltr'><strong>marito,</strong></span> 
     </span>
     <span class='ocr_line' id='line_1_43' title="bbox 160 2765 1642 2816; baseline -0.001 -16"><span class='ocrx_word' id='word_1_328' title='bbox 160 2777 300 2812; x_wconf 89' lang='lat' dir='ltr'><strong>pomum</strong></span> <span class='ocrx_word' id='word_1_329' title='bbox 324 2766 472 2803; x_wconf 80' lang='lat' dir='ltr'><strong>eximiae</strong></span> <span class='ocrx_word' id='word_1_330' title='bbox 488 2773 561 2803; x_wconf 82' lang='lat' dir='ltr'><strong>tam·</strong></span> <span class='ocrx_word' id='word_1_331' title='bbox 581 2768 851 2815; x_wconf 86' lang='lat' dir='ltr'><strong>pulchritudinis</strong></span> <span class='ocrx_word' id='word_1_332' title='bbox 871 2781 974 2816; x_wconf 89' lang='lat' dir='ltr'><strong>quam</strong></span> <span class='ocrx_word' id='word_1_333' title='bbox 994 2770 1246 2814; x_wconf 83' lang='lat' dir='ltr'><strong>magnitudinis</strong></span> <span class='ocrx_word' id='word_1_334' title='bbox 1267 2767 1456 2803; x_wconf 83' lang='lat' dir='ltr'><strong>obtulerat.</strong></span> <span class='ocrx_word' id='word_1_335' title='bbox 1483 2766 1558 2800; x_wconf 90' lang='lat' dir='ltr'><strong>eius</strong></span> <span class='ocrx_word' id='word_1_336' title='bbox 1582 2765 1642 2799; x_wconf 88' lang='lat' dir='ltr'><strong>ille</strong></span> 
     </span>
     <span class='ocr_line' id='line_1_44' title="bbox 161 2811 1642 2867; baseline 0.001 -22"><span class='ocrx_word' id='word_1_337' title='bbox 161 2811 317 2867; x_wconf 62' lang='lat' dir='ltr'><strong>speciem</strong></span> <span class='ocrx_word' id='word_1_338' title='bbox 337 2811 442 2858; x_wconf 86' lang='lat' dir='ltr'><strong>longe</strong></span> <span class='ocrx_word' id='word_1_339' title='bbox 464 2816 756 2860; x_wconf 82' lang='lat' dir='ltr'><strong>venustissimam,</strong></span> <span class='ocrx_word' id='word_1_340' title='bbox 780 2815 944 2860; x_wconf 88' lang='lat' dir='ltr'><strong>colorem,</strong></span> <span class='ocrx_word' id='word_1_341' title='bbox 970 2815 1246 2861; x_wconf 83' lang='lat' dir='ltr'><strong>magnitudinem</strong></span> <span class='ocrx_word' id='word_1_342' title='bbox 1269 2814 1480 2856; x_wconf 84' lang='lat' dir='ltr'><strong>admiratus,</strong></span> <span class='ocrx_word' id='word_1_343' title='bbox 1504 2822 1642 2856; x_wconf 88' lang='lat' dir='ltr'><strong>pomum</strong></span> 
     </span>
     <span class='ocr_line' id='line_1_45' title="bbox 159 2859 1643 2909; baseline 0 -16"><span class='ocrx_word' id='word_1_344' title='bbox 159 2869 275 2905; x_wconf 72' lang='lat' dir='ltr'><strong>ipsum</strong></span> <span class='ocrx_word' id='word_1_345' title='bbox 307 2859 467 2897; x_wconf 80' lang='lat' dir='ltr'><strong>inusitati</strong></span> <span class='ocrx_word' id='word_1_346' title='bbox 498 2860 676 2899; x_wconf 81' lang='lat' dir='ltr'><strong>cuiusdam</strong></span> <span class='ocrx_word' id='word_1_347' title='bbox 708 2862 861 2900; x_wconf 82' lang='lat' dir='ltr'><strong>muneris</strong></span> <span class='ocrx_word' id='word_1_348' title='bbox 886 2862 963 2899; x_wconf 88' lang='lat' dir='ltr'><strong>loco</strong></span> <span class='ocrx_word' id='word_1_349' title='bbox 992 2862 1210 2909; x_wconf 80' lang='lat' dir='ltr'><strong>imperatrici</strong></span> <span class='ocrx_word' id='word_1_350' title='bbox 1240 2861 1404 2903; x_wconf 85' lang='lat' dir='ltr'><strong>miserat;</strong></span> <span class='ocrx_word' id='word_1_351' title='bbox 1438 2869 1530 2904; x_wconf 86' lang='lat' dir='ltr'><strong>quae</strong></span> <span class='ocrx_word' id='word_1_352' title='bbox 1556 2868 1643 2894; x_wconf 84' lang='lat' dir='ltr'><strong>sane</strong></span> 
     </span>
    </p>
   </div>
   <div class='ocr_carea' id='block_1_6' title="bbox 0 2397 22 2964">
    <p class='ocr_par' dir='ltr' id='par_1_7' title="bbox 0 2397 22 2964">
     <span class='ocr_line' id='line_1_46' title="bbox 0 2397 22 2964; textangle 90"><span class='ocrx_word' id='word_1_353' title='bbox 0 2938 10 2964; x_wconf 51' lang='lat' dir='ltr'><strong>*a</strong></span> <span class='ocrx_word' id='word_1_354' title='bbox 0 2892 10 2923; x_wconf 66' lang='lat'><strong>“³</strong></span> <span class='ocrx_word' id='word_1_355' title='bbox 0 2797 17 2876; x_wconf 41' lang='grc' dir='ltr'><strong>’,νικῆν</strong></span> <span class='ocrx_word' id='word_1_356' title='bbox 11 2752 21 2758; x_wconf 84' lang='lat'><strong>-.</strong></span> <span class='ocrx_word' id='word_1_357' title='bbox 19 2686 21 2692; x_wconf 79' lang='lat'>.</span> <span class='ocrx_word' id='word_1_358' title='bbox 15 2657 22 2667; x_wconf 26' lang='lat' dir='ltr'>k</span> <span class='ocrx_word' id='word_1_359' title='bbox 0 2598 13 2622; x_wconf 55' lang='lat' dir='ltr'><strong>rs</strong></span> <span class='ocrx_word' id='word_1_360' title='bbox 0 2533 3 2540; x_wconf 84' lang='grc'><strong><em>·</em></strong></span> <span class='ocrx_word' id='word_1_361' title='bbox 0 2498 5 2513; x_wconf 71' lang='lat'><em>⁷</em></span> <span class='ocrx_word' id='word_1_362' title='bbox 0 2397 16 2435; x_wconf 52' lang='grc' dir='ltr'><strong>ν,</strong></span> 
     </span>
    </p>
   </div>
  </div>
 </body>
</html>
