1832 3250
287 215 352 265 44
666 219 1040 268 CONSTANTINI
1079 223 1343 270 MANASSIS

420 330 461 374 ἓν
482 328 605 374 ξ’τεσιν
628 329 862 388 ἀνθήσαντα
880 336 947 378 καὶ
965 327 1064 393 πρὸς
1080 335 1210 393 ἀκμὴν
1233 336 1406 383 ἐλθόντα

418 406 502 449 τοΐς
518 398 626 449 ὅλοις
642 399 870 456 ἐνενήκοντα
887 404 987 460 πρὸς
1003 411 1086 454 τοῖς
1103 406 1332 457 διακοσίοις.

419 467 466 509 οὐ
482 465 608 522 μόνην
629 468 673 510 δὲ
693 469 765 524 τὴν
785 469 993 526 Αἰγυπτον
1010 469 1114 515 εἶλον
1125 472 1332 527 Ῥωμαίων
1346 481 1498 533 χεῖρες,

307 534 389 577 965
417 534 520 579 ἀλλὰ
542 537 607 576 καὶ
632 534 848 589 σύμπασαν
869 536 973 591 ὄμοῦ
991 540 1063 594 τὴν
1083 538 1159 582 ὕπὸ
1183 542 1255 596 τὴν
1273 540 1453 598 σελήνην.

484 603 569 645 Καὶ
588 607 714 646 ταῦτα
733 606 807 659 μὲν
824 603 878 656 ὡς
897 608 1065 649 δυνατὸν
1085 607 1288 666 ἱστόρηται
1307 615 1365 667 τῷ
1385 609 1490 667 λόγῳ

417 669 688 728 ἓπιδρομάδην
703 675 769 714 καὶ
787 677 951 730 σαφῶς,
984 673 1040 726 ὥς
1058 677 1230 729 ἐμαυτὸν
1249 679 1483 732 συμπείθω·

414 742 616 795 προσῆκον
639 739 681 781 δ’
705 739 834 796 ἔμοιγε
857 743 984 793 δοκεῖ,
1019 745 1085 785 καὶ
1103 745 1240 799 τέχνης
1259 745 1346 799 οὗχὶ
1367 744 1520 803 πόρρω,

413 806 706 862 ἐπιμνησθῆναι
725 809 825 866 πρὸς
843 809 986 867 μικρὸν
1003 811 1248 868 πραγμάτων
1258 811 1492 867 Ἑλληνίων,

304 873 388 914 970
412 873 484 928 τὴν
504 873 683 929 γλῶττάν
704 893 744 925 τε
755 878 1009 934 χαρίσασθαι
1028 886 1112 929 τοῖς
1129 880 1232 923 κατὰ
1247 881 1343 931 τούς
1355 879 1588 938 Ἐβραίους.

479 940 622 995 Λιμός
641 960 734 986 ποτε
752 945 944 998 κατέλαβε
961 946 1094 1003 βαρύς
1111 948 1184 1002 τὴν
1199 950 1452 1000 Χαναναίαν,

415 1010 482 1050 καὶ
503 1007 655 1061 πάντας
671 1010 904 1065 ἐπεβόσκετο
927 1013 972 1055 τὸ
991 1018 1063 1056 τοῦ
1083 1019 1209 1058 κακοῦ
1227 1015 1450 1073 πυρφόρον,

420 1078 486 1118 καὶ
505 1076 606 1134 πρὸς
624 1085 706 1128 τοῖς
725 1078 862 1130 ἄλλοις
877 1080 1022 1134 Ἰακὼβ
1041 1080 1115 1136 εἶχε
1135 1083 1205 1125 τὸν
1223 1081 1330 1125 οἶκον
1348 1082 1494 1126 πάντα.

413 1141 434 1185 ὃ
453 1146 584 1186 τοίνυν
599 1149 712 1196 θεῖος
727 1147 888 1204 Ἰσραὴλ
908 1148 1032 1202 (οὕτω
1050 1142 1127 1207 γὰρ
1143 1149 1388 1206 μετεκλήθη)

304 1210 386 1252 975
412 1211 457 1253 τὸ
475 1213 548 1266 μὲν
570 1212 748 1264 ἀκούσας
762 1215 911 1272 Ἰωσὴφ
931 1217 1000 1259 τὸν
1021 1218 1064 1258 ἐκ
1079 1216 1226 1272 Ῥαχὴλ
1248 1221 1441 1273 τεχθέντα

416 1279 681 1336 ἐπιτροπεύειν
706 1282 862 1339 Φαραὼ
879 1284 952 1337 τὴν
969 1289 1040 1338 τῆς
1056 1284 1266 1340 Αἰγύπτου
1286 1285 1439 1343 χώραν,

414 1347 460 1389 τὸ
483 1349 525 1389 δὲ
549 1350 614 1390 καὶ
635 1349 921 1403 μηχανώμενος
941 1349 1054 1394 λύσιν
1077 1351 1202 1410 εὓρεΐν
1223 1358 1296 1395 τοῦ
1317 1352 1491 1403 πάθους,

413 1414 512 1470 ἔγνω
533 1419 659 1457 λιπεῖν
677 1417 750 1470 τὴν
772 1415 918 1459 ἑαυτοῦ
941 1419 1058 1460 κάκεῖ
1069 1425 1397 1474 μεταναστεῦσαι.

415 1482 614 1537 ἀθροίσας
632 1478 703 1524 οὖν
722 1484 816 1534 τοὺς
837 1483 982 1528 ἑαυτοῦ
1004 1484 1172 1537 δούλους
1190 1487 1302 1535 υἱοὺς
1319 1485 1521 1543 ἐγγόνους,

302 1550 386 1592 980
411 1550 483 1599 τὰς
501 1549 597 1600 ὅλας
615 1549 891 1606 ἑβδομήκοντα
909 1554 1049 1607 ψυχὰς
1068 1554 1141 1597 σὺν
1162 1554 1301 1604 ἄλλαις
1317 1556 1443 1606 πέντε,

408 1618 655 1675 εὖθυδρομεῖ
667 1619 767 1676 πρὸς
786 1621 1007 1675 Αἴγυπτον,
1040 1623 1226 1674 βλέπεται
1247 1621 1502 1679 φιλοφρόνως

408 1689 468 1742 τῷ
489 1685 644 1742 Φαραώ
668 1693 751 1736 τοῖς
769 1685 841 1728 ὑπ’
868 1686 1002 1739 αὐτόν,
1037 1691 1102 1730 καὶ
1120 1688 1196 1745 πρὸ
1220 1693 1299 1731 τῶν
1317 1689 1449 1731 ἄλλων
1471 1686 1639 1731 πάντων-

407 1751 431 1794 ὅ
452 1753 576 1807 μέγας
596 1757 736 1795 τοῦτον
753 1754 902 1811 Ἰωσὴφ
922 1756 1058 1809 βλέπει
1079 1757 1275 1811 γλυκειάις
1293 1755 1444 1814 κόραις.
1639 1784 1658 1799 a

407 1820 450 1861 ἔν
469 1824 521 1876 γῇ
541 1822 581 1861 Γ
578 1821 676 1874 οσὲμ
699 1823 880 1874 οἶκίζεται
890 1854 904 1874 ,
933 1821 1051 1883 χώρα
1068 1827 1138 1878 τῆς
1150 1824 1398 1882 Ἀρραβιάς.

360 1937 429 1972 963
453 1933 704 1981 ἑβδομήκοντα
724 1938 757 1972 R
856 1939 925 1974 969
942 1938 1110 1983 πράξεων
1127 1941 1161 1974 R
1249 1942 1318 1976 970
1338 1941 1501 1984 γλῶτταν
1521 1939 1715 1987 παρορμή-

361 1983 590 2017 σασοαιιικ
686 1984 755 2019 973
777 1976 842 2028 ἥγε
859 1985 901 2029 A,
925 1978 1011 2029 ἦρχε
1029 1987 1064 2021 R
1153 1986 1219 2021 975
1242 1985 1310 2021 τὸν
1329 1987 1436 2023 MRR
1523 1989 1591 2024 979
1612 1986 1715 2032 ἐκγό-
1779 1984 1786 1995 ’

359 2039 449 2106 νουὲς
470 2027 536 2107 {KR
645 2028 712 2065 981
733 2028 936 2074 βλέπεσθαι
956 2031 995 2065 Μ
1104 2031 1173 2066 982
1191 2029 1287 2077 πρὸς
1307 2031 1373 2068 AR
1481 2033 1550 2070 984
1565 2030 1648 2078 γεὲμ
1669 2034 1714 2078 Α,

359 2082 422 2116 7⁸⁰
438 2084 466 2116 μ’

271 2182 434 2207 summum
466 2177 700 2218 pervenerant
728 2178 765 2210 et
795 2176 893 2211 annis
926 2177 1010 2211 totis
1040 2177 1196 2212 ducentis
1225 2190 1267 2213 ac
1291 2179 1480 2223 nonaginta
1507 2179 1711 2216 floruerant.

271 2229 384 2262 neque
401 2224 532 2252 tantum
551 2221 727 2255 Romanae
744 2233 863 2256 manus
879 2223 1075 2269 Aegyptum
1098 2229 1275 2269 ceperunt,
1299 2225 1363 2260 sed
1381 2236 1512 2260 omnem
1529 2231 1713 2271 praeterea

259 2268 398 2304 terram
418 2263 519 2297 lunae
537 2266 739 2299 subiectam.

360 2309 474 2352 Atque
492 2309 578 2343 haec
601 2311 738 2355 quidem
757 2311 870 2345 omnia
887 2312 1084 2347 narratione
1107 2312 1275 2358 complexi
1297 2325 1411 2347 sumus
1435 2314 1536 2348 brevi
1557 2326 1598 2348 ac
1620 2315 1710 2350 dilu-

270 2352 361 2396 cida,
383 2353 474 2387 sicut
491 2355 649 2398 equidem
671 2356 754 2390 mihi
771 2359 978 2400 persuadeo.
1025 2359 1210 2392 convenire
1231 2363 1343 2392 autem
1361 2359 1445 2392 mihi
1462 2360 1621 2404 videtur,
1646 2373 1712 2395 nec

269 2398 355 2432 artis
377 2411 501 2443 expers
523 2411 599 2433 esse
612 2426 622 2444 ‚
654 2405 693 2435 ut
713 2401 888 2446 paulisper
916 2403 1016 2438 obliti
1034 2415 1148 2438 rerum
1167 2404 1378 2438 Graecarum
1395 2404 1573 2450 loquamur
1596 2407 1641 2440 de
1664 2406 1710 2440 iis

267 2454 356 2488 quae
375 2445 466 2488 apud
483 2445 663 2479 Hebraeos
682 2453 759 2480 acta
783 2452 875 2481 sunt.
964 2461 977 2481 ι
1299 2457 1302 2460 ’

356 2489 490 2523 Invasit
504 2490 685 2534 aliquando
701 2492 808 2526 fames
825 2493 1064 2528 Chananaeam
1076 2494 1205 2538 gravis,
1225 2505 1335 2539 eaque
1352 2494 1525 2529 calamitas
1539 2495 1577 2529 in
1593 2507 1709 2530 omnes

199 2546 201 2548 ¹
263 2533 397 2612 Elariter
411 2535 602 2579 saeviebat,
622 2548 663 2570 ac
677 2543 819 2590 praeter
836 2537 920 2572 alios
936 2539 1055 2573 Iacobi
1072 2539 1234 2573 familiam
1251 2540 1410 2583 urgebat.
1434 2540 1552 2585 itaque
1571 2541 1710 2576 divinus
1727 2583 1730 2585 ,

289 2578 321 2611 'c
346 2579 495 2613 Israelus
526 2580 600 2623 (sic
631 2593 720 2616 emm
747 2583 911 2628 deinceps
941 2586 1149 2628 vocabatur)
1184 2584 1310 2629 partim
1339 2585 1482 2618 audiens
1512 2586 1709 2631 Iosephum,

265 2634 363 2657 suum
393 2636 412 2658 e
439 2625 591 2660 Rachele
614 2626 738 2671 filium,
761 2629 974 2672 praesectum
990 2629 1182 2663 Pharaonis
1204 2629 1241 2663 in
1265 2629 1426 2682 Aegypto
1449 2642 1548 2675 esse,
1582 2631 1709 2676 partim

193 2675 196 2676 ’
265 2668 323 2702 illo
342 2681 381 2703 se
399 2669 486 2703 malo
504 2670 654 2706 liberare
675 2674 828 2717 studens,
857 2674 1013 2708 decrevit
1032 2675 1119 2708 relin
1146 2685 1228 2708 uere
1246 2679 1392 2719 patriam
1415 2679 1451 2708 et
1466 2675 1547 2710 illuc
1568 2676 1706 2710 commi-

264 2724 380 2758 grare.
427 2718 648 2760 quamobrem
667 2717 818 2752 collectis
836 2719 907 2752 suis
925 2720 1104 2764 mancipiis
1140 2719 1247 2754 iberis
1268 2720 1452 2766 nepotibus
1466 2746 1475 2764 ‚
1510 2721 1570 2766 qui
1591 2720 1709 2755 omnes

265 2763 366 2793 erant
385 2759 517 2795 animae
539 2763 933 2808 septuagintaquinque,
965 2771 1063 2799 recta
1082 2765 1198 2811 pergit
1214 2764 1251 2798 in
1267 2765 1483 2810 Aegyptum,
1518 2768 1579 2801 ads
1605 2765 1709 2800 icitur

264 2809 419 2839 amanter
436 2818 458 2840 a
479 2805 661 2841 Pharaone
682 2819 723 2842 ac
740 2808 901 2854 subditis,
920 2821 1094 2855 supraque
1113 2816 1247 2844 ceteros
1272 2822 1388 2844 omnes
1407 2822 1548 2856 magnus
1567 2779 1626 2844 iilo
1648 2811 1703 2844 Io-

263 2850 392 2895 sephus
421 2862 498 2887 eum
525 2853 681 2889 suaviter
706 2853 874 2891 intuetur.
919 2855 957 2890 in
978 2859 1106 2890 terram
1125 2857 1254 2891 Gesem
1275 2855 1482 2902 collocatur,
1520 2868 1609 2902 quae
1634 2859 1709 2890 erat
