1872 3236
206 1062 301 1104 1²69

271 1279 280 1290 x

337 193 432 243 144
706 194 1097 246 'CONSTANTINI
1137 200 1401 248 MANASSIS
1424 222 1426 226 ·
1450 226 1454 228 >

466 310 533 352 καὶ
556 308 711 361 πάντας
733 309 969 366 ἐπεβόσκετο
994 305 1040 356 τό
1059 319 1131 370 τῆς
1147 316 1289 367 κακίας
1307 314 1453 371 στόμα,

464 375 486 420 ὃ
511 379 554 420 δὲ
579 383 738 435 κρατῶν
759 378 969 439 ἀνῴμωξεν
985 381 1184 438 ἤσχαλλεν
1204 385 1432 443 ἐδυσφόρει,

462 448 523 496 τὶς
542 450 622 489 τῶν
640 448 682 489 ἓν
701 449 800 491 τέλει
823 449 1041 507 παρελθών
1058 454 1114 501 εἷς
1136 453 1284 505 με’σους
1301 453 1404 507 μετὰ
1419 451 1606 514 θάρρους

455 509 521 556 “ui
535 519 706 568 βασιλεῦ
714 516 740 532 ”
767 516 1005 574 ἀνέκραγεν,
1033 517 1099 562 “et'
1118 519 1294 575 θελητόν
1315 522 1402 563 ἔστί
1419 539 1484 564 σοι

323 581 435 625 3345
458 583 501 624 ἐκ
526 587 606 625 τῶν
620 589 768 640 χειριῦν
789 589 869 628 τῶν
893 592 1079 644 πονηρῶν
1097 586 1269 645 ῥύεσθαι
1287 589 1381 640 τούς
1399 590 1539 642 ἰδίους,

460 652 548 705 ἐμοὶ
571 655 643 706 τῆς
664 651 902 708 ἐκδικήσεως
922 657 1134 711 ἕγχείρισαι
1154 656 1199 699 τὸ
1223 659 1350 714 ξίφος.

458 719 533 761 κᾶν
553 721 627 774 μὲν
649 722 799 775 ἕκτίμω
815 724 995 780 κεφαλὰς
1013 723 1087 774 τὰς
1103 729 1175 778 τῆς
1190 725 1416 775 πλεονεξίας

459 789 526 830 καὶ
548 787 699 845 τρόπου
723 795 797 832 τοῦ
815 790 1069 848 φιλάρπαγος
1091 790 1365 850 ιὸς(Ηρακλῆς
1383 796 1456 847 τῆς
1479 789 1623 850 ὕδρας,

453 855 576 912 χάρις
592 874 662 911 μοι
685 859 856 901 κείσεται
878 860 979 917 πρὸς
995 863 1071 902 σοῦ
1093 862 1157 902 καὶ
1177 859 1278 917 πρὸς
1298 867 1378 904 τῶν
1397 859 1606 916 ὑπηκόων

322 921 433 965 3350
456 927 490 966 εἶ
511 925 552 966 δ’
577 924 626 967 οὗ
638 957 651 978 ,
684 926 742 981 μὴ
765 929 883 984 φείσῃ
898 959 909 978 ,
943 931 1134 981 βασιλεῦ,
1171 931 1268 971 ἀλλ’
1295 928 1351 980 ὥς
1374 928 1608 984 αἶσχόναντί
1624 947 1668 973 σε

457 994 607 1035 πελέκει
628 1011 699 1047 μοι
718 995 787 1037 τὸν
807 996 1007 1053 τράχηλον
1028 997 1240 1051 ἀπόκοψον
1264 998 1461 1049 «ἐνδίκως.ῃ

455 1060 601 1114 ἤκουσε
620 1064 749 1105 ταῦθ’
772 1061 792 1105 ὅ
814 1063 1025 1117 βασιλεύς,
1059 1066 1262 1109 ἐπένευσεν
1284 1068 1439 1117 αὐτίκα,

457 1128 618 1186 ἐπῄνεσε
636 1130 705 1173 τὸν
727 1131 946 1188 ἄνθρωπον
969 1137 1041 1187 τῆς
1061 1130 1355 1191 φιλανθρώπου
1377 1133 1551 1190 γνώμης,

456 1197 584 1253 ἀρχὴν
605 1198 677 1253 τὴν
695 1199 973 1242 ἀνυπεύθυνον
995 1203 1135 1244 δίδωσι
1154 1206 1212 1259 τῷ
1230 1205 1394 1259 γενναίῳ

316 1263 425 1306 3355
453 1265 645 1322 (ἔπαρχον
666 1265 692 1323 ἡ
711 1266 906 1323 συνήθεια
928 1269 1028 1324 λέγει
1047 1269 1117 1312 τὸν
1141 1268 1291 1325 ταύτην
1309 1269 1493 1325 σχόντα,)

451 1336 516 1376 καὶ
539 1339 636 1376 πᾶσι
653 1334 817 1391 τρόποις
838 1343 1029 1393 παραινεῖ
1043 1339 1264 1394 φροντίζειν
1290 1343 1361 1380 τοῦ
1381 1337 1553 1381 δικαίου·

450 1400 472 1443 ὃ
497 1403 572 1455 μὲν
596 1397 667 1444 οὖν
691 1402 914 1455 ἀνεζώσατο
935 1402 1124 1460 τοιαύτην
1140 1407 1389 1458 δυναστείαν,

449 1472 515 1512 καὶ
537 1469 655 1524 ζήλου
681 1474 861 1522 πλείονος
884 1474 1081 1527 πλησθεὶς
1106 1473 1229 1528 εἴχετο
1253 1478 1334 1516 τῶν
1353 1472 1582 1531 πρακτέων·

448 1539 594 1593 συνέβη
617 1540 661 1581 δὲ
679 1540 773 1593 μετ’
799 1541 846 1582 οὗ
870 1541 973 1583 πολὺ
995 1542 1182 1597 γενέσθαι
1205 1560 1242 1585 τι
1260 1547 1455 1594 τοιοῦτον,

312 1606 424 1649 8360
446 1605 566 1662 λόγου
593 1609 659 1649 καὶ
679 1607 840 1663 μνήμης
861 1608 972 1659 ἄξιον
993 1612 1059 1651 καὶ
1077 1610 1228 1667 πρέπον
1244 1611 1510 1668 ἱστορεῖσθαι.

446 1675 545 1730 γυνὴ
564 1679 771 1732 προσῆλθε
794 1677 960 1734 πενιχρά
974 1708 985 1728 ,
1006 1679 1175 1735 χηρείαν
1196 1679 1416 1732 ἀνατλᾶσα,

446 1745 542 1797 μετ’
570 1746 747 1799 οἰμωγῆς
757 1775 770 1795 ,
803 1745 903 1798 μετὰ
927 1750 1053 1800 βοῆς,
1084 1746 1187 1799 μετὰ
1208 1748 1488 1805 περιπαθειάς,

451 1816 697 1865 καταβοῶσα
717 1817 798 1854 τῶν
821 1815 1018 1872 λαμπρῶν
1042 1813 1149 1866 τινὸς
1169 1817 1234 1857 καὶ
1253 1814 1487 1873 περιὸόξων,

402 1906 494 1943 3343
511 1901 730 1949 προσελθών
751 1907 791 1942 Μ
925 1906 1038 1952 μέσον
1057 1909 1090 1943 R
1226 1907 1440 1954 κατεθάρρη
1458 1909 1489 1945 Α
1603 1909 1696 1946 3347
1716 1906 1771 1943 ἐκ·

403 1951 522 1996 τέμνω
544 1953 612 1988 RR
711 1954 803 1988 3350
827 1952 1052 1998 αἰσχύναντοὶ
1073 1956 1146 1990 MR
1249 1957 1338 1992 3351
1361 1967 1434 1999 μου
1454 1954 1529 1991 MR
1624 1967 1661 1990 v-
1679 1955 1772 1990 3355

402 2000 519 2081 ‘’in''hl
543 2047 579 2082 R
668 1999 760 2035 3358
785 1999 1010 2045 πραγμάτων
1038 2000 1117 2047 RR,
1149 2001 1423 2048 πρακτόρωνΜ
1557 2001 1648 2037 3361
1680 1998 1771 2035 οἰνα-

399 2058 421 2080 2·
443 2056 523 2081 mod

311 2135 369 2160 res
392 2129 429 2161 et
461 2124 710 2160 incrementum
742 2128 915 2168 sumeret,
951 2124 1081 2170 ubique
1103 2125 1229 2171 dignos
1253 2126 1333 2162 odio
1361 2125 1504 2172 laqueos
1522 2126 1708 2170 tenderet,
1731 2136 1771 2160 os

311 2172 462 2216 denique
481 2171 560 2205 mali
584 2171 684 2205 huius
709 2177 851 2205 cunctos
884 2180 959 2204 cum
982 2173 1250 2216 depasceretur,
1280 2178 1385 2217 atque
1411 2172 1551 2206 interim
1572 2171 1774 2216 deploraret

310 2224 385 2251 eam
409 2217 581 2251 miseriam
614 2217 804 2262 imperator
831 2217 1106 2263 gravissimeque
1133 2219 1266 2263 ferret,
1298 2219 1436 2264 quidam
1463 2230 1483 2252 e
1506 2217 1710 2262 proceribus
1733 2216 1772 2250 in

308 2262 459 2303 medium
489 2274 564 2296 cum
591 2262 759 2306 ¹{inguiari
790 2263 1001 2297 confidentia
1033 2275 1239 2308 progressus
1273 2262 1442 2298 exclamat
1471 2258 1526 2297 “si
1548 2269 1627 2296 tuos
1658 2261 1770 2307 cupis,

306 2309 515 2354 imperator,
541 2319 585 2341 ex
604 2308 839 2352 improborum
862 2309 1019 2343 manibus
1037 2309 1208 2353 liberare,
1227 2310 1310 2343 mihi
1328 2309 1500 2344 vindicem
1522 2308 1672 2353 gladium
1693 2313 1769 2342 tra-

308 2355 397 2389 dito.
445 2353 572 2398 quodsi
598 2353 768 2387 avaritiae
795 2354 910 2397 capita
933 2354 1174 2400 hominumque
1195 2355 1372 2400 rapacium
1396 2361 1489 2390 artes
1516 2355 1566 2388 ita
1581 2364 1768 2388 resecuero

309 2400 591 2446 quemadmodum
617 2399 786 2432 Hercules
817 2399 962 2442 Hydrae
989 2401 1105 2445 capita
1133 2401 1324 2445 praecidit,
1349 2401 1418 2435 erit
1440 2402 1533 2446 quod
1554 2405 1594 2434 tu
1615 2399 1766 2434 subditi-

309 2457 377 2493 que
398 2446 450 2480 tui
480 2446 610 2479 debere
639 2456 678 2478 se
707 2444 791 2478 mihi
812 2446 1054 2489 profiteantur.
1102 2445 1156 2480 sin
1182 2447 1248 2480 hoc
1266 2457 1334 2480 non
1356 2446 1590 2492 praestitero,
1617 2458 1662 2480 ne
1682 2443 1768 2479 mihi

307 2491 510 2538 peperceris
525 2517 534 2534 ,
567 2490 757 2535 imperator
771 2515 781 2533 ‚
813 2491 875 2524 sed
903 2496 942 2524 ut
965 2490 1134 2525 hominem
1159 2491 1218 2537 qui
1236 2492 1346 2526 labem
1369 2505 1410 2526 ac
1427 2492 1590 2527 maculam
1613 2491 1680 2526 tibi
1701 2487 1766 2525 adss

307 2536 499 2583 emerserit,
531 2535 660 2590 optimo
686 2535 762 2570 iure
786 2535 901 2569 securi
930 2535 1140 2580 percutito.’'
1185 2538 1375 2582 imperator
1397 2538 1450 2572 his
1481 2538 1608 2572 auditis
1631 2536 1764 2580 annuit,

308 2589 346 2618 e't
368 2583 511 2627 egregia
528 2583 597 2616 vrri
615 2581 793 2616 voluntate
818 2581 1009 2616 collaudata
1030 2583 1266 2626 magistrat-um
1285 2583 1318 2618 ei
1341 2584 1466 2618 tribuit
1484 2583 1630 2629 imperio
1653 2582 1762 2616 nemi-

307 2629 362 2664 nis
381 2628 585 2670 obnoxium,
620 2639 719 2672 quem
742 2628 955 2672 praefectum
976 2628 1054 2662 urbi
1074 2629 1213 2662 dicunt:
1246 2629 1346 2663 simul
1369 2630 1527 2664 hortatur
1546 2635 1586 2664 nt
1605 2627 1773 2662 omnibus*

308 2675 419 2710 modis
437 2674 540 2719 aequi
561 2674 712 2719 iustique
734 2685 848 2708 curam
878 2673 1017 2707 habeat.
1063 2673 1122 2708 ine
1142 2679 1349 2719 potestatem
1377 2676 1524 2721 accipit,
1549 2680 1586 2710 et
1599 2674 1773 2709 maiorem·

308 2721 346 2755 in
364 2721 499 2755 modum
517 2719 592 2754 zelo
618 2721 764 2765 quodam
788 2730 952 2754 accensus
977 2720 1117 2763 negotia
1137 2721 1206 2754 sibi
1223 2721 1404 2756 commissa
1424 2723 1646 2767 procurabat.
1693 2729 1763 2754 non

309 2766 450 2802 multum
481 2765 682 2800 intercessit
713 2765 900 2811 temporis,
933 2776 1007 2799 cum
1037 2765 1230 2801 huiusmodi
1254 2767 1416 2811 quiddam
1446 2767 1593 2812 accidit,
1620 2765 1761 2810 dignum

310 2814 404 2858 quod
420 2812 604 2846 memoriae
619 2812 787 2856 prodatur
810 2817 846 2846 et
863 2810 1082 2845 historiarum
1102 2813 1328 2847 monumentis
1347 2813 1570 2848 inscribatur.
1595 2832 1599 2835 -
1616 2810 1765 2846 accessit

311 2859 355 2894 ad
372 2859 591 2905 ,praefectum
613 2857 720 2893 vidua
739 2857 882 2903 mulier,
909 2856 1142 2904 paupercula,
1174 2869 1250 2894 cum
1279 2858 1409 2896 eiulatu
1437 2859 1595 2896 clamore·
1612 2855 1758 2903 quirita-
