1924 3242
303 198 400 248 278
683 195 1051 245 CONSTANTINI
1091 196 1350 242 MANAssxs

435 313 591 369 ἓφίζησε
610 316 693 361 τοῖς
713 308 875 367 γόνασιν
893 312 934 354 ἒν
953 317 1167 366 πετασμοῒς
1182 308 1388 368 ,ἅψόφοιμ

435 379 507 433 οὔχ
529 376 594 420 οἷα
614 380 706 436 πρὶν
725 383 796 433 τῆς
815 383 986 433 κιβωτοῦ
1005 383 1240 435 προσπτᾶσα
1261 383 1318 435 τῷ
1341 376 1567 438 στεγάστρῳ

434 447 500 491 καὶ
521 443 633 488 λύσιν
650 445 950 502 ἀπαγγέλλουσα
971 451 1206 504 καταφορᾶς
1225 444 1397 496 ὑδάτων,

437 515 502 556 καὶ
524 514 687 570 δένδρου
711 513 861 571 φύλλον
882 516 1073 572 φέρουσα,
1105 516 1171 556 καὶ
1190 513 1535 570 παραμυθουμένη

304 580 412 624 6545
437 585 530 623 Νῶε
553 581 621 623 τὸν
645 580 977 638 κιβωτόκρυπτον,
1010 582 1078 624 τὸν
1097 580 1279 637 δεύτερον
1299 579 1505 636 γενάρχην,

435 648 526 690 ἀλλ’
553 649 690 700 οἰωνὸς
707 650 910 701 ἀπαίσιος,
946 650 1049 691 ἀλλὰ
1068 652 1200 690 κακῶν
1221 646 1451 703 σημάντωρ,

435 714 674 776 δυσάγγελος
693 716 937 774 φοιβάστρια
948 748 960 768 ,
996 715 1234 769 κακόμαντις
1254 719 1465 771 προφῆτις.

434 781 455 825 ὁ
476 773 548 836 μὲν
562 775 641 826 ὀὖν
660 783 818 841 κράτωρ
838 784 884 827 τὸ
905 784 1050 838 πτηνὸν
1070 783 1210 837 πέμπει
1228 787 1278 839 τῇ
1300 784 1492 836 βασιλίδι,

434 849 642 906 εὐάγγελον
662 850 969 908 προσήμαντρον
988 849 1249 904 ὑποτοπήσας
1268 853 1399 892 τοῦτο.

156 927 186 961 Ρ
205 927 272 963 133
301 917 412 962 6550
437 912 492 960 ὧν
513 918 589 974 γάρ
614 936 673 969 τις
690 921 862 974 γλίχεται
881 926 1024 973 τυχεῖν,
1059 920 1184 961 ἐκεῖνα
1206 920 1270 960 καὶ
1291 915 1467 968 δοξάζει·

434 987 500 1032 καὶ
523 990 652 1028 ταῦτα
672 991 770 1029 πᾶσι
791 987 893 1029 κατὰ
914 991 1020 1038 νοῦν,
1056 985 1131 1028 ὅσα
1158 987 1223 1028 καὶ
1244 985 1347 1027 κατὰ
1366 982 1537 1040 γνώμην.

434 1053 526 1094 ἀλλ’
549 1053 629 1110 ἄρα
651 1053 970 1109 δυσποτμότερον
991 1054 1104 1096 οὐδέν
1125 1055 1228 1095 ἔστιν
1251 1050 1469 1108 ἀνθρώπου
1495 1069 1498 1072 ·

436 1118 594 1173 ἔχοντος
614 1121 707 1171 τοὺς
729 1123 1014 1178 ἐχθραίνοντας
1033 1122 1200 1169 οἰκείους
1222 1119 1518 1174 ταυτοστέγους.

343 1236 345 1238 q
440 1185 489 1229 ἂν
510 1187 621 1230 ἴνδον
644 1188 735 1244 ἔχῃς
754 1189 846 1239 τοὺς
864 1187 1036 1244 ἐχθρούς
1045 1220 1057 1239 ,
1093 1187 1142 1232 ἂν
1161 1188 1364 1242 ἐφεστίους
1380 1186 1542 1243 τρέφῃς,

305 1253 414 1303 6555
439 1254 486 1296 οὗ
510 1254 697 1311 ρύσονται
720 1255 910 1298 κινδύνων
934 1272 977 1298 σε
995 1255 1047 1297 τὰ
1069 1258 1315 1307 Βαβυλῶνος
1335 1254 1456 1307 τείχη,

440 1321 486 1362 οὗ
507 1321 649 1378 πύργοι
670 1322 965 1381 Σεμιράμιδος,
996 1322 1042 1363 οὗ
1066 1322 1302 1378 πυραμίδων
1324 1319 1465 1372 πάχος.

437 1388 488 1430 ἂν
507 1389 579 1442 τὴν
599 1388 842 1446 προδότριαν
863 1390 999 1443 ψυχὴν
1023 1387 1204 1431 σύνοικον
1227 1385 1499 1445 δυστυχήσῃς,

442 1454 492 1497 ἂν
507 1458 728 1510 συνοικοίης
745 1457 834 1509 μετ’
862 1456 987 1511 αὐτῆς
1004 1457 1044 1497 ἓν
1063 1456 1233 1511 ἄρραγεῖ
1253 1456 1449 1511 φρουρίῳ,

441 1521 645 1581 ἁλώσιμον
665 1524 710 1565 τὸ
733 1522 939 1580 φρούριον,
975 1522 1205 1579 ἀφύλακτος
1229 1521 1254 1576 ἡ
1274 1521 1400 1572 πόλις.

307 1586 418 1628 6560
502 1590 624 1634 Ἀλλὰ
643 1591 845 1645 ὁιηγητεόν
861 1608 930 1644 μοι
951 1591 1001 1633 τὰ
1021 1591 1109 1646 περὶ
1127 1590 1354 1644 Διογένους.

254 1654 284 1688 Β
440 1658 571 1712 βαρὺς
590 1659 662 1710 μὲν
684 1657 931 1714 ἑκατέρωθεν
952 1656 1124 1711 πόλεμος
1149 1656 1344 1713 ἀνερράγη

441 1724 564 1777 μέσον
581 1723 794 1777 (Ρωμαίων
813 1728 880 1766 καὶ
899 1728 1093 1781 Περσῶν,
1128 1724 1263 1780 ἄγριος
1283 1727 1413 1779 θροῦς
1435 1723 1570 1778 ἀνέβη.

441 1791 565 1846 μέγας
588 1790 781 1847 ἔφώπλιζε
803 1792 938 1846 θυμὸς
963 1791 1087 1848 ἄμφω
1107 1792 1179 1841 τὰς
1198 1791 1480 1846 στραταρχίας,

400 1884 489 1919 6541
513 1887 732 1929 πετρασμοῖς
753 1886 792 1920 Μ
895 1884 986 1920 6542
1007 1882 1086 1918 οἷον
1104 1885 1149 1928 R,
1172 1880 1293 1928 οἵσπερ
1316 1884 1355 1927 Μ
1459 1882 1549 1918 6548
1567 1881 1691 1917 δεινὸν
1714 1884 1753 1918 Μ

401 1929 491 1964 6549
514 1927 755 1969 ὑποτοπάσας
776 1932 810 1965 R
918 1930 1006 1964 6551
1030 1929 1159 1974 πάσχει
1180 1931 1225 1973 R,
1249 1928 1367 1974 μάσσῃ
1386 1929 1415 1962 Α
1529 1928 1619 1966 6553
1642 1925 1753 1962 αὖτο-

401 1972 550 2017 στέγους
571 1976 605 2010 R
702 1977 791 2011 6557
814 1972 1024 2018 δύσφρονον
1047 1977 1081 2009 R
1181 1976 1271 2010 6558
1290 1972 1415 2009 αὐτῶν
1432 1973 1471 2007 Μ
1563 1973 1652 2008 6559
1669 1970 1752 2007 εὐοῖ-

400 2019 515 2098 Ῑέίόοέἕς
534 2021 576 2099 Ra
639 2066 672 2100 R
746 2021 834 2057 6561
852 2019 1009 2064 πόλεμος
1031 2018 1115 2055 τότε
1136 2018 1296 2065 σοβαρὸς
1314 2017 1542 2063 ἑκατέρωθεν
1560 2016 1692 2063 ἐρράγη
1714 2019 1753 2052 Μ

510 2076 556 2107 με
578 2077 621 2105 ag

313 2138 390 2172 cido
414 2140 542 2175 alarum
565 2146 659 2177 motu
681 2144 724 2179 ad
746 2142 855 2187 ipsius
878 2154 991 2188 genua
1008 2155 1086 2178 sese
1107 2142 1265 2185 demisit,
1289 2153 1357 2176 non
1375 2139 1485 2185 qualis
1507 2140 1552 2174 ad
1572 2151 1674 2174 arcae
1697 2143 1751 2173 te—

313 2187 403 2217 ctum
435 2188 604 2229 quondam
641 2188 824 2222 convolans
864 2190 967 2223 finem
997 2190 1187 2234 appetiisse
1220 2187 1340 2222 diluvii
1370 2185 1550 2219 nuntiabat
1581 2190 1618 2218 et
1650 2185 1752 2219 allato

313 2228 410 2263 oleae
439 2242 533 2265 ramo
565 2233 716 2266 abditum
744 2234 781 2266 in
808 2245 888 2267 arca
912 2235 1042 2276 Neam,
1078 2235 1219 2268 alterum
1242 2231 1378 2265 humani
1407 2231 1543 2274 generis
1566 2235 1752 2273 auctorem,

312 2273 508 2319 solabatur,
544 2279 606 2311 sed
629 2278 807 2321 augurium
831 2291 971 2323 prorsus
997 2280 1201 2321 infaustum,
1225 2277 1384 2310 malorum
1408 2275 1610 2318 indicatrix,
1634 2275 1754 2309 nuntia

312 2318 471 2362 sinistra,
506 2326 604 2355 vates
628 2322 766 2362 adversi
784 2334 882 2357 casus
903 2324 1037 2358 infelix.
1086 2336 1159 2358 eam
1182 2323 1295 2356 alitem
1318 2322 1505 2366 imperator
1526 2326 1622 2355 ratus
1643 2331 1752 2365 augu-

311 2362 400 2396 rium
425 2364 551 2399 laetum
574 2378 651 2400 esse
675 2368 716 2400 ad
739 2367 991 2411 imperatricem
1014 2369 1131 2403 mittit.
1178 2379 1254 2400 nam
1284 2378 1372 2411 quae
1402 2366 1470 2400 sibi
1491 2366 1633 2403 evenire
1655 2366 1751 2410 quis-

313 2418 380 2455 que
399 2409 590 2453 desiderat,
625 2411 668 2444 iis
695 2423 733 2444 se
763 2413 949 2457 potiturum
972 2414 1155 2458 opinatur3
1189 2414 1344 2456 adeoque
1372 2412 1487 2445 cuncti
1505 2416 1617 2445 mente
1636 2411 1754 2445 conci-

337 2451 413 2486 iunt
435 2466 477 2488 ea
499 2465 587 2499 quae
610 2456 786 2490 voluntate
807 2463 985 2502 appetunt.
1032 2459 1095 2492 sed
1131 2458 1220 2491 enim
1254 2469 1295 2490 eo
1328 2456 1412 2490 nihil
1444 2461 1499 2490 est
1520 2456 1754 2490 aerumnosius

314 2464 450 2533 iiomine
474 2500 532 2552 qui
555 2502 671 2536 hostes
693 2502 897 2536 domesticos
915 2509 958 2536 ⁴et:
980 2503 1133 2536 eiusdem
1150 2502 1235 2536 tecti
1252 2503 1427 2546 particeps
1450 2502 1567 2536 habet.
1614 2502 1645 2535 si
1664 2501 1755 2535 domi

314 2543 532 2578 adversanos
555 2545 645 2589 alas,
680 2557 748 2580 non
776 2551 812 2580 te
846 2547 1007 2591 periculis
1033 2548 1170 2593 eripere
1192 2547 1279 2580 muri
1301 2547 1484 2590 Babylonii
1506 2551 1652 2592 queant,
1686 2557 1756 2580 non

314 2587 548 2624 Semiramidis
571 2597 696 2635 turres,
721 2603 789 2625 non
807 2592 1021 2636 pyramidum
1042 2592 1230 2627 crassities.
1257 2593 1287 2626 si
1310 2593 1467 2637 proditor
1485 2593 1615 2626 animus
1632 2602 1754 2644 magno

315 2644 390 2666 cum
412 2634 499 2668 malo
522 2639 581 2669 tuo
602 2641 715 2670 tecum
741 2637 857 2681 vivat,
897 2637 1031 2671 etiamsi
1058 2649 1132 2672 curn
1162 2638 1220 2671 illo
1245 2639 1350 2682 degas
1372 2638 1408 2671 in
1431 2637 1572 2671 castello
1594 2646 1753 2681 quopiam

313 2677 592 2723 inexpugnabili,
628 2681 734 2715 nihilo
756 2687 872 2716 tamen
894 2682 1004 2717 minus
1028 2687 1064 2717 et
1085 2683 1327 2719 munimentum
1353 2683 1435 2717 illud
1464 2682 1688 2728 occupabitur
1717 2686 1754 2715 et

314 2724 396 2758 urbs
421 2726 636 2768 quantumvis
659 2727 828 2761 instructa
850 2728 991 2762 defendi
1013 2740 1081 2762 non
1103 2729 1245 2773 poterit.

403 2769 506 2804 Nunc
532 2771 699 2816 Diogenis
726 2784 825 2806 casus
855 2773 1052 2807 narratione
1081 2773 1345 2818 conplectamur.
1407 2785 1515 2818 grave
1553 2784 1596 2807 ao
1629 2771 1752 2815 ingens

315 2813 479 2858 praelium
498 2815 659 2861 utrinque
679 2819 899 2862 movebatur,
934 2818 1090 2853 nimirum
1112 2819 1203 2853 inter
1223 2819 1395 2853 Romanos
1419 2825 1456 2853 et
1476 2818 1620 2853 Persas:
1646 2817 1751 2850 duces
