1924 3242
346 195 412 240 50
713 187 716 192 ’
739 189 970 235 GEORGII
1001 188 1378 234 AGROPOLITAE

348 296 575 362 Λαμψάκῳ
591 302 707 346 κᾶκεΐ
718 302 890 354 ἐξελθεῖν
915 303 980 345 καὶ
997 299 1205 356 Ῥωμαίοις
1222 304 1440 356 πολεμῆσαι
1458 299 1558 356 μεθ’
1582 295 1636 344 ὧν
1654 296 1766 355 ἴτύχε

231 377 259 411 Ρ
281 375 324 412 25
350 373 494 430 διάγειν
512 372 532 414 ὃ
550 369 738 425 βασιλεύς
771 370 921 426 (ὀλίγοι
941 371 983 412 δὲ
1002 364 1103 424 ἦσαν
1121 365 1242 423 οὗτοι,
1277 371 1356 412 ἐπεὶ
1374 369 1419 411 τὸ
1438 369 1538 411 πολὺ
1554 373 1626 423 τῆς
1640 384 1765 425 στρα-

317 440 322 490 ’,
348 446 436 491 ταῖς
461 443 510 495 τῇ
534 437 644 495 μάχῃ
674 440 739 482 καὶ
766 442 816 495 τῇ
845 437 930 496 ὥρα
957 442 1030 480 τοῦ
1054 443 1247 492 χειμῶνος
1268 437 1609 494 τεταλαιπωρηκὸς
1631 437 1694 478 ἐπὶ
1713 435 1765 478 τὰ

350 509 448 550 οἷ’κοι
470 506 678 563 ἐφέρετο),
704 513 833 563 χωρεῖ’
843 505 942 562 πρὸς
958 505 1028 559 τὴν
1045 505 1310 561 Λάμψακον,
1344 506 1410 547 καὶ
1426 511 1509 555 τοῖς
1527 506 1765 560 τῆςΣιγρη-

350 580 419 628 νῆς
436 575 570 631 μέρεσι
591 574 664 624 τὰς
680 573 825 629 σκηνὰς
838 571 1016 628 πήγνυσι.
1420 591 1422 594 ·

481 642 558 686 29.
627 640 728 683 Τότε
755 643 821 683 καὶ
849 640 967 689 αὐτὸς
984 638 1083 696 πρὸς
1099 643 1178 681 τῶν
1196 638 1339 694 γονέων
1359 638 1401 680 ἔκ
1422 642 1495 692 τῆς
1512 637 1771 680 Κωνσταντί-

349 726 419 751 νου
441 706 663 763 ἀπεστάλην
679 713 735 766 τῷ
748 713 909 762 βασιλεῖ
922 706 1215 761 ἕκκαιὸεκαέτης
1235 705 1289 748 ὢν
1306 708 1372 748 καὶ
1390 709 1459 748 νῦν
1481 708 1552 759 τῆς
1568 703 1769 759 ἐγκυκλίου
1813 708 1816 710 ’

350 777 646 832 ἀπηλλαγμένος
686 775 947 827 παιδεύσεως,
996 774 1044 828 ’ἢν
1071 774 1347 831 γραμματικὴν
1376 770 1708 826 κατονομάζουσιν
1731 769 1771 811 οἱ

348 845 496 886 πολλοί.
563 841 743 896 ἐβούλετο
776 845 821 886 δέ
842 860 911 897 μοι
940 844 1006 884 καὶ
1034 839 1054 882 ὃ
1085 842 1215 898 πατὴρ
1236 840 1371 897 λάθρα
1391 844 1462 895 τῆς
1480 843 1559 881 τῶν
1578 838 1770 881 Λατίνων

349 912 620 965 ἀπολισθῆσαι
641 909 792 967 χειρός·
838 913 1008 966 ἰσχυρῶς
1031 909 1107 966 γὰρ
1136 909 1231 966 παρ’
1263 909 1393 950 αὐτῶν
1419 905 1650 963 ἓκεκράτητο
1680 910 1769 955 ταῖς
1780 910 1823 947 10

346 983 425 1020 τῶν
443 977 712 1032 ἀναλωμάτων
729 979 952 1034 ὃαψιλείαις
969 978 1035 1018 καὶ
1051 983 1138 1026 ταῖς
1154 980 1266 1033 σφῶν
1285 973 1496 1026 δεξιώσεσι,
1525 976 1590 1016 καὶ
1605 973 1651 1015 τὸ
1669 976 1767 1014 πολ-

297 1055 326 1089 Β
350 1046 422 1101 λὴν
441 1045 539 1099 ἔχειν
556 1047 643 1102 περὶ
664 1046 783 1087 αὐτὸν
799 1044 1013 1101 ὑπηρεσίαν
1031 1044 1146 1086 τέκνα
1164 1061 1204 1086 τε
1225 1040 1475 1100 θεράποντάς
1492 1058 1533 1083 τε
1553 1043 1619 1083 καὶ
1638 1043 1768 1096 θερα-

348 1115 531 1163 παινίδας
560 1113 630 1154 οὐκ
661 1113 791 1169 ὀλίγον
824 1114 941 1155 ἐποίει
973 1109 1101 1169 τούτῳ
1126 1112 1171 1153 τὸ
1207 1109 1401 1164 ἐμποδών.
1468 1109 1562 1151 ἀλλ’
1585 1103 1635 1163 ἦν
1659 1107 1769 1165 αὐτῷ

347 1180 449 1223 κατὰ
482 1184 575 1223 νοῦν
608 1185 665 1237 τῷ
691 1179 800 1231 τότε,
834 1179 973 1228 καθὼς
994 1178 1042 1219 ἂν
1065 1178 1144 1234 ἄρα
1170 1177 1373 1231 (δυνάμεως
1394 1177 1530 1230 σχοίη,
1565 1177 1599 1218 εἲ
1625 1173 1768 1229 δεήσει,

345 1250 701 1304 παρακινδυνεῦσαι
723 1247 822 1302 πρὸς
839 1247 910 1300 τὴν
933 1246 1122 1295 ἔξέλευσιν
1146 1247 1211 1287 καὶ
1233 1245 1458 1297 ἄποπλῆσαι
1478 1243 1524 1284 τὸ
1546 1239 1769 1292 σπουδαζό-
1780 1245 1822 1281 15

345 1331 475 1369 μενον.
522 1312 588 1355 διά
609 1330 670 1355 τοι
694 1318 810 1355 τοῦτο
829 1313 930 1366 κάμὲ
947 1312 1046 1367 πρὸς
1063 1312 1131 1353 τὸν
1153 1315 1373 1368 κρατοῦντα
1387 1309 1658 1367 προπέπομφε.
1704 1325 1776 1355 aea-v

347 1380 495 1424 κώλυκε
517 1382 559 1422 δὲ
575 1385 715 1423 τοῦτον
732 1378 847 1430 νόσος
866 1384 1031 1435 βαρεῒα’
1065 1378 1240 1434 ἡμιθνὴς
1267 1379 1343 1434 γὰρ
1374 1377 1513 1431 σχεδὸν
1535 1379 1603 1419 καὶ
1625 1375 1771 1431 ἧμίξη-

347 1466 417 1506 ρος
446 1446 632 1504 γεγονώς,
668 1449 755 1504 περὶ
787 1446 857 1488 δύο
888 1463 963 1488 που
990 1445 1055 1500 ἔτη
1083 1451 1133 1503 τῇ
1159 1448 1268 1502 κλίνῃ
1293 1444 1770 1502 προσπεπατταλευμένος,

345 1516 505 1558 ἀπέλιπε
527 1519 599 1558 τοῦ
618 1517 709 1569 βίον
719 1547 732 1567 ,
767 1514 886 1564 αὐτὸς
904 1515 947 1556 δὲ
964 1514 1250 1571 ἓναπελείφθην
1269 1520 1350 1563 τοῖς
1364 1510 1594 1569 ἀνακτόροις
1611 1525 1769 1568 προμη-6

344 1585 462 1633 θείας
482 1587 691 1638 βασιλικῆς
713 1581 952 1636 ἀξιούμενος.
1777 1584 1823 1619 20

294 1660 324 1695 C
478 1650 556 1695 30.
615 1649 687 1700 Ὡς
706 1654 801 1705 γοῦν
825 1649 993 1706 ἔφημεν,
1023 1646 1259 1701 καταλαβὼν
1283 1644 1303 1688 ὅ
1329 1645 1401 1703 ῥὴξ
1415 1642 1620 1700 Ἰωάννης,
1654 1642 1676 1686 ὅ
1700 1645 1768 1686 καὶ

343 1717 531 1770 βασιλεὺς
553 1715 1004 1765 Κωνσταντινουπόλεως
1023 1713 1284 1771 φημιζόμενος
1294 1745 1306 1765 ,
1331 1713 1403 1767 τὴν
1419 1710 1659 1766 Λάμψακον
1679 1713 1768 1768 περὶ

343 1783 412 1826 τὸν
442 1783 544 1826 οὕτω
572 1800 656 1834 πως
687 1782 971 1837 ὀνομαζόμενον
990 1780 1110 1824 τόπον
1125 1780 1267 1824 Ὁλκόν
1287 1780 1360 1830 τὰς
1381 1784 1478 1834 νῆας
1497 1777 1639 1821 τούτου
1658 1782 1766 1820 καθ-

1775 574 1797 609 ⁵

433 1878 458 1912 4
479 1878 590 1921 χωρεῖ
616 1874 731 1917 αὐτὸς
761 1874 855 1920 πρὸς
886 1876 918 1910 D
1095 1874 1157 1910 καὶ
1184 1871 1286 1918 παρὰ
1322 1871 1391 1930 τὴν
1422 1872 1596 1930 Σιχρινῇν
1630 1871 1700 1929 fcit,-
1726 1872 1765 1928 ¹l)

433 1924 456 1957 6
482 1920 575 1957 Τότε
597 1941 643 1947 -—-
667 1924 711 1957 21
735 1920 870 1965 ἔφημεν
888 1932 941 1955 om
960 1921 991 1954 D
1136 1921 1180 1955 21
1202 1919 1419 1965 καταλαβων
1449 1931 1517 1954 ουν
1549 1931 1570 1953 ο
1601 1916 1669 1963 ῥηξ
1696 1928 1766 1961 την

433 1965 658 2012 Λάμψακον,
682 1966 764 2011 περὶ
780 1965 849 2011 τὴν
866 1962 993 2001 Ὁλκόν
1009 1964 1077 2006 τὰς
1093 1965 1133 2000 D.
1747 1999 1749 2002 ,

345 2044 442 2088 Cpoli
469 2044 584 2088 egredi
607 2055 647 2078 eo
676 2043 782 2077 animo
807 2047 844 2077 ut
866 2043 1084 2088 Lampsacum
1103 2042 1285 2088 appelleret
1298 2042 1409 2086 ibique
1422 2041 1580 2076 adversus
1597 2040 1766 2074 Romanos

346 2089 562 2132 confligeret,
585 2099 658 2122 cum
683 2089 732 2122 his
757 2099 840 2133 quos
865 2099 975 2123 secum
989 2088 1136 2122 habebat
1149 2088 1330 2132 imperator
1345 2086 1515 2121 admodum
1529 2096 1654 2130 paucos
1676 2087 1767 2130 (po-

344 2133 471 2167 tissima
494 2145 634 2178 namque
658 2134 821 2168 exercitus
840 2144 917 2178 pars
933 2134 1056 2178 proelio
1072 2145 1113 2167 ac
1127 2137 1325 2178 tempestate
1343 2132 1479 2166 hiberna
1495 2131 1621 2165 afflicta
1635 2131 1765 2165 domum

344 2179 577 2222 remeaverat)
600 2180 812 2223 Lampsacum
829 2179 913 2222 petit
926 2183 960 2212 et
974 2179 1060 2223 apud
1076 2178 1248 2221 Sigrenem
1264 2181 1373 2210 castra
1389 2179 1542 2210 metatur.

432 2224 487 2257 29.
533 2224 631 2257 Tunc
655 2224 811 2268 temporis
826 2227 861 2257 et
875 2223 948 2267 ipse
963 2235 983 2257 a
999 2223 1191 2268 parentibus
1206 2221 1356 2255 undecim
1370 2231 1472 2254 annos
1485 2225 1582 2254 natus
1597 2222 1632 2254 et
1647 2231 1767 2257 exen-

345 2266 471 2311 cyclia,
494 2277 590 2310 quam
611 2269 731 2311 vulgus
753 2268 996 2311 grammaticam
1010 2270 1128 2307 vocat,
1149 2267 1319 2301 literatura
1333 2266 1513 2300 instructus
1529 2266 1573 2299 ad
1585 2266 1766 2311 imperato-

343 2322 414 2344 rem
429 2311 553 2345 mittor.
570 2325 576 2330 <
592 2316 689 2356 pater
703 2313 800 2345 etiam
817 2324 836 2345 e
851 2313 1041 2346 Latinorum
1056 2312 1204 2346 manibus
1219 2323 1254 2345 se
1269 2310 1433 2355 surripere
1450 2310 1662 2355 decreverat,
1686 2310 1766 2345 licet

344 2357 387 2389 ab
413 2356 478 2390 illis
505 2359 540 2389 et
562 2357 761 2401 sumptuosis
791 2356 945 2400 impensis
961 2362 996 2390 et
1010 2357 1127 2390 officiis
1145 2360 1181 2390 et
1195 2355 1364 2389 beneficiis
1375 2381 1386 2397 ‚
1412 2355 1531 2400 quibus
1544 2366 1618 2389 eum
1635 2355 1765 2400 prolixe

344 2401 517 2434 admodum
530 2402 833 2445 prosequebantur,
857 2401 1081 2444 detineretur,
1104 2412 1146 2434 ne
1159 2401 1235 2434 leve
1253 2405 1342 2434 esset
1356 2400 1557 2434 domesticae
1570 2400 1764 2445 supellecti-

343 2445 384 2478 lis
398 2445 596 2491 amplitudo,
618 2446 678 2479 filii
693 2445 805 2479 famuli
818 2445 1028 2490 famulaeque
1040 2445 1326 2490 impedimentum:
1358 2445 1392 2479 in
1411 2456 1452 2479 ca
1466 2445 1670 2480 nihilominus
1684 2456 1763 2490 per-

343 2490 451 2524 stabat
474 2490 654 2533 sententia,
678 2490 707 2524 si
732 2490 861 2534 quando
878 2491 1021 2523 facultas
1036 2493 1126 2524 esset
1137 2515 1148 2531 ,
1170 2490 1268 2524 etiam
1280 2489 1369 2523 vires
1385 2495 1573 2525 exerturum
1589 2496 1624 2525 et
1638 2491 1763 2526 exitum

341 2538 543 2569 tentaturum
559 2539 593 2569 et
608 2541 769 2580 concepta
784 2538 865 2568 vota
880 2535 1062 2576 obiturum,
1092 2535 1235 2578 ideoque
1249 2546 1300 2568 me
1316 2535 1358 2568 ad
1374 2535 1603 2580 imperatorem
1618 2537 1764 2582 praemi-

340 2583 441 2613 serat.
471 2580 530 2613 sed
545 2581 678 2614 morbus
693 2580 807 2624 gravis
827 2583 962 2613 conatus
978 2579 1173 2623 intercepit:
1197 2590 1334 2623 namque
1350 2591 1434 2624 pene
1450 2580 1627 2615 semivivus
1642 2585 1677 2615 et
1691 2583 1762 2615 me-

341 2623 398 2658 dia
412 2624 464 2658 sui
477 2629 574 2670 parte
589 2626 661 2659 sere
679 2625 863 2666 exiccatus,
886 2635 1054 2668 annosque
1077 2623 1209 2657 circiter
1227 2624 1310 2658 duos
1326 2625 1413 2659 lecto
1429 2626 1603 2668 detentus,
1627 2627 1759 2661 tandem

341 2669 444 2747 {itiam
474 2670 592 2704 amisit.
637 2670 710 2716 ipse
739 2681 820 2704 vero
850 2669 885 2703 in
912 2669 989 2704 aula
1019 2668 1230 2714 imperatorio
1261 2674 1392 2714 sumptu
1420 2671 1616 2706 necessariis
1643 2671 1761 2718 provi-

365 2725 382 2747 e
407 2725 455 2748 ar.

428 2760 483 2794 30.
528 2759 603 2794 Rex
628 2759 713 2794 enim
736 2760 895 2797 Ioannes,
918 2762 956 2793 ut
969 2757 1091 2793 dictum
1105 2762 1178 2800 est,
1204 2759 1261 2804 qui
1277 2759 1356 2793 item
1373 2760 1567 2805 Cpolitanus
1580 2761 1758 2806 imperator

338 2804 599 2849 acclamabatur,
627 2805 845 2851 Lampsacum
873 2804 1031 2852 appulsus
1052 2804 1087 2839 in
1110 2805 1218 2840 locum
1243 2805 1384 2842 Holcum
1403 2805 1528 2840 dictum
1551 2816 1652 2841 naves
1678 2815 1758 2840 suas
