1872 3236
328 171 423 219 158
642 244 646 248 ⁵
710 175 1084 225 CONSTANTINI
1125 180 1243 225 MAN
1244 182 1388 226 ASSIS

455 281 505 341 ἦν
530 286 574 328 δὲ
596 288 985 344 στρατηγικώτατος,
1021 291 1208 348 ἄλκιμος,
1242 297 1469 350 armotiam,

455 353 618 409 ὁπλίτης
635 357 947 415 καρτερώτατος,
982 358 1150 418 ὀξύχειρ,
1183 363 1431 421 βριαρόχε-ιρ.

453 422 543 465 υἱὸν
566 424 611 465 δὲ
627 424 735 478 σχὼν
751 426 824 468 οὒκ
843 427 961 484 ἀγενῆ
981 429 1159 484 τοῦνομα
1179 433 1496 484 Κωνσταντῖνον,

265 498 296 532 C
454 491 609 547 ἐπείπερ
631 490 656 547 ἦ
677 495 895 547 βασίλισσα
919 499 1106 540 κατέλυσε
1127 498 1197 541 τὸν
1215 501 1319 552 βιόν,

317 561 430 602 3670
453 561 673 615 Maeotim»
696 562 1006 620 προσηρμόσατο
1027 566 1128 622 πρὸς
1147 567 1285 620 λέχους
1306 569 1532 610 κοινωνίαν·

449 622 500 681 ἦν
525 627 568 669 δὲ
587 630 783 685 ΖΙῙαρτίνα
801 636 967 685 βασιλεῖ
981 633 1188 689 μητρόθεν
1207 634 1466 692 ἀδελφόπαις,

450 696 492 745 ἓξ
512 690 559 749 ἧς
578 696 665 747 υἱὸς
680 696 945 754 (ΓῙρακλωνᾶς
967 701 1122 756 γέγονεν
1141 700 1382 760 ἹΙρακλείῳ.

452 763 496 814 ὃς
515 762 681 822 ὕστερον
704 766 926 822 ἀπατηθεὶς
949 767 1182 825 ἀνθρώποις
1207 769 1469 827 κακοτρόποις

449 839 532 882 τοῖς
556 832 752 889 δόγμασιν
771 834 950 890 ὖπέκυψε
972 839 1037 878 καὶ
1061 846 1148 887 ταῖς
1172 840 1502 894 σῙρενοβλαβειάις

314 900 423 942 3675
449 906 527 943 τῶν
547 902 589 942 ἓν
608 903 778 959 ,Χριστῷ
801 903 872 957 τὴν
897 905 1063 959 θ’ἔλησιν
1085 907 1181 958 μίαν
1204 905 1536 963 ([λυαρησάντων.

470 994 473 999 ·
517 967 618 1011 Τότε
639 969 831 1026 Χοσρόης
848 969 868 1012 ὁ
892 975 1066 1029 Περσῶν
1084 972 1310 1030 ὗπι-’ραυχος
1330 973 1548 1029 δυνάστης,

447 1036 519 1090 τὴν
541 1042 674 1080 πᾶσαν
693 1038 929 1093 ληϊσάμενος
945 1040 1079 1083 Ἀσίαν
1098 1044 1164 1083 καὶ
1189 1041 1421 1093 σκυλεύσας,

446 1105 521 1154 ἕως
544 1106 667 1160 αὐτῆς
688 1111 759 1161 τῆς
778 1107 959 1158 εὖκλᾱοῦς
979 1109 1103 1163 ἤλασε
1125 1112 1384 1161 Βυζαντίδος,

442 1171 651 1230 ὗπὲροφρυ
674 1174 719 1216 τὸ
739 1174 968 1231 στράτευμα
992 1179 1058 1218 καὶ
1083 1176 1487 1235 σι)βαρόφρον’ἄγο)ν,

308 1242 418 1284 3680
442 1240 726 1298 κατάφρακτον
746 1251 829 1293 τοῖς
849 1243 1032 1301 θώραξι,
1065 1246 1217 1302 βρέμον
1241 1248 1281 1287 ἓν
1300 1247 1561 1295 τοξουλκιάις,

445 1309 747 1366 ὁορατοᾳόρους
764 1311 983 1365 αι’χμητάς,
1019 1311 1251 1366 δυσμάχους
1270 1310 1558 1370 λογχοφόρους,

248 1379 280 1413 D
441 1379 508 1418 καὶ
531 1378 641 1432 γένος
663 1382 742 1419 πᾶν
764 1378 921 1434 ἀρεΐκὸν
945 1380 988 1421 ἐκ
1017 1378 1186 1434 Μήδων,
1223 1382 1266 1422 ἐκ
1288 1382 1526 1432 Χαλδαίων,

441 1446 482 1495 ἔξ
498 1445 732 1500 Ἀσσυρίων,
768 1446 811 1487 ἔκ
828 1448 1016 1503 Περσῶν,
1051 1449 1292 1505 Βακτρίους,
1326 1449 1612 1505 Παρθυαίους,

434 1513 791 1569 χρυσεοπήληκας,
827 1512 981 1571 ἁβρούς
990 1547 1004 1567 ,
1040 1514 1193 1565 πάντας
1214 1515 1559 1573 φαρετροφόρους,
1607 1542 1609 1544 -

262 1575 265 1578 ³
303 1579 412 1622 3685
436 1580 790 1638 μυκτηροκόμποις
810 1584 1036 1639 βρέμοντας
1052 1585 1190 1633 ἵπποις
1214 1582 1556 1642 χρυσοφαλάροις.

436 1647 492 1699 ὥς
512 1644 582 1691 οὖν
604 1647 712 1707 ἑώρα
735 1651 928 1704 βασιλεὺς
949 1651 1154 1713 ἀμήχαιόν
1177 1655 1379 1705 συμμῖξαι

467 1716 628 1774 ὀσρόου
647 1725 730 1768 τοῖς
751 1717 1044 1774 στρατεύμασιν
1065 1718 1183 1776 (ὑπὲρ
1207 1720 1285 1776 γὰρ
1309 1717 1483 1774 ψάμμον
1502 1714 1641 1776 ἦσαν),

434 1784 673 1838 βουλεύεταί
690 1804 727 1829 τι
749 1787 964 1844 δραστικὸν
983 1789 1048 1829 καὶ
1067 1791 1215 1844 πλῆρες
1237 1787 1451 1843 ἀγχινοίας.

390 1904 482 1939 3669
504 1901 674 1938 κατέλιπε
695 1904 735 1938 Μ
915 1905 1008 1940 3670
1029 1902 1148 1948 γάμου
1174 1905 1208 1938 R
1388 1906 1479 1940 3676
1499 1901 1709 1950 ὖπέρμαχος
1722 1907 1757 1941 R

391 1950 482 1985 3678
505 1949 692 1995 βασιλίδος
709 1951 742 1984 R
831 1951 924 1986 3682
940 1950 1003 1985 καὶ
1025 1949 1171 1996 Μήδων
1193 1949 1256 1985 καὶ
1273 1951 1308 1986 R
1396 1951 1488 1987 3686
1505 1950 1702 1996 ἀμηχανῶν
1717 1952 1755 1986 Μ

301 2052 387 2087 viris
411 2052 590 2097 amplaque
614 2053 755 2086 fortuna
775 2052 994 2087 florentibus.
1041 2053 1095 2087 rei
1113 2052 1270 2087 militaris
1293 2052 1523 2098 peritissimus
1545 2058 1641 2098 erat,
1679 2055 1753 2089 for-

301 2099 367 2141 tis,
404 2098 542 2132 leonino
566 2098 743 2143 praeditus
769 2098 901 2143 animo,
925 2099 1081 2133 laborum
1102 2099 1409 2142 tolerantissimus,
1441 2110 1541 2133 manu
1562 2106 1754 2145 promptus,
1777 2137 1780 2139 Α

297 2145 476 2178 robustus.
524 2144 787 2178 Constantinum
827 2145 935 2179 filium
973 2144 1112 2179 minime
1151 2146 1357 2188 degenerem
1387 2156 1430 2178 ex
1465 2145 1612 2189 coniuge
1643 2146 1755 2191 prima

299 2189 475 2232 suscepit,
511 2200 579 2233 qua
599 2192 704 2223 rebus
729 2190 884 2224 humanis
907 2197 1066 2235 exempta
1088 2190 1271 2224 Martinam
1289 2191 1333 2224 ad
1353 2189 1447 2223 vitae
1469 2190 1671 2224 societatem
1689 2192 1752 2225 ad-

298 2234 417 2268 scivit.
467 2241 542 2268 erat
569 2235 656 2268 haec
678 2235 880 2281 imperatori
905 2249 949 2270 ex
972 2236 1139 2270 avunculo
1162 2235 1386 2278 consobrina,
1420 2236 1464 2269 de
1486 2247 1553 2280 qua
1574 2242 1674 2270 natus
1698 2242 1754 2270 est

295 2280 331 2313 ei
362 2279 453 2313 filius
486 2280 714 2314 Heraclonas.
763 2282 946 2316 Heraclius
978 2282 1055 2326 ipse
1086 2282 1250 2325 deinceps
1280 2282 1322 2314 ab
1355 2280 1548 2314 hominibus
1583 2281 1752 2326 improbis

294 2325 548 2359 circumventus
582 2337 699 2359 eorum
732 2327 882 2361 decretis
913 2333 949 2361 et
982 2327 1159 2361 erroribus
1191 2337 1352 2360 assensus
1386 2330 1459 2370 est,
1493 2325 1553 2370 qui
1585 2338 1686 2360 unam
1714 2327 1752 2361 in

294 2371 436 2405 Christo
458 2370 670 2404 voluntatem
695 2383 771 2405 esse
796 2373 916 2416 nugati
939 2378 1032 2407 sunt.

385 2417 426 2450 Id
449 2417 615 2460 temporis
642 2416 816 2451 Chosroes
840 2417 1142 2462 arrogantissimus
1165 2428 1228 2450 rex
1250 2415 1453 2460 Persarum,
1489 2415 1573 2452 Asia
1596 2421 1672 2453 tota
1694 2418 1749 2453 di-

292 2466 394 2507 repta
418 2462 647 2506 spoliataque,
669 2463 833 2507 pervenit
856 2465 899 2497 ad
922 2464 1034 2508 ipsum
1059 2474 1168 2507 usque
1191 2461 1415 2505 Byzantium,
1441 2463 1558 2507 copias
1582 2475 1666 2498 sane
1690 2475 1749 2498 su—

290 2508 419 2553 perbas
445 2513 480 2541 et
503 2508 690 2542 insolentes
716 2519 829 2542 secum
854 2510 995 2553 ducens,
1020 2509 1176 2542 nimirum
1197 2507 1370 2549 loricatos,
1394 2508 1606 2552 sagittarios,
1631 2509 1749 2544 hasta-

290 2558 347 2587 tos
372 2552 527 2597 aliosque
550 2554 726 2598 pugnandi
749 2554 903 2599 peritos,
928 2556 970 2588 de
996 2554 1119 2599 quavis
1143 2553 1283 2587 natione
1307 2552 1472 2587 bellicosa
1495 2554 1678 2599 collectos,
1704 2555 1748 2589 de

290 2598 428 2642 Medis,
456 2598 662 2643 Chaldaeis,
686 2600 861 2643 Assyriis,
888 2600 1019 2643 Persis,
1042 2598 1250 2642 Bactrianis,
1273 2597 1435 2640 Parthis3
1460 2600 1520 2643 qui
1544 2611 1660 2634 omnes
1682 2611 1745 2644 ga-

290 2643 356 2678 leis
386 2645 572 2678 utebantur
604 2646 740 2689 aureis,
778 2645 955 2690 eleganter
977 2645 1161 2687 instructi,
1195 2644 1369 2688 pharetris
1393 2645 1534 2689 muniti,
1566 2645 1746 2689 generosis

292 2689 392 2735 equis
415 2689 626 2734 insidentes,
663 2702 748 2735 quos
772 2703 897 2725 aureae
920 2691 1082 2736 phalerae
1107 2690 1350 2734 contegebant.
1399 2701 1474 2724 cum
1502 2702 1586 2735 ergo
1610 2691 1748 2725 videret

291 2735 482 2780 imperator
514 2735 591 2769 fieri
625 2737 715 2770 nullo
740 2739 840 2771 modo
863 2749 967 2782 posse
991 2742 1030 2781 ut
1050 2735 1217 2781 praelium
1241 2746 1317 2768 cum
1340 2736 1552 2770 exercitibus
1580 2736 1746 2770 Chosrois

293 2781 575 2825 committeretur,
601 2782 661 2827 qui
684 2788 814 2817 tantum
835 2795 904 2817 non
927 2793 1065 2816 arenam
1088 2780 1305 2815 multitudine
1322 2783 1544 2826 superabant,
1569 2780 1746 2816 consilium

295 2827 420 2863 efficax
442 2833 478 2863 et
499 2828 700 2874 sagacitatis
726 2829 864 2876 plenum
887 2829 992 2875 capit.
1040 2827 1170 2873 virgini
1200 2826 1339 2873 quidem
1368 2827 1427 2863 dei
1455 2827 1557 2863 matri
1577 2826 1745 2874 Byzanti-
