1858 3236
517 202 893 253 COMPENDIUM
933 206 1285 254 ennomcum.
1577 208 1641 254 83

183 318 294 364 1895
308 316 458 378 -ὅρκοις
477 315 600 362 αῧτὸν
619 321 872 374 καταδεσμεῖ
880 321 1022 376 μηκέτι
1046 326 1165 366 τοῦτο
1186 324 1338 380 πρᾶξαι

313 386 420 444 μηδ’
439 386 669 446 ἀλλοτρίαις
681 393 754 432 τοῦ
772 392 914 432 λοιποῦ
937 395 1269 448 καταχρανθῆναι
1287 391 1454 443 κοίταις.

378 449 510 506 Οὗτος
529 456 656 499 πολὺν
671 462 730 515 τῷ
751 458 931 515 Καίσαρι
951 460 1246 516 συνδιατριξινας
1259 457 1422 517 χρόνον,

313 524 382 567 καὶ
400 524 558 579 μέλλων
575 523 905 569 ἀπαλλάττεσθαι
922 525 1026 584 πρὸς
1048 525 1121 581 τὴν
1138 528 1412 583 ἐνεγκαμένην,

315 592 472 650 ἐπείπερ
492 591 571 636 εἶδε
591 595 784 652 Καίσαρα
804 593 1002 652 δύσοργον
1020 596 1087 637 καὶ
1104 592 1284 653 θυμώδη

179 661 291 703 1900
310 661 378 703 καὶ
399 659 539 717 τάχιον
559 663 780 720 ἐκφέροντα
796 663 871 714 τὰς
891 662 1140 717 κολαζούσας
1159 660 1343 720 ψήφους,

311 730 465 784 ’ταχέως
481 731 527 778 δὲ
545 731 619 786 τὴν
637 737 710 774 τοῦ
727 735 870 786 θυμοῦ
885 732 1085 789 πυρκαϊὰν
1103 730 1322 785 σβεννύντα

309 799 378 840 καὶ
394 797 569 856 τρόπους
585 802 883 854 μεταπίπτοντα
903 800 1006 858 πρὸς
1025 801 1450 859 φιλανθρωποτέρους,

309 865 451 921 κύψας
469 867 595 910 αὐτοῦ
612 868 715 926 πρὸς
732 868 858 920 ἀκοὰς
877 866 932 920 ὥς
951 869 1002 924 δὴ
1020 866 1310 926 καταφιλήσων

304 929 368 977 “ὦ
387 935 574 993 Καῖσαρ”
596 935 675 995 ἔφη
689 935 912 992 “σεβαστε’,
938 936 1058 980 τοῦτό
1077 954 1142 980 σοι
1164 938 1286 979 λείπει
1302 935 1451 992 μόνον·

173 1003 283 1047 1905
306 1003 366 1058 μὴ
384 1005 480 1062 πρὶν
496 1005 571 1055 τὰς
586 1005 758 1063 ψήφους
772 1005 916 1064 ἔκφερε
932 1007 1026 1064 πρὶν
1043 1007 1084 1048 ἓν
1102 1009 1240 1064 σαυτῷ
1260 1005 1440 1063 λαλήσῃς

306 1071 377 1115 τὸν
398 1077 478 1116 τῶν
495 1073 746 1130 γραμμάτων
762 1075 944 1133 ἀριθμὸν
963 1079 1043 1118 τῶν
1067 1074 1190 1118 εἰκοσι
1206 1073 1451 1133 τεσσάρων.”

307 1137 330 1183 ὅ
351 1141 397 1183 δὲ
415 1139 608 1193 στενάξας
622 1141 774 1197 βύθιον
795 1145 863 1186 καὶ
881 1144 984 1202 πρὸς
1005 1144 1150 1185 ἐκεῖνον
1165 1143 1328 1198 βλέψας

299 1205 388 1252 “ἒ’τι
407 1227 483 1253 σου
495 1208 637 1267 χρῄζω
657 1216 729 1267 τῆς
750 1212 897 1267 ›taliis-²²
920 1212 998 1270 ἔφη
1013 1210 1334 1268 ((παιδαγωγίας.

307 1279 375 1320 καὶ
393 1277 514 1322 πάλιν
534 1279 601 1322 ἔσο
623 1281 698 1323 σὺν
715 1282 828 1335 ἐμοί,
855 1283 921 1323 καὶ
936 1279 1070 1335 Ῥώμη
1091 1297 1135 1324 σε
1157 1279 1360 1331 καθέξει.ῃ

171 1347 283 1389 1910
355 1341 487 1398 Οὗτος
507 1344 528 1390 ὅ
549 1349 715 1407 Καῖσαρ
736 1348 883 1404 ’ἤλαυνε
900 1350 996 1399 τοὺς
1011 1349 1350 1406 μετεωρολέσχας,

305 1413 459 1470 μόνους
471 1418 670 1459 κυδαίνων
689 1418 786 1468 τοὺς
802 1418 957 1475 σοφοὺς
974 1425 1109 1471 τιμαῖς
1125 1424 1214 1467 ταῖς
1230 1415 1546 1475 προσηκούσαις.

304 1489 497 1527 τοσοῦτον
517 1485 562 1527 δὲ
579 1486 774 1543 πεφίλητο
796 1486 909 1543 παρὰ
930 1491 1010 1528 τῶν
1032 1483 1234 1540 ὑπηκόων,

305 1551 409 1595 ὥστε
427 1551 498 1595 τὸν
514 1554 605 1607 βίον
620 1555 810 1597 ἐκλείπειν
826 1555 985 1609 μέλλων
1003 1553 1105 1612 ἀνὴρ
1123 1551 1321 1608 Ῥωμαῖος

305 1621 499 1679 ἐπέτρεψε
521 1628 606 1672 τοῖς
624 1620 770 1665 ἑαυτοῦ
793 1624 906 1666 παισὶ
931 1624 999 1666 καὶ
1022 1621 1229 1677 διαδόχοις

168 1689 278 1732 1915
288 1691 580 1748 χαριστηρίους
597 1697 681 1741 τοῖς
698 1695 814 1742 θεοῖς
833 1698 1108 1749 προσενεγκεῖν
1128 1693 1291 1742 θυσίας,
1350 1747 1354 1750 ²

303 1758 387 1811 ὅτι,
423 1760 548 1816 φησί,
581 1759 652 1802 τὸν
678 1760 877 1815 σεβαστὸν
898 1754 1026 1812 ζῶντα
1046 1758 1349 1813 καταλιμπάνω.

363 1825 447 1879 ‘525-
465 1829 510 1871 δὲ
530 1829 598 1871 καὶ
616 1829 783 1887 Καῖσαρ
802 1827 962 1883 ἔμελλεν
981 1828 1166 1885 ἀπαίρειν
1183 1833 1265 1871 τῶν
1287 1825 1450 1879 ἐνθάδε,

256 1945 348 1981 1903
380 1941 433 1986 οἷς
459 1945 530 1992 δὴ]
568 1946 688 1992 δῆθεν
721 1947 757 1983 R
919 1947 1007 1983 1905
1039 1942 1166 1994 ταύτῷ
1203 1946 1234 1981 Α
1395 1947 1485 1982 1909
1510 1942 1572 1994 ἔσῃ
1599 1949 1630 1981 Α

255 1992 347 2028 1915
367 1989 572 2039 ἐπενεγκεῖν
587 1994 624 2030 R

160 2094 388 2131 sacrmentis
407 2101 521 2135 semet
542 2096 750 2143 obstringit,
771 2096 898 2144 quibus
919 2095 1006 2132 nihil
1029 2095 1200 2132 eiusmodi
1214 2109 1253 2132 se
1279 2096 1446 2143 deinceps
1470 2095 1628 2131 commis-

161 2153 279 2177 surum
294 2142 545 2188 pollicebatur,
569 2156 634 2178 nec
655 2151 752 2179 toros
773 2144 905 2179 alienos
921 2143 1066 2189 amplius
1087 2144 1410 2178 contaminaturum.

254 2189 341 2223 Cum
356 2195 471 2224 autem
491 2189 596 2235 longo
611 2198 768 2236 tempore
783 2190 932 2224 vixisset
946 2191 1037 2235 apud
1055 2190 1241 2224 Caesarem
1254 2190 1516 2233 Athenodorus,
1541 2188 1628 2222 iam-

161 2245 231 2280 que
244 2246 453 2270 reversurus
467 2235 505 2270 in
520 2236 667 2282 patriam
685 2242 797 2280 esset,
822 2237 903 2281 quia
919 2236 1082 2270 Caesaris
1097 2236 1309 2270 iracundiam
1325 2235 1499 2281 bilemque
1515 2239 1629 2278 norat,

158 2281 322 2327 quodque
339 2281 501 2316 celeriter
515 2284 696 2317 admodum
711 2282 903 2317 sententias
927 2282 1092 2327 poenales
1115 2283 1227 2316 ferret
1242 2294 1283 2316 ac
1297 2281 1451 2316 vicissim
1474 2281 1629 2315 extincto

158 2326 362 2362 iracundiae
390 2339 477 2372 rogo
504 2330 548 2363 ad
579 2341 693 2363 mores
725 2329 945 2362 humaniores
964 2328 1117 2372 rediret,
1145 2329 1283 2362 admoto
1303 2327 1378 2363 eius
1397 2327 1544 2374 ‘auribus
1568 2339 1629 2361 ca-

159 2372 235 2418 pite
249 2378 413 2418 tanquam
427 2373 540 2419 ipsum
556 2375 818 2410 deosculaturus
835 2376 1017 2418 “Auguste
1041 2375 1198 2409 Caesar“
1213 2373 1329 2419 inquit
1340 2399 1350 2417 ‚
1374 2375 1502 2407 “unum
1525 2374 1627 2407 modo

159 2417 228 2453 tibi
241 2419 354 2454 deest.
402 2431 488 2454 cave
506 2421 604 2466 prius
628 2421 820 2455 sententias
846 2420 968 2455 tuleris
982 2447 992 2464 ,
1017 2432 1119 2474 quam
1142 2420 1190 2454 24
1208 2420 1386 2454 literarum
1411 2419 1548 2453 nomina
1570 2425 1627 2453 te-

160 2474 237 2498 cum
251 2463 329 2510 ipse
350 2466 598 2501 recitaveris.“
644 2471 715 2501 tum
731 2467 789 2502 ille
807 2467 938 2511 gemitu
961 2478 1005 2500 ex
1027 2478 1094 2500 nno
1121 2467 1226 2500 corde
1248 2467 1352 2500 ducto
1367 2466 1628 2500 Athenodorum

159 2509 306 2545 intuitus
333 2512 496 2546 “adhuc“
537 2513 607 2557 ait,
636 2514 742 2547 “tuae
774 2513 974 2559 praeclarae
1004 2512 1235 2547 institutionis
1263 2522 1365 2556 egeo·
1413 2517 1629 2557 quapropter

161 2554 305 2601 amplius
327 2569 348 2591 a
374 2559 420 2592 ud
441 2570 495 2592 me
517 2559 584 2593 tibi
599 2558 786 2594 vivendum
801 2560 1003 2604 Romaeque
1023 2559 1235 2593 haerendum
1258 2558 1366 2593 erit.“

251 2601 322 2636 Hic
368 2615 469 2639 aesar
484 2617 544 2639 eos
560 2606 750 2650 profligans
771 2611 808 2639 et
823 2605 967 2638 eiiciens
991 2605 1051 2650 qui
1073 2606 1118 2639 de
1137 2606 1242 2639 rebus
1267 2603 1470 2638 sublimibus
1487 2608 1524 2638 et
1545 2615 1626 2638 cae-

160 2645 306 2682 lestibus
330 2656 536 2695 arroganter
553 2658 749 2696 nugantur,
781 2650 874 2686 solos
898 2651 993 2685 viros
1017 2651 1195 2696 sapientes
1226 2662 1267 2684 ac
1290 2651 1412 2684 doctos
1437 2650 1627 2684 honoribus

160 2692 352 2729 afficiebat.
397 2700 468 2730 tem
495 2708 595 2731 carus
618 2703 732 2731 autem
750 2697 899 2732 subditis
929 2703 1023 2741 erat,
1057 2703 1096 2731 ut
1118 2697 1293 2731 Romanus
1323 2695 1461 2741 quidam
1490 2696 1526 2729 in
1554 2697 1629 2729 fata

161 2749 390 2774 concessurus
411 2741 532 2777 liberis
562 2743 635 2777 suis
665 2748 770 2789 atque
795 2743 947 2789 posteris
975 2744 1157 2777 mandaret
1187 2748 1226 2776 ut
1258 2742 1448 2786 gratiarum
1478 2741 1626 2775 actionis

161 2795 249 2867 αξξ
263 2785 437 2822 sacrificia
455 2788 523 2823 diis
546 2790 735 2835 offerrent,
758 2791 852 2836 quod
868 2789 1019 2824 moriens
1043 2790 1235 2834 Augustum
1258 2787 1462 2822 incolumem
1483 2792 1564 2832 post
1587 2798 1627 2819 se

157 2841 198 2867 re
276 2837 389 2866 neret.

285 2888 386 2914 &esar
401 2877 480 2925 ipse
503 2880 548 2918 de
565 2880 643 2919 vita
664 2882 875 2928 migraturus
893 2879 1113 2919 adstantibus
1127 2879 1197 2917 sibi
1215 2879 1413 2917 consulibus
1439 2884 1474 2914 et
1492 2876 1627 2924 plebeis
