1924 3242
342 186 434 236 114
726 186 959 232 GEORGII
986 186 1366 231 ACRO'POLITAE

337 318 409 357 νην
435 299 536 358 πρὸς
564 301 636 342 τοῦ
661 298 858 353 βασιλέως
873 296 1057 340 Ἰωάννου
1078 296 1215 355 χώραν
1237 298 1280 341 ἐκ
1300 294 1543 355 Βουλγᾶρων
1569 297 1636 340 καὶ
1655 297 1706 340 τὰ
1726 295 1769 340 ἓν

291 381 321 415 Β
345 368 498 418 τούτοις
526 367 626 421 ἄστη
655 367 755 423 πρὸς
774 367 1051 423 Βουλγαρικὴν
1069 367 1194 423 ἀρχὴν
1215 368 1281 408 καὶ
1306 361 1424 416 αὖθις
1441 366 1770 408 ἀνακαλέσασθαι

342 441 476 491 (τοῦτο
501 435 578 490 γὰρ
607 435 649 475 ἐκ
675 438 835 491 μακροῦ
861 442 944 484 τοῖς
963 433 1209 490 Βουλγάροις
1235 434 1413 487 ὥδίνετο)
1436 435 1501 476 καὶ
1527 433 1595 475 τὸν
1616 431 1767 489 καιρόν,

339 503 392 552 ὡς
414 501 559 552 ἐδόκει,
607 502 778 544 κατιδὼν
812 501 1046 556 ἐπιτήδειον,
1093 501 1316 558 ἐξορμήσας
1347 505 1417 543 τοῦ
1443 501 1583 554 Αἵμου
1610 502 1676 542 καὶ
1700 500 1769 542 τὸν

331 570 476 626 Ἕβρον
495 568 738 625 διαπεράσας
760 571 800 611 ἓν
820 570 866 611 οὐ
889 573 1024 626 πολλῷ
1037 568 1169 626 χρόνῳ
1192 567 1342 623 πολλήν
1361 585 1402 611 τε
1419 566 1563 624 χώραν
1572 565 1648 624 ὑφ’
1673 565 1802 610 {av-5

337 637 407 679 τὸν
443 635 653 691 ἐποιήσατο
696 635 825 679 πολλά
862 655 902 679 τε
939 637 1039 691 ἄστη
1076 637 1148 679 σὺν
1183 637 1309 677 οὐδενὶ
1342 634 1615 692 παρεστήσατο
1648 632 1771 690 πόνῳ.

340 703 565 761 Βούλγαροι
581 707 644 746 καὶ
667 705 742 760 γὰρ
766 703 1021 759 τυγχάνοντες
1039 705 1075 745 οἱ
1094 702 1293 759 οἰκήτορες
1305 710 1386 753 τοῖς
1397 701 1615 759 ὁμοφύλοις
1626 701 1772 757 προσέ-
1821 713 1824 716 ’
1847 715 1850 717 ’

336 789 488 828 τρεχον,
523 773 590 814 τὸν
612 773 725 827 ζυγὸν
746 777 824 814 τῶν
848 770 1135 826 ἅλλογλώσσων
1160 770 1444 824 ἀποσειόμενοι.
1510 770 1562 812 τὰ
1595 770 1638 811 δὲ
1669 767 1771 823 ἄστη

338 840 439 893 μετὰ
467 844 546 881 τῶν
569 838 798 893 Ῥωμαϊκῶν
829 842 895 881 καὶ
924 838 1057 892 μόνων
1086 839 1396 892 ἀπολελειμμένα
1425 836 1653 894 φυλάξεων,
1699 836 1774 880 οὐκ.

339 909 459 957 ἀξίων
479 905 670 957 τοιούτοις
691 914 842 962 καιροῖς
864 905 1167 960 ἀντιμάχεσθαι,
1195 907 1407 961 εὐχείρωτοι
1426 912 1509 954 τοῖς
1525 902 1772 960 Βουλγάροις
1784 910 1827 946 10

336 973 487 1030 ’ὑπῆρχε
498 1006 510 1024 ,
549 979 627 1016 τῶν
658 975 729 1028 μὲν
758 977 875 1033 πτοία
904 975 1204 1030 ταραττομένων
1223 976 1288 1014 καὶ
1311 971 1578 1029 προδιδόντων
1598 972 1648 1014 τὰ
1670 970 1772 1025 ι’ίστη

291 1052 321 1085 C
344 1045 409 1084 καὶ
428 1041 711 1095 λαμβανόντων
734 1042 804 1096 τὴν
827 1042 925 1097 πρὸς
944 1042 994 1083 τὰ
1017 1042 1115 1082 οἴκοι
1136 1043 1383 1096 ἐλευθερίαν,
1418 1044 1497 1082 τῶν
1521 1040 1564 1081 δὲ
1584 1038 1684 1095 πρὸς
1701 1038 1773 1092 τὴν

340 1112 523 1164 ἐξαπίνης
550 1110 802 1164 γεγενημένην
831 1114 910 1151 τῶν
934 1107 1177 1164 Βουλγάρων
1208 1108 1352 1164 ἔφοδον
1382 1108 1506 1161 μηδὲν
1540 1104 1708 1160 ἐχόντων
1729 1106 1773 1147 ἔκ

337 1181 421 1220 τοῦ..
432 1179 646 1233 προχείρου
678 1181 819 1230 νοῆσαι
850 1180 1102 1225 λυσιτελοῦν,
1147 1172 1520 1230 ἀποδιδρασκόντων
1548 1175 1615 1214 καὶ
1644 1176 1773 1216 ταῦτα

339 1240 467 1299 ἔρημα
498 1248 576 1285 τῶν
611 1242 892 1299 φυλαττόντων
927 1240 1301 1294 ἀπολιμπανόντων,
1344 1241 1474 1282 ἄλλων
1507 1241 1550 1281 δὲ
1578 1240 1674 1289 ἴσως
1706 1241 1773 1281 καὶ
1783 1244 1825 1280 15

333 1310 467 1367 χρόνῳ
501 1308 809 1362 ἄποκαμόντων,
856 1309 1159 1364 παραταθέντος
1183 1309 1318 1357 αὐτοῖς
1342 1307 1452 1364 παρὰ
1474 1307 1520 1349 τὸ
1538 1307 1682 1363 μέτρον
1702 1311 1775 1349 τοῦ

335 1376 481 1434 χρόνου
504 1381 575 1431 τῆς
597 1380 792 1433 φυλακῆς.
860 1377 911 1418 τὰ
932 1378 1052 1417 πλείω
1079 1377 1121 1417 δὲ
1142 1380 1220 1417 τῶν
1249 1375 1399 1417 ἄστεων
1424 1376 1490 1417 καὶ
1516 1375 1776 1430 ἀπεριποίητα

337 1441 388 1499 ἦν
408 1447 474 1486 καὶ
493 1449 572 1486 τῶν
590 1446 795 1499 χρειωδιῦν
817 1442 948 1485 ὅπλων
970 1443 1132 1499 ἄμοιρα.
1200 1444 1421 1497 κατεσχέθη
1448 1443 1521 1496 μὲν
1551 1437 1620 1484 οὖν
1642 1443 1684 1484 ἐκ
1704 1445 1776 1484 τοῦ

339 1514 566 1567 παραυτίκα
593 1513 835 1565 Στενᾲιαχος
863 1513 1084 1566 Πριστίτζα
1106 1511 1331 1566 Κρυτζιμὺς
1354 1511 1552 1562 Τζέπαινα
1572 1511 1638 1552 καὶ
1661 1509 1711 1551 τὰ
1733 1510 1775 1550 ἓν

338 1585 388 1637 τῇ
401 1581 572 1636 Ἀχριδῷ
595 1577 803 1633 ξύμπαντα
825 1578 927 1632 πλὴν
950 1577 1182 1620 Μνειάκου·
1215 1583 1331 1619 τοῦτο
1357 1578 1434 1633 γὰρ
1463 1579 1528 1619 καὶ
1554 1575 1676 1630 μόνον
1695 1574 1831 1618 {mozo

288 1658 320 1692 D
336 1646 543 1701 Ῥωμαίων
563 1645 825 1703 πεφύλακται.
873 1640 1036 1702 Οὗστρα
1056 1647 1099 1687 δὲ
1120 1648 1184 1686 καὶ
1205 1644 1478 1701 Περπεράκιον
1499 1646 1565 1686 καὶ
1586 1645 1777 1698 Κρυβοῦς

338 1717 406 1758 καὶ
439 1715 483 1756 τὸ
516 1716 802 1769 παρακείμενον
832 1718 882 1769 τῇ
913 1717 985 1755 τοῦ
1007 1713 1217 1769 Ἀδριανοῦ
1251 1714 1316 1753 καὶ
1349 1712 1582 1765 κεκλημένον
1598 1711 1776 1768 Ἐφραὶμ.

338 1788 422 1831 τοῖς
446 1780 694 1837 Βουλγάροις
717 1782 956 1836 κεχείρωται.
1034 1779 1184 1822 τούτοιν
1207 1778 1309 1820 οὕτω
1331 1780 1589 1834 γεγενημένων
1611 1780 1676 1820 καὶ
1697 1783 1777 1820 τῶν

341 1851 382 1892 ἐν
404 1851 575 1904 δυσμαῖς
588 1846 818 1903 Ῥωμαϊκῶν
836 1848 1106 1902 κλονουμένων
1125 1845 1382 1904 πραγμάτων,
1410 1850 1481 1901 τῆς
1502 1845 1639 1903 φήμης
1658 1846 1776 1903 μέχρι

339 1992 505 2044 agitasset
526 1999 695 2045 regionem
717 2003 751 2034 et
773 2000 807 2034 in
831 2010 871 2034 ea
891 1999 1016 2046 oppida
1030 2000 1072 2034 ab
1096 1999 1298 2045 imperatore
1313 1998 1439 2033 Ioanne
1453 1997 1606 2042 Bulgaris
1619 1999 1776 2042 surrepta

341 2047 385 2080 ad
401 2047 624 2089 Bulgarorum
639 2057 754 2080 rursus
770 2046 969 2080 dominatum
980 2072 991 2088 ‚
1022 2045 1111 2090 quod
1126 2045 1190 2079 iarn
1206 2045 1264 2077 diu
1281 2045 1497 2087 Bulgarorum
1514 2043 1605 2077 cordi
1619 2042 1777 2076 inhaese-

340 2093 407 2134 rat‚·
430 2102 605 2135 revocare,
629 2103 698 2125 rem
714 2103 774 2136 pro
790 2096 941 2136 tempore
956 2095 1171 2136 opportunam
1185 2115 1194 2132 ‚
1218 2094 1256 2122 ut
1270 2090 1332 2123 sibi
1348 2089 1531 2130 videbatur,
1552 2092 1656 2128 ratus,
1680 2088 1776 2120 Hae-

340 2147 393 2170 mo
420 2136 576 2181 prodiens
606 2140 846 2181 transnatoque
872 2137 987 2169 Hebro
1014 2135 1211 2180 paucissimo
1236 2139 1385 2178 tempore
1408 2133 1581 2166 multarum
1607 2132 1777 2176 regionum

340 2181 465 2224 potitus
482 2185 543 2222 est,
566 2182 735 2226 multaque
749 2182 872 2226 oppida
887 2182 976 2214 nullo
993 2192 1067 2214 cum
1082 2181 1197 2214 labore
1211 2179 1274 2213 sibi
1288 2178 1446 2219 devinxit,
1461 2177 1601 2221 Bulgari
1615 2177 1778 2222 siquidem

340 2226 546 2259 habitatores
562 2230 774 2259 externorum
790 2226 867 2270 iugo
883 2226 1015 2259 deiecto
1029 2226 1162 2269 generis
1178 2224 1383 2258 consortibus
1399 2224 1629 2256 accurrebant.
1681 2233 1778 2261 arces

341 2270 412 2303 solo
428 2269 652 2303 Romanorum
676 2271 842 2315 praesidio
866 2271 1013 2304 munitae
1027 2283 1101 2303 cum
1120 2270 1162 2303 ad
1178 2268 1382 2313 repellendos
1396 2268 1539 2301 hostium
1553 2267 1697 2312 impetus
1711 2278 1778 2301 non

341 2314 557 2357 sufficerent,
591 2314 624 2347 in
641 2320 843 2358 potestatem
859 2316 1077 2358 Bulgarorurn
1094 2315 1183 2348 nullo
1199 2314 1332 2356 negotio
1349 2312 1543 2346 ceciderunt
1554 2339 1564 2354 ‚
1599 2312 1718 2357 partim
1731 2311 1780 2345 ti-

343 2370 435 2393 more
450 2359 608 2404 perculsis
631 2365 667 2392 et
688 2360 887 2392 deditionem
908 2361 1033 2393 arcium
1050 2372 1109 2404 pro
1126 2359 1232 2393 salute
1247 2363 1283 2391 et
1297 2358 1429 2391 domum
1444 2357 1591 2391 abitione
1605 2357 1779 2403 prodenti-

342 2405 419 2446 bus,
443 2404 562 2448 partim
577 2404 773 2448 repentinae
785 2404 1006 2447 Bulgarorum
1020 2404 1215 2450 irruptioni,
1247 2414 1319 2436 cum
1336 2402 1468 2435 obviam
1483 2402 1533 2435 ire
1548 2414 1613 2436 non
1628 2406 1778 2448 possent,

342 2449 589 2492 aufugientibus
615 2459 738 2493 easque
761 2449 953 2482 custodibus
976 2460 1099 2483 vacuas
1120 2447 1368 2489 deserentibus,
1389 2448 1472 2484 aliis
1495 2447 1595 2481 etiam
1619 2448 1779 2492 temporis

344 2494 586 2539 longinquitate
600 2493 741 2527 defessis
751 2519 762 2536 ‚
787 2504 858 2526 cum
873 2498 1008 2538 praeter
1022 2495 1153 2527 modum
1169 2493 1339 2527 custodiae
1354 2493 1509 2526 terminus
1523 2493 1588 2526 illis
1604 2493 1782 2538 protrahe-

344 2545 451 2573 retur.
496 2539 678 2584 pleraeque
692 2538 792 2572 etiam
810 2539 931 2572 arcium
948 2539 1176 2583 imperfectae,
1198 2538 1279 2570 viris
1296 2543 1331 2571 et
1347 2538 1482 2582 reliquis
1502 2537 1698 2572 necessariis
1716 2548 1780 2581 pa-

344 2595 416 2618 rum
432 2584 588 2625 munitae,
609 2584 735 2628 praeda
750 2583 898 2617 hostibus
914 2588 1102 2628 patuerunt.
1149 2595 1168 2616 e
1185 2583 1329 2625 vestigio
1345 2582 1460 2626 itaque
1475 2588 1684 2628 expugnatae
1702 2585 1780 2616 sunt

344 2629 595 2671 Stenimachm,
628 2629 828 2670 Peristitza‚
860 2629 1051 2672 Crytzimus
1062 2655 1073 2671 ‚
1102 2629 1286 2673 Tzepaena
1301 2632 1335 2661 et
1351 2628 1500 2662 Achridis
1517 2632 1650 2672 praeter
1666 2627 1777 2661 Mnia-

343 2685 436 2716 cum,
466 2675 554 2718 quod
569 2674 624 2708 vel
640 2675 746 2708 solum
763 2673 922 2708 Romanis
936 2674 1090 2708 devotum
1107 2678 1404 2717 perseveraverat,
1436 2673 1552 2708 omnia.
1599 2677 1777 2718 praeterea.

342 2717 462 2763 Ustra,
484 2719 734 2764 Perperncium,
758 2719 889 2762 eribus,
917 2723 950 2753 et
964 2719 1054 2764 quod
1069 2718 1286 2762 Adrianopoli
1303 2718 1445 2759 adiacet,
1468 2719 1628 2763 Ephrem,
1654 2717 1776 2760 Bulga-

341 2763 389 2798 n‘s
407 2775 548 2801 cessere.
594 2765 679 2799 haec
693 2765 751 2798 ubi
765 2764 815 2799 ita
827 2765 920 2798 facta
934 2768 1030 2805 sunt,
1065 2769 1100 2798 et
1113 2765 1145 2797 in
1161 2763 1308 2798 occiduis
1322 2764 1474 2808 partibus
1489 2765 1589 2797 rebus
1610 2763 1776 2799 Romano-

341 2813 415 2851 raim
429 2809 464 2857 in
477 2810 654 2846 discrimen
669 2810 817 2855 adactis,
847 2821 920 2846 cum
934 2811 1024 2846 fama
1037 2809 1081 2844 ad
1094 2809 1304 2855 imperatoris
1322 2808 1421 2844 etiam
1436 2819 1536 2844 aures
1550 2807 1775 2854 pervolasset,
