1858 3236
557 189 936 236 GOMPENDIUM
982 188 1332 236 CHROMCUM.
1605 187 1670 235 85

347 303 405 358 ὥς
421 307 606 364 φυλακῆς
627 321 671 348 τε
692 305 761 347 καὶ
782 308 969 362 φρουρᾶς
986 306 1054 347 καὶ
1076 302 1319 363 δορυφόρων
1334 301 1430 362 ἄτερ

344 375 522 429 βαδίζειν
543 371 646 416 ὅπου
666 370 718 428 δή
743 389 839 416 ποτε
859 371 1015 429 νύκτωρ
1035 375 1102 415 καὶ
1118 373 1213 428 μεθ’
1232 370 1398 430 ἡμέραν.

345 445 381 486 εἰ
398 442 448 485 δέ
460 456 564 485 τισιν
583 441 777 499 ἐ’πέτρεψε
794 439 948 491 πόλεως
970 444 1211 498 στρατηγίαν

209 509 319 556 1945
335 509 363 566 ἢ
383 511 460 566 τὴν
479 513 560 554 τῶν
582 507 722 568 φόρων
748 508 954 567 εἴσπραξιν
961 541 975 559 ,
1010 509 1083 552 οὐκ
1103 511 1143 551 ἐν
1164 509 1282 567 ὀλίγῳ
1294 506 1432 569 χρόνῳ

342 580 388 622 ἐκ
405 583 480 634 τῆς
501 578 631 637 ἀρχῆς
648 578 822 635 παρέλυε
841 579 910 620 καὶ
930 582 1003 633 τῆς
1023 575 1247 633 ἡγεμονίας,

344 648 468 691 ἐκεῖνο
484 647 531 692 τὸ
551 645 833 704 θρυλούμενον
851 647 976 702 λέγων
993 653 1078 697 τοῖς
1095 647 1309 703 ἐρωτῶσιν.

345 714 568 774 ἅνθρωπος
585 711 635 770 ἦν
655 714 877 765 κατάνοσος
887 747 901 766 ,
933 714 1030 765 τοὺς
1047 713 1179 764 πόδας
1196 712 1425 770 ἣλκωμένος
1437 726 1450 738 ·

340 782 500 842 ῗχώρων
516 784 693 839 πέπλητο
712 787 873 826 πολλῶν
891 782 1107 837 δυσόδμων
1127 781 1342 826 δυσιάτων.

204 851 316 896 1950
336 852 380 896 αἱ
396 859 515 908 μυῖαι
537 850 801 909 ιἰατεχόρευον
821 853 970 895 ἐκείνου
987 856 1068 895 τῶν
1084 849 1344 910 τραυμάτων,

337 921 415 972 τὰς
435 919 660 976 σηπεδόνας
681 920 892 976 ἓβδαλλον,
928 918 1084 975 ἓμύζων
1103 921 1199 970 τοὺς
1218 922 1383 976 ῗχῶρας.

338 988 504 1041 ὀδύναις
519 989 564 1032 δὲ
578 988 829 1044 βαλλόμενος
853 992 921 1032 καὶ
937 993 1161 1044 τληπαθῶν
1179 986 1200 1031 ὅ
1225 987 1388 1042 κάμνων

333 1057 413 1102 οὔκ
433 1056 624 1113 ἀπεσόβει
645 1058 719 1110 τὰς
737 1057 870 1108 δεινὰς
888 1059 955 1101 καὶ
974 1056 1242 1116 θρασυτάτας
1258 1057 1395 1111 μυίας,

338 1124 396 1179 ὥς
411 1127 459 1170 δέ
475 1145 538 1178 τις
557 1128 874 1185 κατῳκτείρησεν
890 1127 1163 1184 ἓπικαμφθεὶς
1186 1129 1244 1184 τῷ
1266 1124 1395 1167 πάθει

203 1194 312 1239 1955
333 1197 402 1239 καὶ
419 1195 494 1247 τὰς
511 1196 563 1251 δὴ
581 1197 705 1252 μυίας
722 1195 882 1250 ἔμελλεν
906 1197 1061 1238 ἐκεῖθεν
1078 1193 1294 1246 ἐκδιώκειν,

337 1262 360 1308 ὃ
378 1263 545 1320 πάσχων
566 1262 784 1319 ἀνεβόησεν
799 1262 823 1279 “
830 1263 1025 1322 ἄνθρωπε
1034 1296 1048 1316 ,
1082 1262 1234 1313 ταύτας
1251 1261 1367 1320 ἄφες,

333 1331 393 1388 μή
411 1350 498 1384 πως
516 1333 650 1377 αὖτῶν
674 1335 928 1388 διωχθεισῶν
946 1332 1068 1388 ἄλγος
1085 1349 1157 1387 μοι
1178 1326 1448 1389 προξενήσῃς·

335 1402 380 1444 αἶ
398 1402 473 1456 μέν
490 1401 569 1459 γὰρ
584 1403 847 1459 κορεσθεῖσαί
865 1418 947 1456 μου
969 1405 1102 1455 μελῶν
1118 1405 1198 1443 τῶν
1218 1398 1451 1454 σεσηπότων

333 1470 493 1528 βραχέα
511 1487 564 1526 με
583 1468 855 1525 λυπήσουσιν,
891 1468 940 1512 ἂν
959 1469 1004 1511 δ’
1026 1471 1242 1512 inmunem
1260 1467 1394 1519 ἄλλαι,

197 1540 308 1582 1960
327 1543 565 1597 προσφῦσαι
581 1537 813 1596 βιαιότερον
834 1540 890 1588 εἷς
916 1539 1037 1580 πλέον
1058 1536 1334 1595 πικρανοῦσι.”

331 1607 443 1652 ταῦτ’
467 1606 575 1664 ἔλεγε
597 1607 788 1664 Τιβέριος
806 1607 897 1664 περὶ
917 1611 997 1650 τῶν
1015 1606 1265 1664 φορολόγων,

322 1677 522 1735 χρονίζειν
540 1676 666 1733 λέγων
687 1677 770 1718 δεῖν
791 1673 939 1726 αὐτούς
949 1707 962 1726 ,
999 1673 1054 1725 ὡς
1072 1675 1193 1731 κόρον
1216 1671 1436 1729 ἐσχηκότας

328 1743 555 1804 πραότερον
569 1745 881 1802 προσφέρεσθαι
901 1751 986 1794 τοῖς
1009 1744 1385 1801 φορολογουμένοις.

332 1815 367 1856 εἴ
385 1815 435 1857 δέ
451 1831 542 1858 τινα
560 1814 771 1869 κατέμαθε
794 1817 875 1855 τῶν
897 1811 1215 1870 εἰσπραττόντων
1235 1810 1390 1870 φόρους

195 1879 304 1926 1965
330 1885 387 1933 εἷς
407 1883 528 1926 πλέον
546 1881 812 1940 ἐκφερόμενον
833 1885 906 1924 τοῦ
924 1883 1234 1937 διατεταγμένου

329 1952 399 1996 καὶ
407 1953 710 2010 χρηματίζοντα
727 1950 861 2009 βαρὺν
878 1952 946 1994 καὶ
962 1950 1066 2008 πέρα
1084 1955 1155 1994 τοῦ
1173 1949 1353 2006 μετρίου,

283 2069 375 2107 1946
391 2069 574 2116 παρέληγε
595 2070 627 2107 Α
696 2070 786 2107 1959
808 2067 973 2118 βραχέως
982 2070 1022 2104 Μ
1054 2068 1264 2114 λυπήσουσιν
1276 2067 1377 2103 ARR
1419 2061 1663 2099 ἐπιπταίενΜ

279 2117 379 2209 ἓξὲξ
398 2117 671 2200 ἰθθσφὲροιντο
688 2117 789 2163 ABR
903 2116 992 2154 1965
1014 2117 1142 2152 πλεῖον
1156 2116 1196 2153 Μ
1309 2113 1399 2150 1966
1419 2111 1488 2146 τοῦ
1511 2108 1663 2154 μετρίου

186 2266 383 2312 stituebat,
403 2268 448 2303 ab
470 2266 517 2302 iis
541 2266 671 2301 officiis
694 2265 788 2301 intra
810 2267 922 2302 breve
939 2270 1076 2312 tempus
1103 2277 1173 2300 non
1196 2264 1420 2308 removebat,
1443 2259 1659 2313 causam-rei

187 2313 447 2350 sciscitantibus
471 2318 590 2349 notum
611 2313 696 2347 illud
726 2324 768 2346 ac
784 2312 1026 2358 pervulgatum
1046 2312 1262 2357 respondens
1276 2337 1286 2355 ‚
1305 2310 1477 2344 hominem
1492 2306 1659 2342 videlicet

187 2365 369 2404 aegrotum
384 2360 496 2395 fuisse
512 2386 523 2404 ‚
545 2359 603 2394 cui
617 2360 727 2404 pedes
743 2359 932 2394 exulcerati
947 2363 1085 2403 essent,
1104 2358 1220 2392 multis
1240 2357 1441 2391 humoribus
1459 2353 1604 2389 foetidis
1622 2356 1659 2385 et

188 2411 313 2441 sanata
328 2406 531 2442 difficilibus
554 2406 702 2440 referto.
748 2405 787 2440 in
810 2406 884 2440 eius
901 2404 1019 2439 ulcera
1031 2415 1166 2439 muscas
1184 2402 1343 2438 involare
1358 2402 1499 2444 solitas,
1532 2411 1574 2434 ac
1590 2409 1655 2443 pu-

187 2452 344 2487 tredines
369 2452 445 2488 illas
470 2451 671 2487 exhaurire.
719 2463 809 2497 quae
839 2463 898 2486 res
924 2450 1063 2486 tametsi
1088 2450 1242 2485 dolorem
1268 2447 1467 2494 aegrotanti
1499 2447 1656 2487 afferret,

187 2507 258 2532 uon
272 2502 389 2535 tamen
403 2510 481 2533 eum
500 2498 664 2533 molestas
680 2497 755 2532 illas
780 2503 816 2532 et
838 2498 988 2533 audaces
1005 2498 1187 2533 admodum
1202 2507 1336 2530 muscas
1356 2494 1530 2538 abegisse.
1579 2502 1655 2525 cum

187 2547 303 2578 autem
320 2544 560 2579 misericordia
575 2544 714 2590 quidam
729 2550 841 2579 motus
860 2545 906 2578 ob
923 2543 992 2578 viri
1014 2543 1243 2578 calamitatem
1263 2553 1399 2577 muscas
1415 2540 1559 2584 abigere
1577 2536 1653 2571 vel-

187 2587 260 2634 let,
279 2596 458 2635 aegrotum
477 2590 687 2626 exclamasse
706 2590 854 2624 “missas
876 2589 953 2624 illas
980 2591 1039 2625 fac
1053 2601 1183 2634 quaeso
1197 2615 1206 2632 ‚
1238 2589 1285 2622 mi
1310 2589 1410 2622 homo
1422 2613 1431 2630 ,
1460 2598 1505 2620 ne
1521 2583 1655 2619 abactis

187 2633 234 2668 iis
266 2634 396 2671 doloris
417 2636 502 2670 mihi
522 2636 662 2671 maioris
688 2642 810 2671 auctor
822 2635 885 2671 sis.
933 2647 1010 2670 nam
1031 2636 1122 2670 istae
1138 2637 1182 2670 de
1200 2634 1362 2669 membris
1384 2633 1470 2667 meis
1494 2632 1655 2676 putribus

185 2679 336 2715 satiatae
359 2693 480 2726 parum
500 2682 584 2717 mihi
608 2681 789 2717 molestiae
814 2686 895 2717 sunt
918 2682 1064 2728 amplius
1091 2681 1329 2724 exhibiturae:
1352 2680 1406 2715 sin
1429 2684 1544 2713 autern
1566 2677 1655 2711 aliae

186 2725 403 2779 advolarint,
430 2728 618 2764 violentius
642 2728 864 2763 adhaerendo
879 2728 990 2773 magis
1006 2727 1060 2763 r'ne
1085 2728 1330 2763 cruciabunt.“
1375 2727 1464 2761 haec
1477 2727 1521 2760 de
1539 2722 1654 2769 publi-

186 2783 284 2807 canis
298 2771 418 2807 dicere
435 2773 603 2809 Tiberius
628 2774 784 2819 solebat,
818 2786 962 2809 mouens
987 2779 1026 2808 ut
1041 2775 1172 2810 diutius
1187 2774 1381 2808 tolerentur
1393 2799 1403 2817 ‚
1427 2784 1495 2816 quo
1515 2771 1654 2804 taudem

185 2817 303 2853 satiati
319 2817 504 2862 benignius
515 2819 592 2854 illos
607 2826 760 2856 tractant
775 2832 796 2855 a
811 2820 937 2865 quibus
954 2820 1127 2866 exigenda
1146 2820 1219 2854 sint
1239 2820 1385 2855 tributa.
1415 2816 1540 2862 quodsi
1554 2825 1655 2860 quem

184 2863 406 2911 publicanum
426 2865 621 2912 accepisset
642 2867 780 2903 modum
807 2866 879 2902 sibi
902 2867 1156 2914 praescriptum
1172 2866 1366 2903 excessisse
1384 2891 1394 2909 ,
1416 2864 1466 2899 ita
1484 2868 1523 2897 ut
1537 2859 1656 2908 gravis
