1864 3242
542 166 940 212 ACROPOLITAM
971 167 1174 211 NOTAE.
1483 166 1582 212 239

123 278 195 316 'bat
209 275 388 321 Blandus
408 275 458 315 de
480 278 602 328 gestIS
620 278 875 316 Venetorum.
933 277 1106 316 Ioannes
1129 289 1238 315 nunc
1264 278 1478 328 imperator
1492 276 1582 316 'Ve-

128 334 229 373 nafis
245 334 501 385 promiserat,
533 335 570 372 si
593 333 645 371 ab
671 337 725 372 eis
750 335 821 386 qui
848 349 875 371 a
904 335 1019 385 Cpoli
1037 333 1263 372 detulerunt
1283 348 1374 372 cum
1396 333 1531 372 habito
1554 349 1582 372 a

125 390 315 442 pontefice
345 391 516 428 exercitu
549 391 704 442 Cpolim
731 391 1018 442 deportaretur,
1047 390 1320 442 Dyrrachium
1342 393 1398 428 eis
1417 405 1581 442 recupe-

126 459 234 493 mre,
262 460 386 499 quam
403 446 541 485 urbem
565 447 787 486 Theodorus
801 449 983 499 Epirotes
987 448 1108 499 sarto
1125 447 1306 499 dolisque
1321 449 1580 498 surripuerat.

125 502 396 543 debellaturus
423 511 557 542 autem
583 504 859 556 ,Dyrrachium
887 506 1101 555 imperator
1126 504 1221 541 hinc
1250 505 1375 542 Iolem
1407 519 1585 551 uxorem,

124 560 219 599 inde
245 560 492 598 cardinalem
517 560 753 599 Columnam
782 561 937 612 Cpotim
959 562 1073 599 iussit
1095 561 1295 607 accedere,
1323 561 1587 613 inchoataque

127 623 186 654 est
214 615 384 664 obsidio,
425 623 462 654 et
486 619 800 682 oppugnationes
820 632 898 670 per
924 619 1006 656 dies
1021 619 1117 669 sere
1145 618 1326 669 singulos
1353 620 1583 656 intentatae.

125 673 197 711 sed
227 672 365 711 urbem
391 675 513 711 veteri
536 689 667 721 muro,
711 688 828 727 quem
867 675 1037 714 Venetus
1070 675 1346 721 instaurasset,
1390 677 1586 713 munitam

133 730 360 768 Theodorus·
392 730 517 768 milite
553 731 767 770 abundans
800 745 846 769 ex
872 732 998 789 Epiro
1021 731 1146 780 fideli
1165 731 1302 782 facile
1332 731 1584 782 defensabat,

125 786 225 825 adeo
249 794 296 824 ut
319 787 533 838 imperator
555 790 682 839 potiri
707 778 923 839 desperans
951 788 1030 826 sibi
1063 789 1305 826 constituerit
1336 787 1579 826 abeundum.

125 850 165 880 et
185 844 283 895 quia
311 844 618 882 mediterraneas
636 846 900 883 Macedoniae
918 845 1033 883 urbes
1051 846 1250 883 invisendi
1270 846 1459 883 desiderio
1477 852 1586 882 tene-

125 907 251 946 retur,
273 902 444 952 petitam
469 901 571 938 inter
594 901 826 939 solvendam
855 901 1095 939 obsidionem
1124 915 1151 939 a
1177 902 1375 939 Theodoro
1381 902 1489 950 fidet
1498 917 1584 952 pu—

126 956 254 994 blicae
283 959 531 994 securitatem
556 959 726 1008 accepit.
787 958 1004 995 secundum
1033 972 1156 1009 quam
1184 960 1328 1010 scripto
1351 958 1429 996 sibi
1446 959 1587 996 datam

123 1013 184 1050 ad
200 1012 354 1050 Aretae
379 1015 511 1051 amnis
531 1021 692 1064 portum
714 1016 974 1051 extensionem
995 1017 1039 1052 in
1060 1015 1325 1053 Macedoniae
1342 1015 1478 1052 littora
1491 1017 1586 1066 pri·-

123 1083 233 1107 mam
246 1069 364 1122 ficit.
425 1070 517 1108 inde
537 1071 596 1108 ad
616 1084 818 1108 nemorosa
847 1072 988 1122 Tempe
1009 1071 1182 1117 delatus,
1214 1085 1305 1109 cum
1321 1073 1380 1110 ad
1391 1074 1585 1109 montium

123 1126 252 1164 saltus
263 1128 519 1177 pervenisset,
549 1128 591 1164 in
606 1127 719 1165 silvis
736 1135 923 1166 tectorum
942 1135 1114 1165 structas
1131 1142 1159 1165 a
1188 1128 1386 1166 Theodoro
1402 1129 1501 1166 duce
1519 1130 1584 1166 in—

123 1183 249 1222 sidias
274 1183 433 1228 incidit,
462 1190 500 1220 et
529 1183 726 1222 abductus
750 1185 793 1222 in
819 1186 1059 1222 teterrimum
1079 1198 1274 1222 carcerem
1294 1192 1351 1222 est
1368 1187 1578 1223 coniectus.

122 1241 299 1290 primum
317 1237 383 1276 hic
398 1241 590 1277 Ioann‘em
608 1242 976 1292 Hierosolymorum
995 1254 1131 1292 regem
1152 1255 1242 1279 cum
1260 1243 1377 1279 Petro
1396 1243 1585 1280 Altissio-

124 1294 283 1333 dorensi
303 1294 520 1334 confundit.
566 1310 628 1334 res
647 1298 768 1346 Petri,
795 1304 834 1334 et
856 1297 1052 1350 quidquid
1071 1299 1188 1335 Petro
1206 1297 1415 1346 acciderat,
1443 1300 1584 1336 Ioanni

123 1352 274 1390 tribuit.
334 1353 416 1390 Iole
435 1353 511 1390 fuit
531 1366 634 1390 uxor
648 1355 778 1402 Petri,
806 1366 888 1391 non
907 1355 1089 1402 Ioannis,
1119 1367 1230 1392 soror
1246 1354 1434 1391 Balduini
1450 1356 1585 1406 primi.

122 1405 361 1447 Theodorus
383 1407 590 1447 Michaelis
612 1410 734 1448 frater
759 1408 889 1447 eidem
910 1409 1127 1448 Michaeli
1115 1424 1158 1448 111
1180 1413 1404 1462 principatu
1426 1425 1585 1450 succes-

123 1467 196 1513 sit,
227 1478 348 1518 quem
370 1467 490 1504 armis
512 1473 551 1503 et
569 1468 713 1504 virtute
732 1467 876 1504 bellica
896 1469 1111 1504 auctiorem
1138 1465 1326 1506 reddidit.
1383 1469 1467 1506 Iole
1493 1475 1585 1505 tan-

123 1528 211 1560 tum
231 1523 392 1573 navigio
419 1524 658 1574 Byzantium
680 1524 972 1561 transfretavit:
1004 1523 1216 1562 cardinalis
1251 1525 1446 1562 Columna
1477 1526 1585 1562 eius-

123 1577 217 1616 dem
248 1580 378 1627 Petri,
417 1581 476 1616 uti
501 1579 683 1617 laborum
713 1593 866 1629 comes,
903 1581 959 1618 ita
989 1587 1028 1618 et
1056 1582 1222 1618 carceris
1252 1581 1341 1618 fuit.
1400 1582 1587 1632 leguntur

123 1636 342 1673 etiamnum
373 1635 527 1673 litterae
554 1638 718 1674 Honorii
743 1639 800 1674 III
834 1635 885 1674 ad
915 1636 1087 1674 eundem
1114 1635 1376 1675 Theodorum
1407 1645 1445 1675 et
1473 1639 1586 1687 alios,

123 1691 268 1744 quibus
287 1692 472 1730 sollicitat
489 1692 562 1730 sub
580 1695 718 1744 poenis
737 1695 857 1731 etiam
879 1695 1122 1745 gravissimis
1138 1692 1399 1732 Theodorum
1415 1702 1459 1732 ut
1474 1696 1588 1746 Apo-

123 1749 286 1786 stolicae
315 1747 421 1787 sedis
443 1750 623 1800 legatum
651 1764 673 1787 e
704 1749 881 1788 custodia
903 1749 1095 1800 dimittat,
1126 1751 1225 1788 alios
1247 1758 1292 1788 ut
1310 1751 1457 1788 factam
1477 1752 1587 1789 iniu-

123 1806 227 1842 riam
255 1803 459 1843 vindicent
480 1813 519 1843 et
538 1806 816 1845 liberationem
842 1814 1066 1858 procurent.
1126 1813 1170 1844 ut
1194 1806 1298 1844 dicta
1324 1808 1494 1845 aliorum
1518 1807 1586 1845 hi-

123 1862 358 1899 storicortun
387 1869 654 1913 praeteream,
688 1865 757 1915 qui
787 1877 862 1901 nec
890 1863 997 1901 bello
1023 1876 1221 1915 pugnasse
1250 1877 1340 1902 cum
1369 1863 1586 1902 Theodoro

123 1919 286 1955 Petrum
318 1925 357 1956 et
387 1920 563 1970 legatum
592 1919 812 1967 affirmant,
842 1919 913 1958 sed
945 1928 1129 1958 exoratos
1153 1934 1174 1957 a
1196 1918 1433 1969 Theodoro,
1465 1922 1586 1958 etiam

123 1977 328 2040 promissis
352 1977 538 2026 expensis
557 1975 608 2012 ad
626 1977 759 2043 ipsum
778 1978 1016 2028 Byzantium
1029 2006 1040 2025 ,
1069 1990 1141 2028 per
1163 1978 1271 2015 illius
1295 1976 1491 2015 dicionem
1510 1979 1586 2015 iter

122 2032 335 2082 arripuisse
365 2038 405 2068 et
431 2033 474 2069 in
507 2034 687 2070 convivio
721 2040 855 2084 captos
879 2035 1024 2070 carceri
1045 2034 1168 2071 fuisse
1190 2035 1456 2086 mancipatos,
1487 2035 1584 2071 reli-

122 2099 203 2139 qua
222 2087 498 2147 multitudine,
528 2101 650 2141 quam
673 2103 808 2128 secum
833 2089 1047 2138 ducebant,
1077 2090 1298 2141 profligata.
1358 2089 1584 2131 Chronicon

121 2132 268 2182 Fossae
285 2157 425 2194 novae,
455 2145 659 2194 Iordanus,
690 2145 882 2184 Ricardus
901 2146 950 2184 de
969 2147 1011 2185 S.
1033 2148 1252 2194 Germano,
1284 2153 1323 2185 et
1338 2147 1420 2185 alii.
1477 2148 1583 2184 libe-

122 2207 182 2238 ret
200 2202 243 2237 in
259 2199 324 2240 his
342 2200 463 2240 fidem
476 2215 591 2240 suam
607 2202 799 2251 Blondus,
831 2204 864 2241 si
881 2211 1023 2254 potest,
1054 2205 1088 2241 si
1105 2204 1191 2241 vult
1206 2204 1283 2242 sibi
1299 2202 1447 2240 fidem
1435 2217 1478 2240 111
1494 2204 1584 2241 aliis

121 2255 274 2295 haberi.
331 2257 513 2310 Raphael
543 2272 699 2312 quoque
725 2260 1019 2298 Vollaterranus
1044 2258 1305 2298 Theodorum
1335 2258 1443 2298 hunc
1470 2262 1584 2312 Epiri

121 2315 365 2365 principem,
395 2317 465 2368 qui
482 2317 600 2354 Petro
619 2316 941 2355 Altissiodorensi
963 2316 1127 2354 insidias
1143 2318 1303 2365 struxit,
1334 2330 1424 2354 cum
1443 2316 1586 2354 Theo-

125 2369 220 2407 doro
239 2371 400 2409 Lascari
420 2373 659 2410 Graecorum
676 2374 913 2424 imperatore
934 2372 1160 2422 confundit3
1189 2379 1402 2426 narratque
1421 2375 1586 2411 Petrum

123 2439 204 2464 non
228 2428 375 2465 carceri
391 2430 682 2481 mancipatum,
713 2429 784 2468 sed
805 2430 852 2467 ab
875 2429 1016 2468 eodem
1035 2431 1077 2468 in
1095 2431 1274 2468 convivio
1292 2430 1584 2468 obtruncatum.

123 2483 324 2522 sabellius
350 2485 529 2524 Ennead.
558 2489 583 2527 9
615 2488 686 2538 lib.
707 2486 758 2528 5:
788 2488 928 2525 Petrus
957 2486 1301 2525 Altissiodorensis
1330 2487 1378 2523 ab
1406 2487 1584 2524 Honorio

121 2541 309 2592 pontifice
347 2541 610 2592 imperatoriis
640 2543 866 2595 insignibus
892 2551 1055 2581 ornatus
1083 2557 1173 2580 cum
1201 2544 1353 2580 Ioanne
1388 2542 1585 2580 Columna

121 2598 300 2647 supremi
327 2598 479 2636 ordinis
502 2601 677 2637 antistite
694 2608 796 2638 retro
815 2600 930 2638 abiit:
960 2599 1188 2637 mittebatur
1208 2600 1242 2636 is
1263 2600 1306 2636 in
1326 2600 1585 2636 Pannoniam

121 2653 181 2690 ad
197 2667 314 2691 arma
332 2654 375 2691 in
402 2655 548 2694 Turcos
565 2657 852 2708 comparanda.
914 2657 985 2695 ubi
1010 2670 1100 2695 vero
1120 2655 1402 2693 Brundusium
1420 2663 1583 2693 ventum

122 2716 195 2755 est,
223 2711 437 2761 imperator
466 2713 513 2751 V
504 2715 623 2751 enetis
649 2714 821 2753 navibus
850 2728 940 2751 cum
972 2726 1090 2750 uxore
1118 2719 1154 2748 et
1181 2711 1315 2750 liberis
1339 2719 1520 2762 exceptus
1538 2714 1582 2750 in

0 2758 4 2809 J
54 2812 56 2818 s
121 2765 378 2805 Dalmatiam
396 2770 646 2816 transmittit,
677 2772 828 2808 Ioanne
846 2771 1019 2807 antistite
1034 2769 1093 2806 acl
1104 2769 1418 2819 comparandum
1434 2768 1582 2806 bellum

115 2825 349 2872 praemisso.
411 2826 494 2876 ipse
515 2834 680 2864 conatus
702 2834 758 2864 est
778 2826 1052 2878 Dyrrachium
1079 2824 1294 2872 Theodoro,
1324 2827 1396 2877 qui
1409 2826 1580 2876 Epirum
