1832 3250
465 185 839 238 coMPENDIUM
867 193 1215 241 CHRONIGUM.
1497 187 1564 243 ⁵65

249 305 419 366 εὑρίσκει
439 304 510 350 τὸν
528 300 772 365 ἀδελφιδοῦν
787 305 979 365 Ὀρέστην
998 306 1236 368 ἐφθαρκότα

117 373 228 419 1470
249 376 318 420 τὸν
334 378 408 418 τοῦ
422 374 576 433 πατρὸς
596 372 836 431 αἶσχόνοντα
853 375 899 419 τὸ
919 377 1030 432 γένος
1047 379 1112 420 καὶ
1131 378 1176 421 τὸ
1193 378 1308 433 λέχος

249 445 316 488 καὶ
333 443 408 487 σὺν
427 443 538 503 αὐτῷ
557 443 631 499 τὴν
651 443 798 499 ἀναιδῆ
813 444 968 502 μητέρα
981 445 1360 504 Κλυταιμνήστραν.

306 509 416 567 Ἤδη
436 528 507 566 μοι
528 512 821 556 συντετέλεσται
839 514 906 555 καὶ
923 512 975 556 τὰ
995 513 1099 556 κατὰ
1115 514 1187 569 τὴν
1204 516 1358 572 Τροίαν

249 578 524 637 ἓπιδρομάδην
539 582 607 624 καὶ
628 585 785 639 σαφῶς.
850 582 918 624 καὶ
939 581 990 636 δὴ
1010 581 1149 625 λοιπὸν
1165 584 1360 639 γραπτέον

249 647 322 703 τὴν
341 649 547 706 σθεναρᾶν
567 651 634 692 καὶ
653 648 850 707 κραταιὰν
860 647 1069 704 Ῥωμαίων
1088 649 1318 704 εὐποτμίαν,

117 713 226 760 1475
251 714 378 760 πόθεν
398 715 613 774 ἀρξάμενοι
633 722 705 773 τῆς
719 722 794 774 γῆς
810 715 1034 775 ἐκράτησαν
1051 716 1223 774 ἁπάσης.

315 785 441 829 Μετὰ
458 785 531 841 τὴν
552 787 705 844 Τροίας
730 785 880 829 ἅλωσιν
899 787 1067 837 Αἰνείας
1087 793 1182 837 παῖς
1196 787 1395 843 Ἀγχίσου,

250 852 327 896 εἴτε
348 854 488 911 φυγὼν
507 853 581 897 εἴτε
603 855 743 906 λυθεὶς
763 854 842 898 ἀπὸ
861 859 941 898 τῶν
962 856 1175 910 πολεμίων,

249 920 531 975 μεταναστεῦει
552 924 731 979 παγγενεὶ
753 923 854 981 πρὸς
870 927 945 979 γῆν
966 927 1039 978 τῆς
1052 923 1247 976 Ἰταλίας,

250 988 301 1045 ἢν
321 989 436 1034 ἄλλοι
455 991 529 1045 μέν
547 989 767 1048 ἱστόρησαν
787 989 915 1043 οὕτως
934 991 1217 1047 ὀνομασθῆναι

118 1054 228 1100 1480
249 1059 293 1109 ἐξ
307 1059 464 1102 Ἰταλοῦ
481 1054 754 1117 κατάρξαντος
772 1065 908 1117 μερῶν
927 1065 1008 1103 τῶν
1019 1058 1261 1118 Ἐσπερίωη

250 1127 289 1169 οἳ
309 1127 352 1170 δ’
373 1128 417 1179 ἐξ
440 1129 572 1178 αἰτίας
591 1127 749 1186 ἔῖφασαν
765 1130 926 1172 τοιᾶσδε
947 1134 1055 1183 σχεῖν
1077 1128 1150 1183 τὴν
1170 1133 1324 1185 κλῆσιν.

251 1193 274 1238 ὅ
292 1195 424 1251 με’γας
437 1194 548 1254 ἣρως
562 1195 770 1254 εΗρακλῆς
789 1196 863 1247 τὰς
883 1199 925 1238 Γ
918 1195 1088 1254 ηρυόνος
1104 1195 1208 1252 βόας

249 1263 442 1320 ἀγεληδὸν
461 1265 697 1322 συναγαγών
716 1260 810 1321 ἦγεν
831 1266 874 1316 ἐξ
887 1266 1123 1323 Ἐρυθείας.

252 1329 309 1382 εἷς
329 1327 401 1375 οὖν
422 1333 579 1376 ἐκείνων
598 1331 774 1388 δάμαλις
794 1338 875 1376 τῶν
897 1333 976 1375 ἀπὸ
999 1338 1071 1389 τῆς
1091 1333 1247 1390 ἀγέλης,

118 1399 226 1446 1485
251 1399 575 1458 ἀποσκιρτήσας,
610 1400 666 1451 ὥς
685 1417 822 1458 φασιν,
858 1401 936 1444 ἀπὸ
957 1406 1029 1444 τοῦ
1047 1403 1280 1455 βουκολιόυ,

251 1467 297 1511 τὸ
318 1468 468 1522 μεταξὺ
489 1466 709 1524 νηξάμενος
729 1470 993 1525 πέλαγος-’τῆς
1011 1468 1228 1525 θαλάσσης

252 1539 309 1587 εἷς
323 1537 496 1580 Ἰταλίαν
516 1536 655 1591 ἴσχυσε
679 1539 1026 1595 διαπεραιωθῆναι

250 1609 323 1648 τοῦ
342 1606 386 1648 δὲ
405 1605 508 1647 καθ’
530 1603 601 1655 οὓς
623 1605 807 1662 ἀφίκοιτο
829 1603 959 1662 πάντῃ
975 1603 1283 1659 πυνθανομένου

253 1673 296 1716 εἶ’
308 1690 370 1724 τις
389 1673 523 1717 αὖτῶν
540 1671 692 1731 ἑώρακε
712 1678 814 1727 βοῦν
834 1673 1185 1728 «innammabant,

118 1738 228 1786 1490
249 1742 388 1784 ἐκεῖνοι
409 1745 482 1797 τῆς
495 1740 736 1797 εΕλληνιειεῆς
749 1741 808 1796 μὴ
829 1742 1023 1792 συνιέντες
1043 1739 1229 1796 γλώσσης

251 1809 545 1861 οὐίτουλονιτὸν
565 1808 740 1865 δάμαλιν
761 1808 929 1853 ἐκάλουν
948 1810 1161 1867 ἕγχωρίως.

210 1949 302 1987 1470
316 1947 361 1986 τὸ
385 1947 488 1996 λέχος
505 1949 570 1987 καὶ
591 1949 634 1987 τὸ
657 1949 764 1996 γένος
780 1952 814 1987 R
895 1949 982 1986 1475
1002 1945 1096 1985 ὅθεν
1115 1948 1220 1984 AMR
1305 1949 1395 1986 1477
1411 1947 1488 1986 ’ὑπὸ
1503 1952 1570 1987 RR

211 1997 300 2032 1487
316 1995 540 2041 διαπερᾶσαι
557 1995 661 2054 τάξει
677 1998 716 2033 Μ
867 1996 954 2033 1488
974 1992 1105 2037 καθώς
1123 1995 1228 2031 AMR
1378 1996 1465 2032 1491
1491 1995 1572 2033 οὐί-

205 2043 334 2078 τουλιν
348 2043 448 2079 ARR
581 2055 650 2090 την
668 2044 735 2081 AR

116 2171 155 2204 et
173 2167 348 2213 Orestem,
373 2180 394 2204 e
413 2168 523 2204 fratre
547 2173 729 2216 nepotem,
752 2168 814 2215 qui
835 2167 1039 2214 Aegisthum
1063 2166 1250 2211 occiderat,
1276 2165 1347 2202 tori
1369 2166 1511 2212 paterni
1533 2171 1571 2204 et

115 2214 255 2260 generis
288 2214 613 2258 contaminatorem3
650 2226 796 2261 quocum
826 2214 885 2249 ille
911 2219 1055 2249 matrem
1090 2212 1194 2248 etiam
1226 2211 1460 2259 impudentem
1482 2212 1569 2259 Cly-

112 2264 356 2296 taemnestram
372 2266 583 2307 peremerat.

123 2318 127 2320 ’
207 2306 386 2341 Hactenus
413 2306 566 2341 Menelai
592 2318 691 2341 casus
716 2318 737 2341 a
757 2318 812 2341 me
835 2305 1091 2341 commemorati
1112 2308 1234 2348 sunto,
1258 2304 1365 2350 idque
1384 2305 1510 2340 cursim
1533 2308 1572 2341 et

118 2351 319 2398 perspicue:
348 2357 461 2387 restat
485 2358 526 2387 ut
545 2353 710 2398 deinceps
733 2358 911 2398 potentem
936 2364 976 2386 ac
996 2351 1144 2386 validam
1168 2351 1400 2386 Romanorum
1417 2351 1570 2387 felicita-

119 2402 190 2432 tem
210 2397 458 2442 describamus,
479 2400 571 2433 unde
590 2398 641 2432 illi
660 2398 776 2433 exorsi
795 2404 893 2433 terra
909 2397 1073 2432 universa
1092 2395 1196 2443 potiti
1213 2396 1297 2431 sitit.

211 2442 299 2478 Post
315 2443 577 2490 occupationem
597 2444 729 2479 Troiae
749 2444 886 2479 Aeneas
904 2444 1078 2478 Anchisae
1095 2442 1186 2477 filius
1198 2469 1208 2486 ,
1232 2443 1307 2476 sive
1330 2444 1414 2488 fuga
1432 2443 1571 2498 elapsus

121 2488 200 2523 aive
219 2488 378 2524 dimissus
399 2491 443 2524 ab
462 2490 633 2534 hostibus,
658 2501 733 2524 cum
756 2490 888 2524 familia
906 2494 982 2524 tota
1001 2500 1041 2524 se
1059 2489 1197 2523 confert
1219 2487 1255 2522 in
1276 2493 1404 2523 terram
1424 2489 1572 2533 Italiam,

122 2545 226 2589 quam
248 2533 307 2568 alii
328 2535 506 2570 tradidere
530 2537 582 2571 sic
609 2535 814 2581 appellatam
841 2548 920 2570 esse
945 2536 989 2571 ab
1014 2534 1102 2570 Italo
1117 2561 1126 2578 ,
1170 2534 1230 2579 qui
1250 2535 1409 2588 partibus
1431 2534 1572 2579 Hespe-

121 2579 186 2614 nis
206 2578 474 2634 imperitaverit,
497 2581 556 2616 alii
575 2583 619 2616 de
638 2583 704 2616 hac
721 2593 827 2617 causa
846 2593 971 2617 nomen
990 2581 1056 2615 hoc
1077 2581 1207 2615 habere
1225 2580 1400 2615 dixerunt.
1429 2591 1572 2625 magnus

121 2626 226 2660 heros
257 2624 315 2660 ille
342 2626 512 2662 Hercules
541 2628 718 2672 Geryonis
742 2630 852 2663 boves
885 2627 1048 2662 collectos
1073 2625 1290 2662 armentatim
1317 2637 1360 2661 ex
1386 2625 1574 2660 certamine

121 2673 259 2706 domum
276 2672 436 2708 ducebat.
483 2673 535 2708 ibi
553 2685 627 2708 cum
648 2685 691 2708 ex
709 2673 753 2708 iis
772 2685 859 2708 unus
879 2673 1009 2707 vitulus
1032 2674 1076 2707 ab
1095 2677 1250 2706 armento
1273 2673 1389 2716 boum,
1414 2683 1478 2706 ceu
1502 2683 1574 2705 me—

119 2717 252 2754 moriae
273 2717 447 2762 proditum
467 2724 542 2763 est,
578 2719 783 2763 resiliisset,
807 2720 992 2754 interiecto
1013 2718 1118 2753 maris
1136 2718 1260 2764 pelago
1284 2724 1404 2752 natatu
1426 2717 1575 2751 traiecto

121 2764 159 2798 in
179 2762 315 2797 Italiam
335 2775 459 2808 magna
478 2765 516 2798 vi
534 2765 722 2819 pervenire
742 2765 870 2811 potuit.
916 2763 1070 2799 Hercule
1089 2775 1172 2798 vero
1192 2774 1397 2809 quocunque
1420 2763 1578 2797 venisset

120 2809 360 2853 interrogante
385 2820 463 2843 num
484 2821 562 2854 quis
586 2811 736 2845 vidisset
756 2813 881 2845 bovem
901 2811 992 2844 hunc
1010 2810 1070 2855 qui
1091 2811 1335 2853 aberraverat,
1362 2809 1411 2842 illi
1430 2808 1489 2853 qui
1507 2807 1574 2840 lin-

121 2866 222 2901 guam
246 2856 419 2889 Graecam
439 2855 577 2891 minime
593 2856 842 2904 intelligerent,
867 2858 961 2903 quod
979 2855 1110 2892 Graeci
1134 2854 1295 2898 damalim
1321 2855 1463 2889 vitulam
1482 2863 1578 2888 more

178 2907 294 2944 emt.
331 2907 524 2944 Manassen.
1274 2903 1300 2944 5

1588 1197 1679 1234 P31
