1924 3242
335 191 398 238 62
627 165 628 168 '
960 192 1142 238 lomus

463 303 525 348 ‘H
539 304 636 361 Ζωὴ
658 305 702 348 δὲ
717 304 783 348 τὸν
802 306 1056 365 Παφλαγόνα
1076 309 1247 364 Μιχαὴλ
1266 308 1326 350 ἐπὶ
1344 308 1414 352 τὸν
1430 310 1634 365 βασίλειον
1653 309 1767 368 ἱδρύ-

282 383 313 418 Β
337 387 443 415 σασα
463 372 612 430 θρόνον
632 372 749 432 ᾠήθη
769 375 841 429 μὲν
863 376 948 419 ἀντὶ
970 376 1114 434 ἀνδρὸς
1132 379 1196 419 καὶ
1217 377 1415 431 βασιλέως
1432 380 1575 421 δοῦλον
1591 380 1659 422 καὶ
1674 378 1765 422 διά-

331 458 446 483 κονον
462 441 561 491 ἕξειν
570 473 583 493 ,
613 441 741 497 ἀπέβη
761 443 804 485 δὲ
821 442 946 502 ταύτῃ
963 443 1091 488 πάντα
1110 447 1164 496 εἷς
1178 445 1417 488 τούναντίον.
1482 444 1504 489 ὅ
1521 447 1565 489 δὲ
1578 446 1766 501 βασιλεὺς

331 510 493 573 δαίμονι
507 512 680 566 ληφθεὶς
697 511 762 552 καὶ
781 509 860 554 ὕπὸ
877 511 1020 555 τούτου
1040 511 1376 566 κατατεινόμενος,
1410 514 1476 555 καὶ
1495 513 1627 557 πάντα
1642 519 1766 557 ποιῶν

329 575 429 618 ὥστε
455 577 685 635 ἐλευθερίαν
707 576 849 622 τούτου
877 579 1001 638 εὖρεῖν
1012 614 1024 634 ,
1062 581 1175 623 οὐδὲν
1198 580 1369 635 ὤνησεν·
1401 584 1555 634 μᾶλλον
1576 581 1654 639 γὰρ
1677 583 1798 626 ἕπε-5

330 645 472 687 τείνετο
504 645 549 687 τὸ
585 646 707 688 κακὸν
740 650 1179 703 συνεπιλαμβανομένης
1209 650 1276 690 καὶ
1308 646 1427 690 νόσου
1454 647 1651 706 ὖὸερικῆς.
1717 654 1769 707 τῇ

331 706 402 754 οὖν
431 712 650 770 κατεχούσῃ
677 712 782 772 νόσῳ
814 717 1078 773 ἒκτρυχωθεὶς
1099 719 1166 758 καὶ
1190 715 1388 758 πάντοθεν
1407 720 1479 771 τῆς
1499 718 1644 767 οἰκείας
1666 715 1767 759 ἄπο-

328 779 446 835 γνοῦς
475 784 673 838 σωτηρίας
699 782 945 840 ἀποκείρεται
965 778 1077 842 παρὰ
1094 789 1166 826 τοῦ
1184 788 1365 839 μοναχοῦ
1386 786 1538 838 Κοσμᾶ
1555 789 1629 828 τοῦ
1649 786 1767 836 Τζίν-

328 850 568 901 τζιλουκιόυ,
598 849 642 900 ὃς
673 850 740 891 διὰ
772 852 919 902 παντὸς
947 857 1069 907 συνῆν
1099 853 1210 909 αὐτῷ
1234 855 1299 894 καὶ
1321 853 1518 895 ἐνουθέτει
1539 853 1591 896 τὰ
1613 853 1767 904 δέοντα,

329 917 397 958 καὶ
426 915 590 971 θνήσκει
621 918 662 959 ἐν
691 921 880 979 μετανοίᾳ
911 922 976 962 καὶ
1002 919 1300 976 ἐξομολογήσει,
1335 920 1407 976 τὴν
1430 922 1485 970 εἷς
1507 920 1576 963 τὸν
1595 921 1824 976 βασιλέα-10

324 981 528 1038 Ῥωμανὸν
554 983 753 1043 ἁμαρτίαν
779 987 1112 1043 ἄποκλαιόμενος,
1157 987 1402 1043 βασιλεύσας
1431 988 1498 1043 ἔτη
1531 987 1565 1041 ζ’
1593 990 1660 1032 καὶ
1686 992 1768 1044 μῆ-

328 1069 401 1103 νας
425 1051 476 1108 η’.

279 1120 310 1155 0
469 1126 557 1164 Τοῦ
572 1123 615 1165 δὲ
629 1122 903 1182 Παφλαγόνος
920 1126 1091 1181 Μιχαὴλ
1107 1124 1304 1175 θανόντος
1321 1125 1365 1168 τὸ
1380 1128 1460 1167 πᾶν
1476 1120 1623 1181 κράτος
1636 1123 1769 1180 περιέ-

329 1205 404 1245 στη
429 1191 483 1240 εἲς
503 1190 747 1247 κληρονόμον
767 1193 839 1246 τὴν
858 1196 1048 1245 βασιλίδα
1069 1192 1211 1247 Ζωήν,
1236 1193 1262 1248 ἢ
1281 1192 1349 1234 τὸν
1369 1196 1442 1234 τοῦ
1457 1190 1655 1245 βασιλέως
1676 1189 1767 1233 ’ἆνε-

328 1257 426 1311 ψιόν
451 1260 518 1298 καὶ
542 1256 753 1312 ὁμώνυμον
761 1290 775 1310 ,
812 1260 1004 1315 Καίσαρα
1023 1258 1119 1300 ὄντα
1141 1261 1205 1300 καὶ
1228 1257 1468 1315 δραστήριον
1488 1260 1682 1300 δοκοῦντα
1701 1259 1767 1300 καὶ
1779 1261 1822 1296 15

326 1326 415 1381 περὶ
439 1324 490 1366 τὰ
510 1323 726 1380 πράγματα
749 1323 895 1377 δεξιόν,
923 1324 1056 1382 ὅρκοις
1073 1324 1266 1383 πρότερον
1289 1323 1625 1382 φρικωδεστάτοις
1643 1341 1768 1368 κατα-

326 1395 510 1445 λαβοῦσα
531 1390 585 1441 ὡς
600 1394 740 1448 κυρίαν
762 1393 885 1447 αὐτὴν
907 1394 980 1443 ἕξει
1005 1393 1072 1435 διὰ
1086 1395 1178 1447 βίου
1203 1395 1269 1436 καὶ
1289 1394 1504 1448 δέσποιναν
1515 1395 1581 1436 καὶ
1600 1394 1768 1450 μητέρα,

324 1459 548 1514 εἶσποιητὸν
578 1459 877 1518 προσλαμβάνει
906 1461 992 1503 υἱὸν
1015 1462 1080 1503 καὶ
1101 1462 1272 1514 βασιλέα
1288 1459 1496 1515 Ῥωμαίων
1517 1460 1767 1518 ἀναγορεύει·

323 1526 369 1577 ὃς
396 1527 470 1577 τὰς
500 1528 601 1584 πρὸς
633 1529 755 1583 αὐτὴν
783 1527 986 1583 ἀθετήσας
1008 1527 1237 1583 συνθήκας,
1266 1530 1331 1572 καὶ
1355 1529 1423 1571 διὰ
1442 1533 1559 1572 τοῦτο
1580 1530 1769 1584 μισηθεὶς

323 1595 435 1652 παρὰ
464 1596 612 1646 παντὸς
638 1601 711 1638 τοῦ
741 1595 924 1651 πλήθους
944 1601 1016 1652 τῆς
1035 1595 1209 1649 πόλεως,
1238 1598 1304 1640 καὶ
1327 1596 1400 1651 τὴν
1419 1601 1493 1639 τοῦ
1513 1594 1642 1651 δήμου
1664 1595 1822 1644 ἅκαέ-’,ΞΟ

322 1661 515 1717 τάσχετον
552 1663 755 1714 ὁειλιάσας
787 1665 959 1719 κίνησιν,
996 1665 1126 1721 φυγὰς
1161 1664 1284 1722 ᾤχετο
1307 1666 1362 1714 εἷς
1382 1664 1454 1718 τὴν
1474 1669 1548 1706 τοῦ
1568 1665 1765 1706 Στουδίον

322 1730 470 1784 μονήν,
513 1733 578 1773 καὶ.
606 1732 729 1782 εὐθυς
749 1732 793 1773 τὸ
813 1732 1028 1785 μοναχικὸν
1051 1731 1330 1788 περιβάλλεται
1351 1736 1501 1785 σχῆμα.
1569 1730 1664 1772 ἀλλ’
1692 1731 1766 1773 οὐκ

323 1798 502 1855 ἀπέδρα·
531 1799 576 1840 τὸ
608 1800 685 1855 γὰρ
718 1803 877 1852 πλῆθος
898 1805 970 1841 τοῦ
987 1803 1089 1841 λαοῦ
1109 1801 1272 1854 κινηθὲν
1295 1800 1362 1840 καὶ
1385 1802 1527 1840 τοῦτον
1547 1801 1620 1853 τῆς
1639 1803 1767 1854 μονῆς

325 1864 574 1923 ἄφαρπάσαν
596 1865 736 1922 ἄγουσι
753 1866 855 1909 κατὰ
873 1867 942 1909 τὸν
957 1865 1079 1909 τόπον
1095 1866 1164 1909 τὸν
1184 1865 1392 1923 λεγόμενον
1408 1867 1543 1921 Σίγμα
1557 1867 1623 1909 καὶ
1642 1866 1768 1917 εὐθὺς

418 1972 491 2007 Zoe
515 1972 679 2008 Michaele
704 1973 923 2019 Paphlagone
944 1973 978 2008 in
1002 1973 1212 2019 imperatoris
1237 1972 1319 2007 solio
1347 1973 1527 2016 collocato,
1548 1972 1708 2018 sperabat
1727 1983 1765 2008 se

326 2018 401 2054 loco
416 2019 525 2052 mariti
542 2023 577 2052 et
591 2019 801 2064 imperatoris
815 2019 1012 2064 mancipium
1028 2031 1068 2053 ac
1082 2019 1238 2053 famulum
1258 2018 1452 2054 habituram.
1497 2018 1555 2052 sed
1579 2018 1668 2052 votis
1689 2019 1765 2051 exi-

326 2070 382 2098 tus
397 2064 527 2098 minime
541 2065 797 2109 responderunt.
837 2076 938 2110 porro
955 2066 1138 2110 imperator
1153 2064 1237 2097 malo
1253 2064 1350 2108 genio
1367 2063 1529 2098 obnoxius
1543 2074 1615 2097 cum
1630 2063 1764 2098 nimium

325 2108 568 2152 afflictaretur,
593 2110 671 2143 nihii
699 2111 896 2144 intentatum
916 2115 954 2143 ut
972 2112 1014 2144 ab
1031 2110 1094 2144 hac
1108 2121 1145 2143 se
1159 2119 1314 2143 aerumna
1334 2110 1496 2143 liberaret
1509 2108 1656 2153 reliquit.
1703 2108 1764 2143 sed

325 2154 435 2188 omnia
460 2166 555 2189 cassa
581 2156 613 2188 in
637 2159 717 2189 vota
742 2161 862 2190 vocata
885 2159 973 2191 sunt.
1018 2154 1163 2201 quinimo
1179 2154 1336 2198 magisne
1349 2154 1453 2198 magis
1469 2153 1635 2187 cruciatus
1658 2163 1765 2198 auge-

324 2197 447 2232 bantur
473 2211 580 2243 aquae
602 2201 778 2234 intercutis
794 2201 993 2236 accessione.
1037 2201 1150 2244 itaque
1165 2200 1320 2233 continuo
1336 2199 1450 2233 morbo
1465 2199 1635 2233 confectus
1647 2224 1656 2240 ,
1678 2209 1765 2244 pro-

324 2245 599 2288 priaquesalute
623 2246 818 2290 desperata,
842 2259 862 2280 a
888 2247 1050 2280 monacho
1078 2246 1200 2279 Cosma
1227 2244 1471 2286 Tzintzilucio‚
1494 2244 1550 2288 qui
1566 2244 1614 2278 illi
1631 2254 1764 2289 semper

325 2288 444 2322 aderat
461 2290 656 2334 agendaque
674 2291 916 2335 demandabat,
940 2291 1154 2334 detondetur,
1177 2290 1418 2335 paenitensque
1431 2294 1550 2323 exacta
1566 2289 1762 2324 delictorum

324 2334 533 2367 confessione
557 2335 752 2380 facinusque
769 2337 803 2369 in
819 2337 1003 2371 Romanum
1031 2337 1265 2381 imperatorem
1284 2334 1460 2381 depiorans
1475 2335 1662 2380 occumbit,
1687 2345 1762 2369 cum

323 2383 498 2423 regnasset
513 2390 617 2412 annos
632 2385 759 2424 septem
776 2385 811 2414 et
827 2393 954 2415 menses
969 2387 1056 2415 octo.

414 2424 583 2458 Michaele
606 2424 823 2469 Paphlagone
850 2426 1007 2460 defuncto
1028 2427 1186 2460 universa
1207 2423 1336 2470 imperii
1359 2434 1440 2458 cura
1461 2423 1494 2458 in
1517 2423 1762 2469 imperatricem

323 2469 428 2503 Zoem
448 2474 607 2514 tanquam
631 2470 786 2504 heredem
812 2470 972 2504 devoluta
998 2476 1060 2506 est.
1106 2472 1189 2505 haec
1202 2469 1410 2515 imperatoris
1425 2481 1467 2504 ex
1483 2471 1589 2504 fratre
1605 2475 1761 2514 nepotem

320 2514 433 2559 illique
449 2515 674 2558 cognominem
690 2515 868 2549 Caesarem
885 2521 1044 2559 creatum,
1067 2516 1227 2550 audacem
1243 2520 1277 2549 et
1290 2515 1502 2549 temerarium
1515 2515 1686 2560 rebusque
1697 2526 1762 2559 ge-

320 2560 435 2593 rendis
459 2565 756 2605 peropportunum,
780 2561 873 2606 prius
899 2561 1154 2595 horrendissimo
1180 2560 1393 2594 iureiurando
1417 2560 1606 2594 devinctum
1634 2571 1672 2594 se
1696 2570 1761 2606 per

322 2616 450 2638 omnem
466 2606 556 2639 vitae
571 2610 702 2649 tempus
719 2606 814 2649 quasi
830 2605 991 2639 dominam
1009 2618 1048 2639 ac
1065 2607 1177 2640 heram
1193 2610 1228 2640 et
1243 2610 1380 2639 matrem
1396 2609 1677 2651 pertractaturum
1691 2631 1701 2648 ,
1724 2605 1760 2638 in

320 2650 429 2684 locum
452 2650 511 2683 filii
533 2651 671 2683 assumit
696 2655 731 2684 et
752 2651 985 2695 imperatore-m
1011 2652 1144 2686 salutat.
1190 2661 1307 2684 verum
1324 2651 1354 2684 is
1370 2650 1478 2696 pactis
1494 2661 1567 2684 cum
1582 2650 1655 2683 Zoe
1667 2649 1760 2683 initis

321 2695 454 2729 violatis
469 2695 646 2728 universae
660 2696 876 2729 multitudinis
892 2696 1000 2729 odium
1016 2696 1153 2729 incurrit
1164 2720 1174 2737 ‚
1198 2700 1232 2729 et
1255 2695 1369 2740 populi
1383 2695 1636 2729 incontinentem
1651 2695 1759 2738 impe-

322 2746 391 2774 tum
405 2740 522 2774 timens
537 2741 570 2774 in
587 2741 698 2774 studii
717 2741 949 2775 monasterium
969 2741 1136 2785 confugit,
1161 2742 1342 2786 statimque
1367 2740 1517 2774 monachi
1534 2739 1681 2773 habitum
1705 2739 1759 2772 in·

323 2785 406 2820 duit.
453 2786 511 2820 sed
538 2797 580 2819 ne
605 2786 652 2820 sic
675 2786 808 2831 quidem
834 2786 915 2820 iram
940 2786 1099 2820 evitavit:
1123 2786 1299 2820 multitudo
1314 2796 1454 2830 namque
1469 2785 1582 2830 populi
1597 2788 1758 2818 commota

322 2841 395 2865 eum
418 2842 437 2866 a
463 2830 663 2866 monasterio
679 2833 853 2876 abreptum
871 2832 905 2866 in
923 2832 1028 2866 locum
1044 2832 1101 2876 qui
1115 2831 1235 2866 dicitur
1250 2831 1364 2876 Sigma
1383 2831 1607 2875 transferunt,
1628 2829 1758 2863 subito-
