1924 3242
309 138 372 184 72
697 135 927 182 GEORGII
949 135 1328 181 ACROPOLITAE

308 268 424 305 μενος
431 282 445 303 ,
491 248 567 294 ὅσα
593 245 642 303 ἦν
669 249 771 299 εῗκὸς
800 254 943 300 ποιεῖν,
978 250 1096 291 ἐποίει
1123 250 1224 293 κατὰ
1254 254 1324 304 τῆς
1350 245 1510 298 πόλεως.
1577 247 1669 290 οὐδὲ
1688 248 1745 290 οἱ

308 319 416 368 ἐντὸς
438 316 640 360 ἀπώκνουν
659 314 894 373 ἐργάζεσθαι
902 347 915 368 ,
951 316 1053 358 ἀλλὰ
1071 319 1136 359 καὶ
1156 312 1263 360 οὗτοι
1284 316 1479 373 ἐκδρομὰς
1493 318 1572 359 τῶν
1591 319 1726 358 πυλῶν

308 384 470 435 ἐξιόντες
502 384 605 426 κατὰ
632 389 712 427 τῶν
737 389 807 427 τοῦ
838 385 1032 437 βασιλέως
1062 386 1228 428 ἐποίουν.
1295 384 1342 427 οὗ
1360 385 1498 438 συχναὶ
1517 387 1725 440 παρῆλθον

306 451 448 508 ἡμέραι
460 483 474 502 ,
508 453 573 493 καὶ
602 451 648 494 τὸ
679 456 757 495 τῶν
785 450 983 508 Ταχάρων
1009 451 1125 502 ἔθνος
1154 451 1256 495 κατὰ
1285 456 1364 494 τῶν
1391 449 1724 505 Μουσουλμάνων

303 524 490 574 χωρῆσαν
508 520 574 560 καὶ
596 517 765 573 πόλεμον
784 520 875 562 κατ’
898 520 1027 562 αὐτῶν
1044 523 1243 576 συρρῆξαν
1258 521 1439 574 νενίκηκε.
1482 519 1548 561 καὶ
1570 516 1591 560 ὅ
1610 516 1756 573 λόγος5

254 594 285 627 D
310 585 456 642 φθάνει
486 586 583 642 πρὸς
609 586 677 629 τὸν
701 588 868 641 βασιλέα
889 588 1145 641 διαμηνυθεὶς
1160 587 1268 644 παρὰ
1288 591 1358 630 τοῦ
1378 587 1493 636 υἱέως
1512 584 1635 628 αὗτοῦ
1654 589 1724 627 τοῦ

304 654 498 706 βασιλέως
523 652 731 711 Θεοδώρου
745 668 756 678 ·
793 660 933 697 τοῦτον
961 655 1039 710 γὰρ
1061 657 1327 697 καταλελοίπει
1350 655 1437 712 περὶ
1455 652 1507 695 τὰ
1528 653 1628 709 μέρη
1646 655 1727 695 τῶν

303 723 455 776 Πηγῶν
476 723 710 778 διατρίβειν,
746 722 858 778 ἀφεὶς
876 722 967 775 μετ’
992 723 1114 764 αὐτοῦ
1139 725 1204 764 καὶ
1233 722 1302 765 τὸν
1322 719 1578 772 Μουζάλωνα
1590 717 1726 762 Ἰωάν-

304 805 398 842 νην,
427 789 617 841 μυστικὸν
643 790 714 842 μὲν
741 789 835 832 ὄντα
860 788 922 831 ὅτε
945 796 1027 839 τοῖς
1046 796 1247 843 κοσμικοῖς
1269 788 1542 839 συνετάττετο,
1575 785 1662 830 τότε
1683 785 1727 828 δὲ

303 855 477 908 μοναχὸς
497 850 558 910 ἦν,
594 857 692 912 ἀνὴρ
711 855 872 906 ὄξύνους
890 858 955 899 καὶ
978 857 1214 914 δραστήριος
1236 859 1300 899 καὶ
1316 861 1536 911 βασιλικοῖς
1552 859 1631 898 τῶν
1651 853 1725 896 ἄλ·
1739 859 1782 894 10

305 926 384 964 λων
410 924 526 964 πλέον
556 925 761 980 ἐμπρέπων
797 923 1025 981 πράγμασι,
1078 927 1144 967 καὶ
1171 925 1240 968 τὸν
1270 923 1528 980 Λιβαδάριον
1558 921 1730 975 Μιχαὴλ

303 990 427 1045 μέγαν
442 989 712 1047 ἕταιρειάρχην
731 991 838 1034 ὄντα.
893 990 947 1042 ὥς
963 997 1057 1047 γοῦν
1073 998 1143 1046 τῆς
1163 991 1299 1049 φήμης
1321 990 1342 1033 ὅ
1363 989 1550 1046 βασιλεὺς
1565 989 1728 1046 ᾔσθετο,

305 1058 456 1111 σιωπὴν
479 1061 743 1115 παραγγείλας
771 1059 866 1108 τοὺς
897 1058 1050 1109 εἰδότας
1077 1059 1184 1115 ἄγειν
1209 1062 1275 1102 καὶ
1303 1061 1440 1114 μηδενὶ
1467 1059 1555 1114 περὶ
1587 1055 1728 1100 τούτου

303 1132 511 1177 κοινωνεῖν,
545 1129 599 1176 εἷς
620 1125 837 1180 συμβάσεις
853 1127 954 1180 μετὰ
976 1132 1047 1169 τοῦ
1069 1128 1176 1177 ἐντὸς
1191 1126 1372 1168 Ἰωάννου
1389 1131 1532 1181 χωρεῖ’,
1567 1125 1730 1181 πρέσβιν

304 1193 345 1233 ἐν
371 1191 525 1242 τούτοις
553 1194 687 1246 λαβὼν
721 1194 789 1235 τὸν
821 1195 971 1250 πατέρα
1001 1193 1183 1236 Ἰωάννου
1210 1194 1278 1236 τὸν
1294 1193 1476 1249 Ἄγγελον
1508 1190 1728 1247 Θεόδωρον.
1741 1196 1784 1233 15

303 1261 583 1315 πληρουμένων
606 1265 701 1314 γοῦν
721 1259 881 1316 ἡμερῶν
899 1260 1192 1316 τεσσαράκοντα
1212 1262 1382 1315 ἐγένοντο
1411 1259 1639 1304 αἳ,’σπονδαὶ
1665 1259 1732 1300 καὶ

304 1326 341 1367 οἱ
361 1325 470 1382 ὅρκοι
490 1328 737 1383 προέβησαν·
771 1327 822 1369 τὰ
846 1327 918 1380 μὲν
945 1327 1021 1383 γὰρ
1050 1328 1204 1385 ἐρυθρὰ
1233 1329 1372 1369 πέδιλα
1402 1325 1642 1380 ἄπεβάλλετο
1665 1326 1732 1368 καὶ

301 1393 374 1447 τὴν
391 1392 687 1451 περιμάργαρον
705 1396 922 1451 πυραμίδα,
953 1397 1008 1444 εἷς
1027 1394 1075 1449 ἢν
1093 1398 1158 1437 καὶ
1177 1397 1292 1444 λίθος
1306 1394 1580 1452 ὗπερκάθηται
1598 1391 1731 1435 κόκκι-
1768 1411 1770 1413 ·

301 1478 390 1511 νος,
426 1462 616 1515 βασιλικὰ
639 1466 766 1504 ταῦτα
793 1459 995 1516 σύμβολα,
1025 1465 1226 1517 τετίμηται
1256 1464 1298 1505 δὲ
1325 1463 1424 1520 πρὸς
1447 1467 1517 1505 τοῦ
1536 1462 1732 1516 βασιλέως

301 1533 357 1585 τῷ
383 1530 598 1586 δεσποτικῷ
618 1528 833 1583 ἀξιώματι,
860 1532 925 1571 καὶ
948 1530 1083 1580 εὔνους
1102 1529 1275 1588 ἀνεφάνη
1297 1535 1352 1587 τῷ
1373 1534 1538 1584 βασιλεῖ’.
1605 1533 1785 1571 ταῦτα20

186 1598 214 1630 Ρ
237 1598 281 1633 37
306 1597 348 1637 δὲ
369 1595 685 1653 διαπραξάμενος
703 1595 723 1638 ὃ
741 1597 928 1651 βασιλεὺς
947 1602 1175 1640 παλινοστεῖ
1189 1599 1289 1654 πρὸς
1307 1598 1379 1652 τὴν
1396 1599 1447 1639 ἕω
1458 1629 1472 1648 ,
1506 1596 1732 1639 καταλιπὼν

305 1663 496 1718 δεσπότην
523 1665 590 1706 τὸν
616 1666 783 1718 βασιλέα
810 1667 875 1707 καὶ
903 1664 1137 1722 ὑποχείριον,
1173 1665 1304 1722 ὅρκοις
1328 1663 1526 1719 συνδήσας
1542 1670 1624 1713 τοῖς
1641 1666 1731 1705 εἴω-

302 1730 398 1773 θόσι
419 1734 484 1772 καὶ
505 1730 648 1787 δώροις
665 1731 784 1774 εἰκόσι
805 1732 1099 1785 δεξιωσάμενος,
1129 1736 1194 1775 καὶ
1215 1732 1365 1791 πάντας
1383 1732 1476 1782 τοὺς
1490 1730 1560 1773 ὕπ’
1587 1733 1730 1773 ἐκεῖνον

393 1849 416 1882 2
439 1845 548 1881 ἔνδον,
566 1848 597 1881 D
704 1845 918 1891 ἐργάζεσθαι
940 1852 975 1883 et
995 1848 1057 1884 καὶ
1080 1844 1183 1883 οὗτοι
1206 1861 1257 1883 om
1278 1850 1310 1883 D
1414 1850 1437 1884 3
1459 1846 1554 1882 κατὰ
1570 1868 1614 1876 -
1631 1847 1731 1893 βασι·

393 1891 481 1932 λέως
505 1904 556 1926 om
578 1893 610 1926 D
679 1894 802 1936 συχναὶ
829 1891 867 1927 δὲ
883 1905 919 1928 π.
936 1894 966 1927 D
1035 1897 1056 1930 6
1076 1894 1368 1937 διαμηνυθεὶς-
1385 1896 1427 1930 12
1438 1890 1588 1938 ᾔσθετο]
1606 1888 1627 1927 ὁ
1644 1890 1683 1927 δὲ
1698 1892 1730 1925 D

393 1939 438 2018 ig
456 1936 558 2027 221}ss
568 1941 812 2017 ἶλκοινωνεῖν
836 1950 888 1973 om
910 1939 942 1972 D
1048 1940 1091 1975 14
1114 1938 1219 1975 ἔνδον
1239 1941 1272 1974 D
1376 1941 1418 1976 18
1439 1937 1675 1999 ’ὑπερκάθητο
1697 1937 1730 1970 D

304 2082 395 2116 cives
411 2082 654 2128 desponderant
667 2083 829 2128 animum,
860 2084 921 2119 sed
942 2085 1069 2120 foribus
1092 2086 1218 2130 egressi
1237 2085 1486 2120 excursionibus
1499 2082 1731 2128 imperatorios

303 2128 515 2162 divexabant.
561 2141 624 2163 nec
647 2130 765 2164 multos
788 2134 867 2175 post
890 2131 960 2164 dies
975 2131 1214 2166 Tachariorum
1231 2132 1320 2165 natio
1344 2132 1378 2164 in
1393 2129 1616 2164 Musulmanos
1633 2129 1732 2162 inva-

303 2172 384 2206 dens
435 2174 538 2207 roelio
565 2186 636 2208 cum
659 2175 720 2208 illis
744 2175 877 2209 dimicat
898 2180 933 2209 et
955 2177 1071 2220 fugat3
1106 2177 1148 2210 de
1172 2187 1237 2222 quo
1261 2177 1441 2221 imperator
1465 2175 1506 2208 ab
1530 2174 1732 2218 imperatore

305 2217 402 2250 Theo
427 2230 484 2251 oro
500 2219 582 2261 filio,
596 2231 694 2264 quem
708 2220 739 2253 in
755 2221 920 2264 Pegarum
936 2223 1085 2265 partibus
1101 2233 1163 2255 una
1180 2233 1252 2256 cum
1264 2222 1386 2255 Ioanne
1397 2220 1574 2254 Muzalone
1591 2219 1730 2263 mystico

303 2262 448 2305 quidem,
472 2263 548 2296 dum
564 2275 635 2297 cum
651 2264 742 2298 laicis
758 2272 1060 2308 connumeraretur,
1083 2267 1142 2300 sed
1156 2272 1224 2300 tum
1241 2267 1409 2308 monacho,
1433 2265 1562 2299 homine
1578 2275 1663 2299 navo
1677 2264 1732 2298 in-

302 2307 428 2340 dustrio
454 2308 737 2353 experientissimo
756 2315 791 2342 et
805 2311 904 2343 rebus
919 2310 1137 2355 imperatoriis
1152 2311 1415 2345 administrandis
1431 2315 1507 2343 ante
1523 2310 1605 2343 alios
1620 2309 1732 2343 excel-

303 2352 500 2393 lentissimo,
532 2357 567 2387 et
583 2353 744 2387 Michaele
759 2354 935 2388 Libadario
962 2367 1081 2399 magno
1105 2357 1351 2398 hetaeriarcha,
1379 2356 1577 2399 reliquerat,
1609 2355 1732 2388 certior

304 2397 356 2432 fit.
402 2397 434 2430 id
452 2397 507 2431 ubi
522 2398 739 2442 persensisset
753 2399 941 2443 imperator,
965 2405 1002 2434 ut
1017 2401 1146 2435 silentio
1163 2402 1304 2436 scientes
1318 2406 1471 2435 tenerent
1486 2405 1520 2433 et
1535 2412 1576 2434 ne
1592 2401 1645 2434 cui
1662 2411 1731 2434 rem

305 2443 580 2476 communicarent
594 2443 697 2478 iubet.
741 2444 870 2478 interim
895 2456 966 2478 cum
982 2446 1123 2489 Ioanne,
1144 2447 1201 2491 >qui
1217 2447 1473 2480 Thessalonicae
1496 2450 1590 2487 erat,
1613 2445 1732 2479 foedus

303 2487 395 2530 ferit,
418 2500 490 2522 cum
505 2499 565 2533 pro
581 2500 621 2522 eo
639 2489 836 2522 Theodorus
851 2490 997 2533 Angelus
1013 2491 1144 2525 Ioannis
1161 2496 1254 2535 pater
1269 2492 1398 2535 legatus
1414 2491 1622 2526 accessisset.
1643 2491 1732 2524 inter

305 2532 376 2566 dies
391 2533 613 2578 quadraginta
627 2534 813 2567 sanctiones
826 2535 938 2568 factae
953 2540 1029 2568 sunt
1044 2542 1078 2568 et
1092 2536 1310 2570 iusiurandum
1323 2538 1421 2570 finem
1436 2537 1569 2572 habuit:
1591 2547 1732 2581 namque

306 2578 399 2611 rubri
414 2579 518 2612 calcei
533 2579 655 2612 dimissi
669 2583 705 2612 et
718 2579 892 2613 unionibus
907 2580 1116 2614 interstincta
1131 2582 1294 2626 pyramis,
1327 2594 1427 2626 super
1451 2592 1548 2626 quam
1566 2581 1650 2626 lapis
1673 2591 1731 2614 ru·

307 2624 390 2657 beus
405 2624 585 2666 emicabat,
620 2635 706 2668 quae
721 2625 957 2669 imperatorum
970 2625 1108 2669 insignia
1124 2631 1221 2669 sunt3
1254 2628 1297 2661 ab
1322 2627 1524 2672 imperatore
1537 2631 1656 2672 postea
1670 2626 1732 2660 de-

306 2674 425 2712 spotae
439 2669 601 2713 dignitate
615 2670 878 2714 condecoratur,
908 2670 1000 2704 cuius
1019 2676 1054 2704 et
1069 2672 1241 2706 amicitiam
1259 2673 1371 2706 coluit.
1418 2672 1469 2707 his
1485 2671 1656 2717 completis
1669 2670 1730 2704 im·-

306 2719 442 2757 perator
455 2714 490 2748 in
507 2715 679 2748 Orientem
694 2719 832 2757 remeat,
856 2727 928 2749 cum
942 2715 1079 2750 fecisset
1096 2721 1134 2750 ut
1151 2717 1331 2762 imperator
1345 2718 1488 2763 despota
1506 2720 1596 2750 esset
1610 2721 1644 2750 et
1657 2726 1729 2748 ser-

299 2770 389 2801 wus3
423 2771 518 2804 quem
535 2760 741 2795 iureiurando
755 2787 765 2804 ,
799 2761 847 2795 uti
865 2761 963 2795 moris
978 2766 1047 2795 erat
1058 2789 1068 2805 ,
1091 2763 1317 2798 obstrinxerat
1332 2762 1588 2809 muneribusque
1603 2772 1663 2806 pro
1677 2760 1730 2794 di·
