1924 3242
359 170 422 217 58
743 169 975 214 GEORGII
1004 169 1384 216 AGROPOLITAE

357 283 426 326 τὸν
456 279 591 337 ,Αἶμον
626 282 770 336 διαβὰς
802 279 939 339 ἐχώρει
968 283 1031 325 ἐπὶ
1054 282 1123 327 τὸν
1149 284 1366 341 Τρίνοβον,
1391 281 1603 340 κλαιούσης
1617 283 1690 339 μὲν
1703 286 1774 340 τῆς

359 351 485 394 αῧτοῦ
512 349 716 407 θυγατρὸς
743 351 809 392 καὶ
837 350 1131 408 ὀλοφυρομένης
1137 384 1151 404 ,
1185 354 1251 395 καὶ
1271 356 1465 410 πενθερᾶς
1482 354 1549 396 καὶ
1568 353 1774 407 βασιλίδος

358 417 530 475 Εἰρήνης
556 419 623 459 καὶ
655 421 728 460 τοῦ
754 416 920 474 συζύγου
951 420 1038 461 λίαν
1064 420 1353 476 ἓποδυρομένης
1371 419 1439 462 τὸν
1454 418 1680 478 χωρισμόν,
1709 418 1772 462 ὅτε

359 487 458 542 φασὶ
481 484 550 526 τὸν
571 484 692 527 Ἀσὰν
719 485 1039 543 προσλαβόμενον
1065 486 1187 541 αὐτὴν
1213 492 1284 541 τῆς
1312 487 1434 530 αὐτοῦ
1459 489 1686 545 ἐφεστρίδος
1702 486 1773 541 ἴμ-

311 559 340 593 Β
361 555 538 609 προσθεν
564 553 793 596 ἐπικαθίσαι
825 556 891 596 καὶ
912 553 1038 609 τύψαι
1059 554 1161 596 κατὰ
1189 553 1333 611 κόρρης
1350 562 1432 605 τοῖς
1450 553 1678 607 δακτύλοις,
1697 556 1806 598 ,καὶὸ

357 621 615 675 ἐπαπειλῆσαι
643 623 799 673 δεινῶς,
834 623 868 664 εἲ
895 622 953 677 μὴ
984 627 1074 679 σιγῇ
1102 623 1210 679 φέρει
1238 621 1314 665 ὅσα
1345 623 1383 665 οἱ
1413 623 1480 665 διὰ
1503 626 1652 677 βουλῆς
1672 622 1775 664 ἐστὶν

355 688 418 730 ἐπ’
440 688 543 744 αὖτῇ
561 687 877 745 διαπράξασθαι.
1617 716 1620 720 ›
1647 719 1649 722 -
1803 695 1806 698 ’

493 755 571 800 35.
635 757 744 798 Κατ’
778 758 897 799 ἐκεῖνο
927 760 1067 812 καιροῦ
1092 757 1157 798 καὶ
1186 755 1231 798 τὸ
1247 760 1327 799 τῶν
1347 759 1520 799 Σκυθῶν
1534 755 1666 812 γένος,
1697 758 1775 799 τῶν

355 820 578 880 Ταρτάρων
610 823 944 881 καταδραμόντων
973 824 1125 876 αὐτῶν,
1152 821 1290 867 ὁπόσοι
1316 824 1361 866 τὸ
1389 826 1504 881 ξίφος
1521 823 1774 874 ἓκείνωνέξέ-

353 907 493 948 φύγον,
519 891 654 942 ἀσκοῖς
674 893 742 934 τὸν
756 891 908 949 Ἴστρον
933 890 1239 948 διαπεράσαντες
1258 892 1405 942 τέκνοις
1424 891 1509 946 ἅμα
1524 893 1590 935 καὶ
1610 891 1829 947 γυναιξίμο

353 960 420 1000 καὶ
450 957 624 1001 ἀκόντων
650 958 894 1016 ,Βουλγάρων
919 960 1089 1014 (πολλαὶ
1113 959 1189 1016 γὰρ
1210 958 1386 1016 ὑπῆρχον
1408 957 1656 1013 χιλιοστύες)
1683 957 1776 1007 τοὺς

351 1029 422 1080 τῆς
438 1028 697 1077 Μακεδονίας
707 1026 866 1084 χώρους
882 1028 1121 1081 κατέλαβον,
1149 1027 1185 1068 οἳ
1202 1028 1273 1081 μὲν
1291 1029 1379 1084 περὶ
1396 1027 1466 1068 τὸν
1477 1026 1623 1083 Ἕβρον
1641 1027 1707 1068 καὶ
1723 1025 1775 1067 τὰ

349 1093 471 1136 ἐκεῖσε
491 1095 606 1136 πεδία
630 1095 702 1145 τὰς
722 1096 848 1148 νομὰς
871 1093 1117 1149 ποιούμενοι,
1152 1095 1188 1136 οἳ
1211 1096 1252 1136 δὲ
1271 1096 1359 1151 περὶ
1379 1094 1431 1137 τὰ
1445 1094 1652 1150 κατωτέρω
1672 1093 1773 1149 μέρη

350 1162 417 1203 καὶ
447 1161 515 1204 τὸν
544 1163 722 1216 ποταμὸν
751 1162 795 1204 ὃν
828 1161 853 1215 ἦ
880 1161 1008 1216 χύδην
1029 1162 1172 1219 ῥέουσα
1191 1166 1371 1217 γλῶττα,
1406 1160 1591 1217 καθάπερ
1611 1160 1773 1218 ἔφημεν,

298 1235 328 1269 c
350 1230 565 1285 Μαρίτζαν
594 1228 862 1284 κατονομάζει.
929 1231 995 1271 καὶ
1019 1230 1096 1285 γὰρ
1122 1228 1225 1271 ἔστιν
1247 1227 1302 1278 ὥς
1322 1229 1485 1282 ἀληθῶς
1496 1227 1642 1284 Ἕβρος
1659 1227 1827 1284 μέχρι>15

348 1298 416 1337 καὶ
450 1300 522 1349 τῆς
553 1298 692 1350 Αἵμου
730 1296 802 1346 τὰς
830 1297 1027 1350 ἐκδρομὰς
1051 1294 1305 1349 ποιούμενος,
1339 1295 1521 1337 κάκεῖθεν
1540 1296 1603 1336 ἐπὶ
1624 1294 1670 1336 τὸ
1691 1295 1774 1337 Αἷ-

346 1368 459 1418 γαῖον
489 1363 631 1419 ε’κρέων
662 1363 850 1418 πέλαγος·
887 1361 945 1404 ὅτι
967 1365 1009 1405 δὲ
1031 1361 1305 1417 συμβάλλουσι
1323 1360 1450 1420 τούτῳ
1467 1364 1534 1404 καὶ
1557 1362 1681 1419 ἕτεροι
1698 1378 1773 1404 ποε-

346 1432 467 1483 ταμοὶ
483 1432 549 1472 καὶ
566 1431 685 1483 μείζω
706 1434 897 1482 ποιοῦσιν,
918 1429 1143 1473 ἔναλλάττει
1163 1437 1246 1480 τοῖς
1262 1434 1494 1487 παροικοῦσι
1507 1431 1573 1472 καὶ
1585 1428 1773 1483 τοῦνομα.

346 1496 499 1552 ε’λήϊζον
520 1492 590 1540 οὖν
606 1498 657 1540 τὰ
676 1499 717 1540 ἐν
729 1499 968 1558 Μακεδονίᾳ
984 1497 1127 1550 πάντα,
1149 1500 1214 1540 καὶ
1234 1496 1288 1548 ὥς
1306 1499 1346 1539 ἓν
1363 1498 1480 1555 ὀλίγῳ
1499 1497 1628 1554 ἴρημα
1643 1495 1772 1539 πάντα

346 1568 426 1606 τῶν
448 1564 664 1622 οἰκητόρων
686 1567 885 1620 ἐποίησαν,
916 1568 982 1609 καὶ
1003 1569 1175 1608 Σκυθῶν
1192 1566 1356 1622 ἐρημίαν
1383 1565 1455 1620 (τὸ
1472 1569 1543 1619 τῆς
1557 1565 1827 1621 παροιμίαςω

345 1632 475 1688 ἐρεῖν)
507 1631 794 1689 ἀπειργάσαντο
803 1665 817 1685 ,
852 1635 919 1675 καὶ
937 1635 1144 1687 πολιχνίων
1163 1634 1206 1674 δὲ
1226 1631 1353 1675 ὁπόσα
1368 1630 1545 1689 ὑπῆρχον
1562 1633 1771 1689 εὗχείρωτα

434 1772 455 1807 1
478 1771 561 1815 περὶ
581 1770 683 1816 vulgo
806 1772 830 1806 2
851 1770 913 1806 καὶ
931 1771 1114 1826 πενθερᾶς
1130 1791 1176 1798 —
1191 1770 1370 1816 χωρισμόν
1391 1783 1444 1806 om
1458 1772 1490 1807 D
1606 1771 1630 1825 ἐξ
1650 1770 1772 1815 τῆς-

433 1815 498 1850 καὶ
528 1827 581 1850 om
606 1817 639 1850 1)
793 1817 815 1851 5
845 1820 925 1856 τοῖς
949 1818 1140 1857 δακτυλοις
1164 1829 1216 1850 om
1240 1819 1271 1851 D
1425 1819 1448 1852 6
1479 1816 1651 1896 διαῗολης
1672 1816 1772 1860 vulgo

401 1898 405 1901 Δ
435 1861 471 1896 εἰ
483 1880 528 1887 -
543 1858 817 1903 διαπράξασθαι
835 1873 888 1895 om
905 1863 936 1895 D
1128 1864 1171 1897 10
1193 1859 1476 1905 διαπεράσαντες
1493 1874 1539 1896 κα
1571 1859 1640 1896 τὸν
1659 1859 1772 1904 Αἷμον

433 1903 755 1950 ’ὑπερπηδήσαντες
771 1905 910 1946 τέκνοις
926 1907 958 1941 D
1119 1908 1162 1943 13
1183 1907 1266 1951 περὶ
1280 1927 1324 1933 -
1342 1909 1384 1942 18
1398 1904 1583 1951 τοῦνομα]
1605 1905 1687 1951 περὶ
1703 1904 1771 1949 τὴν

434 1951 628 1995 Μαρίτζαν
645 1951 676 1985 D
824 1954 866 1986 16
887 1951 970 1995 περὶ
990 1951 1092 1996 vulgo
1238 1953 1281 1989 19
1303 1953 1394 1998 γοῦν
1411 1953 1444 1988 D
1576 1947 1724 1986 ἅπαντα
1740 1951 1771 1984 D

430 1995 500 2031 ’καὶ
518 1992 570 2037 αἱς
589 2014 634 2022 -
653 1993 920 2042 ἀπειργάσαντο
941 2008 992 2031 om
1010 1997 1052 2032 D.

346 2118 468 2152 cedere
497 2119 642 2163 coactis,
671 2130 711 2153 ac
741 2120 904 2154 Haemum
929 2123 1198 2166 praetergressus
1219 2120 1400 2154 Trinobum
1423 2116 1651 2152 contendebat.
1697 2128 1769 2151 cum

343 2164 594 2197 illacrimaretur
618 2164 687 2197 filia
710 2165 935 2209 eiularetque,
970 2177 1072 2210 seque
1094 2177 1114 2199 a
1138 2177 1252 2207 socru,
1284 2163 1494 2209 imperatrice
1518 2164 1634 2206 Irene,
1668 2166 1770 2207 atque

343 2208 487 2251 coniuge
510 2214 698 2252 separatam
727 2220 799 2243 esse
819 2210 917 2244 anxie
939 2221 979 2244 ac
1002 2210 1130 2244 nimium
1153 2211 1335 2251 indoleret,
1357 2211 1444 2243 fama
1467 2211 1520 2242 est
1539 2210 1683 2242 Asanam
1698 2218 1768 2245 eam

342 2256 422 2286 ante
435 2252 487 2286 sui
502 2254 578 2306 equi
594 2255 740 2296 sagulum
755 2254 956 2296 collocasse,
981 2256 1158 2299 digitisque
1172 2255 1206 2288 in
1222 2255 1339 2289 faciem
1365 2253 1568 2299 percussisse
1579 2279 1590 2294 ‚
1612 2252 1770 2286 minatum

341 2297 485 2338 acriter,
509 2309 543 2330 m
566 2297 696 2332 silentio
719 2303 850 2344 raptum
872 2301 996 2344 ferret,
1023 2311 1061 2334 se
1088 2300 1122 2334 in
1143 2311 1215 2334 eam
1231 2299 1340 2333 omnia
1356 2310 1441 2344 quae
1455 2298 1504 2331 illi
1519 2298 1643 2343 probro
1658 2302 1770 2332 essent

341 2346 569 2376 executurum.

432 2386 488 2421 35.
534 2388 602 2421 Per
626 2387 713 2421 idem
734 2390 864 2433 tempus
886 2389 1087 2432 Scytharum
1109 2400 1191 2434 gens
1205 2389 1246 2423 ab
1263 2388 1511 2423 excursionibus
1530 2387 1713 2421 latrociniis
1727 2399 1768 2421 ac

342 2432 561 2466 'sartan-orum
587 2432 742 2466 caedibus
766 2434 914 2477 reliqua,
938 2445 1010 2467 cum
1034 2435 1112 2468 filiis
1137 2439 1171 2469 et
1195 2434 1373 2477 uxoribus,
1396 2433 1550 2477 Bulgaris
1566 2433 1646 2467 licet
1659 2432 1768 2466 recla-

342 2477 529 2521 mantibus,
555 2488 627 2511 cum
649 2477 820 2511 innumera
843 2483 932 2511 esset
946 2479 1138 2522 multitudo,
1162 2479 1290 2513 utribus
1305 2480 1391 2512 Istro
1407 2483 1584 2523 superato,
1607 2477 1768 2512 Macedo-

341 2522 419 2556 niae
442 2522 516 2556 loca
540 2526 764 2567 occuparunt:
787 2522 844 2556 alii
865 2523 953 2557 circa
978 2525 1126 2558 Hebrum
1154 2529 1190 2557 et
1211 2530 1370 2568 aequatas
1394 2523 1469 2567 agri
1491 2523 1644 2568 planities
1657 2523 1768 2556 victus

343 2567 408 2601 sibi
427 2567 664 2611 suppeditant,
697 2567 753 2601 alii
775 2568 811 2601 in
831 2567 906 2601 loca
928 2569 1105 2610 inferiora,
1131 2573 1166 2602 et
1190 2568 1326 2603 fluvium
1341 2581 1437 2613 quem
1452 2568 1767 2611 communislingua,

344 2615 384 2645 ut
406 2612 561 2654 diximus,
584 2612 759 2646 Maritzam
779 2624 902 2646 vocare
922 2614 1026 2656 solet,
1049 2614 1254 2648 deferuntur.
1302 2615 1436 2648 Hebrus
1451 2624 1590 2658 namque
1604 2624 1642 2646 re
1657 2618 1692 2646 et
1705 2623 1767 2645 no-

345 2656 431 2690 mine
457 2667 562 2702 usque
586 2657 747 2691 Haemum
774 2658 936 2699 excurrit,
957 2658 1101 2703 indeque
1114 2659 1148 2692 in
1163 2660 1330 2703 Aegaeum
1348 2660 1484 2704 pelagus
1509 2658 1631 2692 influit.
1677 2656 1766 2702 quod

345 2713 428 2735 vero
442 2701 477 2735 in
493 2713 566 2736 eum
581 2702 638 2736 alii
653 2702 747 2736 fluvii
759 2702 986 2747 ingrediuntur
1001 2707 1034 2737 et
1048 2704 1229 2737 auctiorem
1245 2704 1404 2746 reddunt,
1416 2703 1558 2738 ¹nomina
1569 2703 1764 2741 accolarum,

346 2746 397 2780 uti
418 2758 492 2781 sese
515 2748 679 2792 offerunt,
702 2748 821 2782 induit,
866 2748 1032 2793 diripuere
1050 2749 1163 2793 itaque
1178 2749 1284 2782 omnia
1298 2761 1384 2794 quae
1398 2750 1431 2782 in
1447 2748 1646 2783 Macedonia
1660 2751 1766 2786 erant,

346 2791 431 2827 adeo
445 2795 484 2830 ut
496 2792 628 2831 minimo
643 2796 794 2839 tempore
807 2793 963 2828 universa
977 2793 1158 2829 cultoribus
1173 2795 1315 2840 spoliata
1332 2795 1547 2838 desolaretur,
1570 2798 1603 2827 et
1618 2791 1766 2836 Scytha-
