1872 3236
269 184 273 187 *
304 192 400 239 120
674 191 1063 270 ι(ΣΟΝΞιΤΑΝΤΙΝῙ
1097 188 1364 238 mNASSIS

437 304 631 364 ὑπερορίᾳ
649 309 809 364 χαλεπῇ
829 307 1090 364 παρέπεμψεν
1112 306 1286 358 ἐνδίκως.

439 373 517 429 ἤδη
539 375 581 416 δὲ
597 374 717 430 χρέος
735 373 781 416 τὸ
799 375 928 418 κοινὸν
946 379 1019 419 τοῦ
1043 375 1263 419 Θεοδοσίου
1286 372 1426 426 δόντος

436 444 502 483 καὶ
527 441 598 495 τὴν
619 446 691 506 τοῦ
713 441 901 497 σώματος
920 444 1046 499 πηλὸν
1069 446 1124 494 εἷς
1143 448 1217 500 γῆν
1238 443 1505 498 ἀποθεμένου,

300 509 410 553 2765
436 508 710 565 κρατήσαντος
730 511 770 553 ἓν
793 510 894 554 ἔτεσι
915 511 1130 570 τριάκοντα
1150 513 1260 568 τρισί
1277 529 1333 563 τε,

436 580 491 627 εἷς
513 580 770 635 Πουλχερίαν
789 580 861 635 τὴν
880 581 1007 636 καλὴν
1028 580 1073 623 τὸ
1093 579 1240 637 κράτος
1262 579 1505 634 μεταβαίνει,

433 645 459 700 ἣ
483 663 541 696 τις
563 651 702 703 σοφῶς
721 649 787 689 καὶ
812 654 985 699 συνετῶς
1006 648 1107 704 ἄγαν
1123 647 1425 702 βουλευσαμένη

436 712 491 764 ὥς
510 716 709 768 βασιλέως
725 714 918 773 χρῄζουσι
939 718 989 759 τὰ
1006 715 1224 772 πράγματα
1235 714 1458 770 Ῥωμαίων,

434 787 713 836 μετακαλεῖται
734 785 804 826 τὸν
821 785 998 841 χρηστὸν
1021 784 1265 841 Μαρκιανὸν
1286 784 1442 834 αὐτίκα,

300 853 410 892 2770
436 850 566 907 ἄνδρα
587 859 745 905 σεμνοῖς
767 854 1019 909 ἐμπρέποντα
1040 855 1107 895 καὶ
1132 852 1341 910 φιλοθέοις
1363 849 1539 908 τρόποις,

436 920 503 960 καὶ
524 918 790 974 καταδήσασα
814 928 996 978 φρικτοῖς
1016 923 1082 963 καὶ
1103 919 1350 977 βαρυτάτοις
1372 919 1505 977 ὅρκοις

247 997 278 1032 Β
437 986 716 1042 ἄδιαλώβητον
737 989 861 1044 αὐτῆς
882 994 1053 1046 τηρῆσαι
1072 990 1145 1044 τὴν
1166 987 1336 1045 ἁγνείαν,

436 1057 502 1097 καὶ
528 1056 1110 1114 συγκατατιθέμενονἐὑροῦσα
1135 1061 1202 1100 καὶ
1223 1057 1293 1099 τὸν
1312 1056 1456 1113 ἄνδρα,

260 1173 262 1176 y
438 1123 483 1166 τὸ
506 1125 653 1181 στέφος
674 1127 925 1181 περιτίθησιν
946 1126 1056 1183 αὐτῷ
1075 1130 1146 1180 τῆς
1164 1126 1385 1179 βασιλείας,

300 1192 410 1233 2775
435 1191 504 1234 τὸν
523 1193 566 1234 δὲ
585 1188 830 1250 Χρυσάφιον
851 1199 978 1252 πικρῷ
996 1193 1166 1252 θανάτῳ
1187 1191 1429 1248 καθυπάγει.

503 1259 680 1310 ΙῙάντως
700 1262 741 1303 δ’
767 1262 839 1304 οὐκ
862 1261 1031 1318 ἄκαιρόν
1049 1264 1168 1313 ἔστιν,
1205 1261 1298 1303 οὐδὲ
1314 1265 1387 1315 τῆς
1403 1260 1541 1314 τέχνης
1559 1253 1712 1315 πόρρω,

435 1329 555 1370 εἶπεῖν
575 1331 663 1385 περὶ
686 1332 933 1386 ΖΙΙαρκιανοῦ
955 1328 1083 1372 πόθεν
1106 1331 1174 1371 καὶ
1194 1331 1254 1379 τίς
1271 1327 1439 1384 ὑπῆρχε.

434 1397 555 1450 πένης
571 1397 644 1449 μὲν
663 1392 712 1451 ἦν
732 1399 799 1439 καὶ
821 1396 1004 1444 ταπεινός
1013 1429 1026 1449 ,
1063 1397 1167 1439 ἀλλὰ
1182 1396 1361 1453 χρηστὸς
1380 1396 1475 1446 τοὺς
1495 1392 1692 1452 τρόπους·

441 1464 513 1505 οὐκ
535 1463 590 1506 ὢν
610 1465 652 1507 δὲ
669 1465 807 1520 γένους
829 1466 1012 1515 εὐκλεοῦς
1022 1498 1034 1517 ,
1071 1466 1164 1507 οὐδὲ
1184 1470 1263 1508 τῶν
1282 1463 1501 1519 ἐπισήμων,

300 1532 412 1573 2780
438 1539 526 1582 ταῖς
547 1531 680 1583 τάξεσι
702 1535 924 1576 συνείλεκτο
948 1541 1035 1584 ταῖς
1056 1538 1135 1575 τῶν
1154 1534 1489 1590 στρατευομένων.

439 1599 530 1656 ἄρτι
554 1602 598 1642 ds*
615 1602 762 1658 νέᾳους
783 1604 952 1658 ἰσχυρᾶς
970 1601 1105 1656 μάχης
1128 1601 1421 1657 ἀναρραγέντος

438 1670 506 1710 καὶ
526 1670 709 1726 Πέρσαις
730 1664 814 1719 τοῖς
834 1669 1081 1726 ὓπέρφροσιν
1100 1668 1314 1725 ἐπάγοντος
1332 1667 1577 1722 εΡωμαιόυς,

438 1735 544 1793 νόσῳ
564 1740 738 1794 ληφθεὶς
755 1738 1000 1795 Μαρκιανὸς
1022 1736 1204 1780 θάνατον
1225 1735 1440 1793 &nahai-037

440 1802 481 1846 ἵν
503 1822 585 1864 τινι,
601 1804 716 1863 κώμῃ
741 1810 813 1861 τῆς
833 1810 1024 1862 λαμπρᾶς
1045 1808 1218 1848 Λυκίων
1238 1806 1432 1862 ἐπαρχίας

210 1922 215 1930 ⁸
251 1879 281 1913 C
302 1870 412 1914 2785
437 1874 639 1927 κατέμεινε
659 1879 890 1929 σωματικῆς
903 1873 1025 1931 χάριν
1042 1875 1295 1928 νοσοκομιάς.

442 1940 543 1983 ἔνθα
569 1943 706 1999 φιλίαν
724 1943 903 1998 ἐσχηκώς
923 1941 1024 2000 πρός
1045 1960 1156 1993 τινας
1176 1942 1463 1996 αὖθομαίμους

391 2035 484 2069 2780
501 2037 704 2071 συνείλκετο
726 2037 757 2071 Α
1595 2087 1604 2098 '

304 2117 445 2147 vertere
468 2114 582 2149 iussit.
631 2128 705 2150 cum
736 2120 850 2152 autem
875 2127 1051 2151 commune
1080 2116 1235 2151 debitum
1264 2118 1408 2150 naturae
1431 2112 1653 2148 Theodosius
1681 2123 1763 2165 per-

305 2158 492 2202 solvisset,
518 2162 654 2206 iamque
674 2162 852 2206 pulverem
870 2163 1027 2207 corporis
1051 2162 1087 2196 in
1110 2169 1239 2196 terram
1262 2160 1502 2206 deposuisset,
1526 2160 1571 2193 ad
1589 2169 1765 2202 egregiam

304 2202 397 2237 illam
429 2205 648 2240 Pulcheriam
677 2208 859 2252 imperium
895 2208 1070 2253 pervenit.
1126 2220 1169 2243 ea
1199 2219 1285 2242 vero
1312 2207 1491 2251 sapienter
1518 2204 1699 2239 admodum
1723 2215 1766 2237 re

307 2248 512 2294 deliberata,
538 2258 574 2285 et
592 2253 833 2288 animadverso
857 2266 931 2288 rem
951 2254 1138 2288 Romanam
1156 2252 1375 2298 imperatoris
1395 2262 1518 2295 egere,
1542 2261 1621 2283 mox
1637 2250 1765 2284 bonum

307 2293 401 2329 illum
419 2295 634 2331 Marcianum
653 2300 810 2343 arcessit,
834 2299 947 2333 virum
970 2300 1136 2343 gravibus
1155 2311 1196 2333 ac
1214 2297 1388 2342 religiosis
1408 2296 1562 2331 moribus
1584 2295 1764 2338 illustrem,

309 2351 456 2385 eumque
478 2344 702 2378 sacramentis
724 2345 907 2379 horrendis
931 2345 1156 2388 obstrictum,
1190 2344 1315 2389 quibus
1339 2355 1378 2377 se
1401 2342 1596 2376 castitatem
1615 2340 1766 2375 Pulche-

308 2386 383 2425 riae
402 2387 540 2422 minime
562 2390 870 2424 contaminaturum
895 2390 1117 2435 polliceretur
1139 2390 1198 2434 (in
1220 2401 1288 2434 quo
1314 2400 1398 2422 sane
1416 2388 1630 2421 Marcianum
1648 2398 1764 2429 prom-

308 2436 405 2475 ptuzn
428 2438 464 2467 et
478 2435 724 2468 assentientem
741 2436 928 2480 repperit),
945 2436 1169 2480 imperatoria
1184 2447 1312 2469 corona
1329 2439 1487 2468 exornat.
1510 2432 1767 2478 Chrysaphium

309 2487 395 2511 vero
420 2482 612 2522 peracerba
633 2486 745 2514 morte
766 2482 810 2515 de
828 2482 942 2514 medio
963 2481 1065 2515 tollit.
1631 2520 1633 2524 ,

401 2524 516 2568 Atque
539 2526 605 2559 hoc
625 2525 700 2560 loco
723 2538 791 2560 non
809 2526 1055 2570 intempestive
1078 2526 1284 2569 fecerimus,
1316 2525 1348 2560 si
1371 2526 1415 2560 de
1433 2523 1613 2559 Marciano
1636 2535 1766 2559 memo-

310 2567 385 2602 riae
407 2570 682 2615 prodiderimus,
708 2574 798 2606 unde
822 2577 1012 2617 prognatus
1033 2576 1069 2605 et
1086 2573 1164 2617 quis
1188 2572 1308 2606 fuerit.
1356 2570 1515 2605 nimirum
1535 2581 1671 2623 pauper
1691 2572 1768 2604 erat

311 2619 349 2647 et
373 2615 492 2649 humili
515 2617 653 2661 quidem
672 2623 769 2652 ortus
792 2615 888 2661 loco,
903 2618 965 2651 sed
988 2617 1105 2651 indole
1125 2618 1347 2661 moribusque
1369 2616 1471 2651 bonis
1491 2617 1684 2661 praeditus.
1732 2618 1769 2649 et

314 2670 509 2705 quanquam
534 2675 577 2696 ex
602 2662 733 2698 celebri
754 2668 791 2697 et
812 2663 938 2697 illustri
959 2663 1090 2698 familia
1106 2675 1176 2697 non
1199 2668 1304 2706 esset,
1326 2670 1442 2697 tamen
1463 2666 1668 2696 consecutus
1687 2661 1766 2695 fue-

313 2711 371 2739 rat
394 2713 432 2740 ut
449 2707 592 2742 militum
613 2710 792 2744 ordinibus
819 2708 1090 2743 adscriberetur.
1138 2710 1230 2742 forte
1253 2709 1382 2743 accidit
1403 2714 1442 2742 ut
1463 2707 1555 2742 bello
1576 2706 1671 2741 inter
1692 2707 1766 2741 Ro-

314 2761 432 2786 manos
460 2758 497 2786 et
518 2756 688 2798 superbos
706 2755 833 2789 Persas
855 2758 979 2794 exorto
998 2754 1196 2788 Marcianus
1217 2755 1318 2798 gravi
1335 2758 1516 2798 correptus
1534 2754 1674 2795 morbo,
1707 2752 1768 2797 qui

316 2802 460 2831 mortem
487 2799 520 2832 ei
544 2800 782 2843 minitaretur,
819 2801 966 2845 quadam
994 2799 1031 2833 in
1061 2801 1149 2834 urbe
1176 2799 1320 2834 illustris
1352 2801 1540 2844 Lyciorum
1565 2797 1769 2844 provinciae

314 2848 462 2888 propter
480 2845 693 2881 debilitatem
715 2846 871 2892 corporis
890 2845 1111 2881 subsisteret.
1158 2846 1209 2881 ibi
1231 2846 1383 2881 amicitia
1404 2858 1479 2880 cum
1501 2844 1669 2880 fratribus
1689 2843 1769 2890 qui—
