1924 3242
354 196 417 242 36
746 193 978 238 GEORGII
1006 193 1382 237 ACROPOLITAE
1420 186 1426 188 ”

353 309 410 363 τῷ
428 301 685 362 περιαγαγών,
714 302 786 357 τὴν
805 304 998 361 πατρικὴν
1020 304 1269 347 ἀνακαλεῖται
1293 306 1557 361 κληρονομίαν
1576 305 1643 347 καὶ
1662 309 1778 347 πολε-

352 380 424 427 μεῒ
437 378 494 430 τῷ
517 373 669 429 Βορίλᾳ
696 373 763 412 καὶ
790 375 880 431 νικᾷ
907 376 1046 414 τοῦτον
1079 374 1144 414 καὶ
1170 371 1307 429 χώρας
1333 373 1404 414 οὐκ
1435 373 1565 428 ὀλίγης
1588 372 1779 429 ἐγκρατὴς

353 442 510 496 γίνεται.
577 436 598 479 ὃ
620 439 663 480 δὲ
685 440 860 495 Βορίλας
889 438 998 481 ἔνδον
1026 441 1237 497 εῗσέρχεται
1267 443 1339 481 τοῦ
1370 438 1591 496 Τρινόβου,
1626 441 1692 485 καὶ
1715 438 1778 481 ἐπὶ

354 506 452 548 ἔπτὰ
473 505 573 547 ἔτεσι
594 504 776 563 τειχήρης
792 510 1066 564 πολιορκεῖται.
1131 509 1212 549 ἐπεὶ
1239 508 1281 549 δὲ
1301 507 1502 561 ἀπέκαμον
1533 507 1571 548 οἳ
1597 505 1778 556 συνόντες

354 573 463 630 αὐτῷ
471 605 484 624 ,
522 577 579 630 τῷ
599 573 719 616 Ἀσάν
743 572 904 629 Ἰωάννῃ
934 576 1228 631 προσέρχονται.
1297 573 1450 630 φεύγων
1472 575 1515 616 δὲ
1536 572 1734 617 ἁλίσκεται
1755 572 1808 616 ὃὸ

352 642 528 697 Βορίλας
548 643 614 682 καὶ
634 641 743 697 παρὰ
763 645 834 682 τοῦ
853 641 1035 683 Ἰωάννου
1066 646 1306 697 τυφλοῦται,
1349 643 1415 683 καὶ
1443 640 1569 692 οὕτως
1590 641 1781 697 ἐγκρατὴς

236 721 266 754 Ρ
290 719 331 754 18
354 712 424 762 τῆς
442 712 521 750 τῶν
539 706 783 764 Βουλγάρων
803 706 960 763 ἀπάσης
978 708 998 751 ὃ
1016 707 1199 763 Ἰωάννης
1215 709 1424 764 γεγένηται.
1491 710 1558 750 καὶ
1579 708 1638 750 τὰ
1649 709 1722 762 μὲν
1738 708 1779 749 ἐν
1809 703 1812 705 ’

352 782 435 825 τοῖς
454 773 701 831 Βουλγάροις
723 780 910 818 τοσαῦτα.
1716 767 1721 775 x

485 843 561 886 21.
623 841 671 885 ‘O
693 843 734 884 δὲ
759 843 968 897 Κομνηνὸς
995 840 1228 900 Θεόδωρος,
1268 843 1313 886 ὃν
1343 843 1420 900 πρὸ
1447 846 1593 900 μικροῦ
1619 841 1640 884 ὅ
1664 839 1780 897 λόγος

351 907 577 966 ἱστόρησεν,
604 910 661 964 μὴ
682 911 814 952 θέλων
832 912 959 964 μένειν
980 912 1019 952 ἓν
1041 916 1091 967 τῇ
1113 913 1235 970 οἰκείᾳ
1251 910 1359 961 Ιτάξει
1379 911 1482 952 ἀλλὰ
1500 911 1551 953 τά
1569 915 1641 965 τῆς
1656 914 1778 963 βασι-
1791 916 1834 951 10

349 979 457 1026 λειάς
476 976 803 1034 σφετερισάμενος
811 1010 824 1028 ,
859 977 991 1032 ἐπειδὴ
1012 982 1083 1032 τῆς
1107 979 1397 1033 Θεσσαλονίκης
1417 979 1570 1034 γέγονεν
1589 976 1780 1033 ἐγκρατὴς

349 1043 498 1098 πολλήν
526 1061 566 1087 τε
587 1043 726 1101 χώραν
757 1049 828 1099 τῆς
850 1043 1072 1098 Ῥωμαΐὸος
1098 1047 1140 1087 ἐκ
1170 1050 1241 1100 τῆς
1260 1047 1549 1102 κεκρατημένης
1566 1045 1677 1102 παρὰ
1698 1048 1778 1086 τῶν

345 1111 505 1153 Ἰταλιῦν
525 1110 599 1168 ὑφ’
625 1111 765 1154 ἑαυτὸν
786 1111 1009 1166 ἐποιήσατο,
1039 1113 1094 1154 ἔτι
1118 1114 1160 1155 δὲ
1181 1116 1247 1154 καὶ
1268 1118 1339 1168 τῆς
1362 1113 1472 1169 παρὰ
1492 1117 1571 1155 τῶν
1592 1106 1777 1166 Βουλγά-

347 1195 429 1235 ρων
448 1181 738 1235 κεχειρωμένης,
761 1181 990 1235 πορφυρίδα
1010 1196 1051 1221 τε
1072 1178 1301 1222 ὗπενὸύεται
1322 1182 1388 1222 καὶ
1411 1179 1567 1236 ἐρυθρὰ
1586 1177 1778 1236 περιβάλ-

347 1249 456 1287 λεται
474 1247 626 1297 πέδιλα,
649 1245 900 1295 ἀντιστάντος
920 1247 1028 1303 αὐτῷ
1046 1248 1107 1287 ἐπὶ
1126 1246 1253 1303 τούτῳ
1272 1245 1516 1303 στερρότατα
1535 1250 1608 1287 τοῦ
1626 1262 1778 1302 μητρο-
1790 1255 1831 1290 15

298 1319 327 1352 Β
349 1315 508 1353 πολίτου
535 1313 827 1366 Θεσσαλονίκης
848 1315 1148 1354 Κωνσταντίνου
1171 1318 1243 1355 τοῦ
1259 1315 1615 1373 Μεσοποταμίτου,
1649 1312 1694 1355 ὃν
1712 1314 1780 1355 καὶ

346 1384 512 1428 πολλαῖς
533 1381 761 1432 κακουχίαις
782 1381 847 1420 καὶ
873 1381 1041 1436 ἓξοριάις
1071 1380 1137 1421 διὰ
1166 1386 1293 1423 ταῦτα
1323 1380 1495 1435 ὑπέβαλε
1518 1385 1598 1423 τῶν
1623 1397 1780 1423 κανονι-

346 1451 426 1488 κῶν
448 1448 555 1487 ἐθῶν
577 1446 843 1499 ἀντεχόμενον.
909 1445 930 1488 ὅ
962 1448 1004 1488 δὲ
1029 1450 1281 1504 Βουλγαρίας
1310 1449 1612 1503 ἀρχιεπίσκοπος
1631 1445 1778 1502 Δημή-

346 1530 454 1570 τριος
491 1513 536 1555 τὸ
571 1514 777 1567 βασιλικὸν
811 1513 1072 1570 περιδιὸύσκει
1100 1519 1240 1557 τοῦτον
1268 1515 1465 1570 διάδημα,
1512 1514 1567 1565 ὦς
1595 1515 1777 1571 ἔφασκεν,

347 1580 565 1634 αὐτόνομος
589 1580 642 1623 ὢν
668 1583 734 1622 καὶ
758 1583 896 1635 μηδενὶ
914 1581 1085 1630 εὐθύνας
1101 1583 1269 1638 ὀφείλων
1293 1585 1430 1624 δοῦναι
1439 1615 1454 1634 ,
1483 1584 1548 1624 καὶ
1568 1583 1635 1624 διὰ
1650 1587 1830 1627 zaoram

346 1649 526 1697 ἐξουσίαν
557 1648 657 1702 ἔχειν
684 1650 874 1700 βασιλέας
899 1651 1024 1705 χρίειν
1059 1648 1127 1698 οὕς
1157 1667 1197 1690 τε
1224 1649 1272 1690 ἂν
1295 1652 1359 1692 καὶ
1383 1649 1482 1691 ὅπου
1507 1651 1571 1691 καὶ
1593 1648 1655 1692 ὅτε
1674 1648 1776 1703 βού-

345 1719 465 1757 λοιτο.
532 1716 720 1768 βασιλεὺς
741 1710 810 1757 οὖν
830 1716 1110 1772 ἀναγορευθεὶς
1123 1715 1143 1756 ὃ
1166 1715 1375 1774 Θεόδωρος
1391 1721 1609 1772 βασιλικῶς
1631 1717 1774 1773 ἐχρᾶτο

431 1823 455 1856 2
478 1818 649 1864 ἐγκρατής
673 1819 740 1855 οὐκ
764 1818 883 1865 ὀλίγης
904 1821 935 1855 D
1013 1819 1037 1855 4
1057 1823 1155 1866 πολ]
1172 1819 1239 1856 ἔσω
1255 1824 1335 1859 πολ.
1350 1823 1382 1857 D
1464 1825 1487 1859 6
1507 1823 1559 1869 τῷ
1580 1819 1774 1868 Ἰωάννῃί)

432 1868 454 1901 7
477 1863 616 1909 ἐγένετο
640 1866 670 1899 D
841 1865 903 1900 καὶ
929 1885 970 1891 -
994 1867 1158 1901 τοσαῦτα
1188 1879 1241 1901 om
1262 1868 1294 1900 D
1451 1869 1495 1903 12
1517 1865 1556 1902 ἐκ
1577 1869 1643 1912 τῆς
1666 1879 1719 1902 om
1742 1869 1774 1902 D

436 1912 479 1945 13
500 1911 575 1944 τῶν
594 1930 632 1936 -
650 1910 913 1954 κεχειρωμένων
934 1911 966 1944 D
1110 1912 1153 1947 14
1174 1910 1378 1946 ὑποδύεται
1392 1933 1436 1939 ——
1453 1910 1699 1958 ὑποβάλλεται
1719 1913 1772 1947 D:

433 1955 543 1989 malim
551 1967 633 1998 περι
659 1954 802 1989 ἅλλεται
811 1976 851 1981 -
861 1954 1066 1991 ὑποδεῖται.
1139 1957 1180 1992 15
1191 1958 1300 1991 τοῦτο
1313 1958 1344 1991 D
1414 1960 1456 1993 17
1466 1956 1528 1992 διὰ
1535 1958 1655 1992 ταῦτα
1665 1957 1772 1991 addD

433 2001 479 2034 20
491 2000 603 2035 τοῦτο
621 1999 711 2044 ἐχειν
728 1997 895 2043 ἐξουσίαν
910 2001 1060 2047 βασιλέα
1076 1999 1220 2046 στέφειν
1232 2003 1277 2047 D,
1293 2003 1421 2037 omissis
1437 1999 1558 2043 0²79—-
1567 2000 1751 2048 βούλοιτο.

344 2094 379 2124 et
392 2089 426 2123 in
439 2090 585 2124 Borilam
602 2101 692 2124 arma
707 2091 863 2136 suscipit,
897 2094 932 2126 et
943 2091 1066 2135 vincit,
1100 2091 1313 2136 dominusque
1327 2092 1367 2126 fit
1381 2104 1445 2126 non
1458 2092 1601 2137 exiguae
1614 2092 1772 2136 regionis.

342 2136 473 2169 Borilas
489 2136 672 2170 Trinobum
688 2136 857 2180 ingressus
871 2136 1005 2181 septem'
1013 2148 1116 2170 annos
1133 2136 1334 2170 obsidionem
1350 2138 1509 2179 sustinet3
1541 2141 1576 2173 et
1598 2149 1670 2171 cum
1689 2137 1772 2171 socii

342 2180 514 2223 defatigati
529 2182 794 2223 succumberent,
818 2182 861 2215 ad
876 2182 977 2215 Asani
993 2182 1148 2215 Ioannem
1162 2182 1330 2217 deficiunt.
1374 2182 1505 2215 Borilas
1518 2182 1597 2216 inde
1611 2183 1696 2216 inter
1713 2184 1772 2216 fu-

341 2225 494 2268 giendum
509 2225 734 2268 deprehensus
751 2227 792 2259 ab
810 2227 932 2260 Ioanne
947 2227 1051 2261 oculis
1065 2227 1216 2264 laeditur,
1239 2227 1353 2271 sicque
1368 2227 1521 2261 universa
1538 2227 1669 2262 dicione
1685 2228 1771 2261 Bul-

342 2280 495 2312 garorum
508 2270 649 2303 loannes
667 2271 802 2314 potitur.
834 2278 868 2303 et
885 2272 965 2305 haec
981 2272 1111 2315 quidem
1124 2272 1166 2304 de
1178 2272 1344 2315 Bulgaris.

429 2315 485 2348 21.
533 2314 718 2347 Comnenus
733 2315 863 2348 interim
879 2316 1090 2356 Theodorus,
1125 2316 1217 2349 cuius
1232 2316 1327 2360 paulo
1343 2319 1420 2350 ante
1433 2316 1654 2357 meminimus,
1688 2328 1770 2362 pro-

364 2358 446 2391 rium
461 2357 606 2391 ordinem
621 2359 808 2402 indignatus
833 2363 867 2392 et
882 2372 968 2403 quae
984 2365 1061 2393 sunt
1074 2361 1203 2405 imperii
1217 2372 1380 2405 occupans
1391 2387 1401 2402 ‚
1430 2365 1603 2406 postquam
1620 2362 1772 2396 Thessa-

340 2370 479 2436 ibnicam
493 2403 528 2435 in
543 2407 743 2447 potestatem
759 2405 897 2448 recepit,
921 2417 984 2437 non
1001 2405 1160 2438 minimam
1178 2406 1342 2439 Romanae
1357 2405 1493 2439 dicionis
1506 2411 1645 2451 partem,
1669 2419 1712 2440 ex
1726 2418 1769 2440 ea

340 2459 427 2492 quae
442 2449 579 2481 suberat
593 2448 682 2481 Italis
697 2454 733 2482 et
747 2460 766 2481 a
784 2449 934 2491 Bulgaris
952 2449 1240 2493 intercipiebatur,
1269 2450 1332 2484 sibi
1348 2450 1513 2492 vindicat,
1538 2462 1769 2497 purpureaque

339 2493 513 2535 chlamyde
528 2493 685 2534 induitur,
710 2498 745 2526 et
760 2494 867 2526 rubris
886 2494 1004 2527 calceis
1021 2495 1237 2534 convestitur,
1272 2496 1462 2529 obluctante
1479 2496 1526 2529 illi
1543 2496 1577 2530 in
1592 2498 1655 2530 hoc
1669 2507 1768 2541 quam

338 2537 565 2571 strenuissime
589 2538 807 2572 Constantino
827 2538 1085 2582 Mesopotamita
1107 2540 1315 2584 metropolita
1331 2541 1636 2582 Thessalonicensi,
1668 2552 1766 2586 quem

338 2582 418 2616 diris
444 2583 536 2615 malis
565 2588 599 2615 et
622 2583 821 2617 calamitosis
846 2583 950 2616 exiliis
976 2583 1133 2616 canonica
1157 2589 1283 2618 statuta
1309 2590 1570 2630 propugnantem
1583 2587 1767 2620 insectatus

339 2627 456 2660 misere
471 2627 601 2661 afflixit.
647 2629 705 2661 sed
721 2628 900 2672 Bulgariae
918 2628 1184 2672 archiepiscopus
1197 2629 1385 2663 Demetrius
1398 2657 1407 2670 ‚
1437 2635 1592 2675 tanquam
1617 2631 1691 2676 qui,
1728 2636 1766 2664 ut

336 2672 409 2716 ipse
425 2673 603 2714 fatebatur,
628 2673 678 2707 sui
693 2673 772 2706 iuris
789 2678 876 2706 esset
890 2673 1073 2716 neminique
1088 2675 1139 2706 sui
1153 2675 1236 2707 facti
1251 2675 1410 2709 rationem
1429 2676 1567 2710 reddere
1582 2679 1768 2715 teneretur,

337 2717 479 2761 ideoque
495 2717 529 2750 in
544 2717 612 2750 eius
631 2723 799 2763 potestate
814 2729 905 2762 esse,
940 2717 1106 2762 quoslibet
1129 2723 1164 2751 et
1190 2720 1375 2764 ubicunque
1397 2725 1431 2754 et
1445 2721 1703 2765 quandocunque
1717 2720 1766 2753 illi

337 2761 466 2795 libitum
482 2762 608 2806 fuisset,
631 2774 727 2807 reges
743 2775 876 2806 ungere,
898 2763 991 2806 regio
1005 2773 1078 2797 eum
1093 2763 1278 2798 diademate
1295 2769 1443 2799 coronat.
1468 2766 1666 2800 Theodorus
1682 2776 1763 2808 ergo

336 2807 516 2853 imperator
529 2809 743 2852 acclamatus,
766 2808 814 2842 uti
828 2809 1077 2855 imperatoribus
1091 2810 1193 2844 moris
1209 2814 1271 2853 est,
1294 2821 1348 2844 res
1364 2810 1575 2856 disponebat,
1593 2811 1761 2856 despotas,
