1924 3242
445 183 920 247 CHRONOGRAPHIA
958 205 1384 250 COMPENmAmA.
1574 204 1639 250 37

181 318 264 360 τῶν
279 312 487 369 Ῥωμαίων
511 312 736 369 δεξάμενος,
772 314 1030 372 ἐστράτευσεν
1051 319 1142 362 κατ’
1168 319 1308 371 αὐτοῦ,
1342 313 1637 376 προηγούμενον

183 386 255 439 τῆς
284 382 410 426 αὐτοῦ
443 387 635 440 στρατιᾶς
669 383 713 426 τὸ
743 384 785 426 ἐν
816 385 976 443 οὐρανῷ
996 385 1236 442 ὗποδειχθέν
1255 388 1366 445 αὐτῷ
1382 392 1546 443 σημεῖον
1562 389 1638 429 τοῦ

183 454 365 508 σταυροῦ,
382 450 687 509 ἐπιφερόμενος,
724 452 780 494 δι’
804 446 852 494 οὗ
880 455 947 495 καὶ
977 454 1233 511 ἐτροπώσατο
1257 456 1500 507 Μαξέντιον.
1569 456 1636 497 καὶ

183 517 311 570 οὕτως
335 520 399 562 ἐπὶ
424 518 583 575 Ῥώμην
613 518 790 573 ἐλαύνει,
835 523 902 563 καὶ
936 520 1080 573 πάντες
1111 524 1233 565 αὐτὸν
1269 523 1354 578 ἅμα
1383 525 1538 581 γυναιξὶ
1570 525 1637 566 καὶ
1660 528 1693 563 D

148 589 335 643 ὄνηπίοις
353 589 419 631 καὶ
441 590 558 631 παντὶ
577 593 634 648 τῷ
654 587 770 649 δήμῳ
783 587 993 645 Ῥωμαίων
1011 591 1100 645 μετ’
1126 591 1327 649 εὐφημίας
1347 595 1413 635 καὶ
1433 590 1639 648 ἀπλήστου

129 667 133 670 ’
176 660 311 714 χαρᾶς
330 654 606 712 ὖποδέχονται.

315 725 442 768 Μετὰ
472 727 516 768 δὲ
538 724 768 777 Μαξὲντιον
801 725 1032 780 ἐβασίλευσε
1054 728 1359 779 Κωνσταντΐνος
1384 727 1405 771 ὅ
1426 727 1551 783 μέγας
1571 729 1638 770 καὶ

179 795 339 849 πρῶτος
369 794 410 836 ἓν
436 798 647 848 βασιλεῦσι
673 793 1056 851 χριστιανικώτατος
1076 795 1142 851 ἔτη
1165 795 1244 851 λρν,
1280 796 1325 847 ὃς
1345 797 1416 851 τὴν
1436 796 1639 848 εὐσέβειαν

178 861 246 912 καὶ
267 861 511 918 ὂρθοδοξίαν
531 863 600 905 διὰ
618 861 778 905 πάντων
798 861 1022 920 ἒκράτινεν.
1049 865 1089 906 ἓν
1107 866 1151 908 δὲ
1173 869 1231 923 τῷ
1252 862 1308 907 κε’
1325 864 1400 908 ἴτει
1423 868 1494 919 τῆς
1513 863 1639 906 αὐτοῦ

125 931 387 983 1οβασιλείας
419 929 694 988 συνεκροτήθη
728 929 755 986 ἡ
789 931 830 973 ἓν
861 934 1015 991 Νικαίᾳ
1051 931 1221 989 σύνοδος
1246 938 1326 976 τῶν
1354 931 1431 989 τιη’
1455 933 1638 988 πατέρων

175 996 392 1056 θεοφόρων
420 999 525 1042 κατὰ
542 1000 695 1056 Ἀρείου
720 1003 794 1042 τοῦ
818 999 1134 1058 ματαιόφρονος.
1204 1000 1430 1057 ἐτελεύτησε
1451 1002 1495 1043 δὲ
1517 998 1542 1055 ἦ
1563 1001 1637 1054 μὲν

173 1063 308 1123 μήτηρ
329 1066 456 1110 αὖτοῦ
473 1068 572 1111 ἐτῶν
589 1066 645 1120 π’,
670 1070 738 1110 καὶ
755 1066 885 1126 ἐτάφη
902 1070 1004 1127 παρ’
1030 1070 1158 1112 αὐτοῦ
1174 1070 1217 1113 ἓν
1236 1075 1294 1129 τῷ
1312 1074 1398 1128 ναῷ
1418 1074 1498 1111 τῶν
1515 1067 1638 1124 ἁγίων

175 1127 424 1178 ἆποστόλων.
494 1136 620 1178 αὐτοῦ
643 1137 686 1178 δὲ
710 1138 752 1178 ἓν
773 1139 1024 1197 Νικομηδείᾳ
1056 1137 1367 1194 τελευτήσαντος
1391 1139 1492 1181 ἐτῶν
1519 1135 1570 1188 'ge'
1599 1137 1638 1179 οἳ

175 1208 281 1258 τρεῖς
300 1203 380 1245 υἱοὶ
404 1203 530 1246 αὐτοῦ
551 1203 790 1261 ἐκράτησαν,
826 1210 898 1261 τῆς
917 1207 991 1259 μὲν
1014 1206 1213 1262 ἀνατολῆς
1236 1206 1532 1256 Κωνστάντιος,
1567 1209 1640 1260 τῆς
1661 1217 1690 1252 Ρ
1717 1218 1782 1253 169

123 1279 165 1315 15
179 1270 222 1312 δὲ
250 1269 402 1322 δι’·σεως
430 1274 736 1323 Κωνσταντΐνος
770 1275 837 1315 καὶ
870 1272 1092 1325 Κώνστας,
1134 1274 1179 1324 ὃς
1207 1274 1277 1317 τὸν
1305 1275 1482 1332 ἀδελφὸν
1512 1274 1639 1316 αὐτοῦ·

176 1340 483 1383 Κωνσταντῖνον
506 1339 707 1398 φονεύσας
732 1342 798 1383 καὶ
818 1340 1065 1395 βασιλεύσας
1080 1340 1205 1397 μόνος
1226 1342 1292 1398 ἴτη
1319 1341 1368 1392 ις’
1390 1340 1547 1400 ἐσφάγη
1568 1344 1637 1384 καὶ

174 1407 298 1458 αὐτὸς
315 1406 395 1450 ὑπὸ
415 1413 489 1451 τοῦ
510 1407 655 1464 δήμου.
1575 1454 1578 1456 ,

309 1476 436 1520 Μετὰ
457 1477 500 1519 δὲ
519 1479 825 1520 Κωνσταντῖνον
852 1476 923 1520 τὸν
942 1477 1069 1534 με’γαν
1092 1477 1324 1532 ἐβασίλευσε
1350 1474 1635 1527 Κωνστάντιος

171 1543 260 1594 υἱὸς
293 1544 422 1586 αὐτοῦ’
456 1543 523 1600 ε’τη
561 1543 639 1596 ια’,
687 1544 732 1596 ὃς
763 1546 865 1599 μετὰ
895 1546 968 1601 τὴν
998 1550 1072 1588 τοῦ
1102 1546 1255 1603 πατρὸς
1285 1546 1471 1601 τελευτὴν
1503 1548 1558 1596 εἷς
1587 1545 1633 1588 τὸ

116 1611 409 1670 ΞΟἈρειανικόν
449 1611 641 1670 φρόνημα
682 1615 930 1670 παρασυρεὶς
970 1615 1100 1668 ἕβιάζε
1131 1614 1202 1657 τὸν
1231 1619 1345 1657 θεῖον
1371 1615 1633 1670 Ἀλέξανδρον

172 1681 373 1732 δέξασθαι
389 1680 460 1724 τὸν
471 1680 626 1738 ’Ἀρειον
648 1682 704 1732 εἷς
725 1683 946 1724 κοινωνίαν.
1016 1686 1090 1725 τοῦ
1108 1683 1151 1724 δὲ
1167 1682 1226 1737 μὴ
1248 1683 1501 1736 ἀνεχομένου,
1527 1681 1632 1724 ἀλλὰ

172 1748 244 1791 τὸν
262 1748 362 1792 θεὸν
385 1748 459 1791 σῦν
482 1748 676 1807 δάκρυσιν
699 1748 954 1802 ἱκετεύοντος,
977 1751 1171 1810 αἰσχίστῳ
1195 1747 1311 1809 μόρῳ
1332 1750 1402 1793 τὸν
1422 1752 1513 1804 βίον
1533 1766 1631 1792 κατ-

171 1816 365 1875 έστρεψεν
386 1815 408 1859 ὃ
429 1816 679 1875 τρισάθλιος.

170 1991 291 2028 missos
305 1991 515 2038 accepisset,
549 1991 664 2039 copias
679 1990 713 2027 in
731 2002 805 2027 eum
821 1990 937 2036 duxit,
970 1992 1093 2038 quibus
1114 1992 1244 2038 signum
1267 1993 1378 2028 crucis
1402 1991 1451 2026 illi
1475 1991 1517 2025 de
1533 1991 1627 2027 coelo

171 2043 340 2074 ostensum
357 2039 492 2084 praeire
504 2038 624 2081 iussit;
649 2050 716 2084 quo
732 2038 942 2072 Maxentium
959 2038 991 2071 in
1007 2039 1121 2083 fugam
1137 2039 1252 2073 vertit.
1272 2039 1345 2085 ipse
1361 2043 1472 2073 antem
1489 2038 1628 2072 Romam

170 2085 356 2129 contendit,
371 2085 428 2119 ubi
443 2085 486 2119 ab
502 2085 653 2119 omnibus
669 2084 861 2118 mulieribus
876 2084 1060 2118 infantibus
1077 2090 1113 2118 et
1128 2083 1288 2119 universa
1302 2086 1527 2119 Romanorum
1543 2083 1629 2118 mul-

170 2130 314 2165 titudine
328 2130 456 2175 ingenti
469 2130 595 2165 laetitia
610 2141 804 2175 summoque
818 2130 936 2175 plausu
953 2134 989 2164 et
1003 2130 1250 2176 approbatione
1266 2131 1443 2176 excipitur.

260 2197 348 2233 Post
361 2197 566 2233 Maxentium
582 2197 823 2232 Constantinus
837 2197 982 2242 Magnus
1007 2202 1043 2231 et
1061 2197 1186 2243 primus
1200 2197 1290 2232 inter
1303 2197 1388 2232 alios
1403 2197 1627 2243 imperatores

171 2242 394 2278 Christianam
410 2244 604 2289 religionem
620 2243 866 2289 perfectissime
882 2243 1098 2278 exosculatus
1113 2243 1288 2289 imperium
1303 2242 1552 2278 administravit
1567 2253 1626 2276 an·-

171 2299 234 2323 nos
246 2289 386 2334 triginta
399 2290 496 2325 duos.
543 2290 598 2324 hic
612 2290 773 2336 pietatem
790 2289 914 2332 coluit,
946 2294 1108 2334 rectaque
1123 2289 1203 2323 fidei
1220 2289 1377 2333 dogmata
1392 2289 1500 2323 modis
1516 2288 1627 2322 omni-

171 2334 235 2368 bus
249 2335 490 2370 constabilivit.
536 2347 623 2370 anno
651 2335 722 2370 eius
748 2335 882 2381 imperii
908 2334 1067 2379 vigesimo
1089 2335 1207 2380 quinto
1224 2335 1374 2368 Nicaeae
1389 2335 1539 2379 synodus
1552 2338 1628 2368 tre-

171 2383 343 2414 centorum
365 2381 550 2416 octodecim
577 2388 767 2416 sanctorum
794 2386 927 2427 patrum
942 2386 1061 2415 contra
1076 2380 1304 2414 stultissimum
1319 2380 1435 2414 Arium
1451 2381 1625 2415 celebrata.

172 2429 237 2460 est.
284 2429 389 2460 mater
404 2427 476 2462 eius
491 2439 576 2462 anno
593 2428 715 2462 aetatis
731 2426 960 2471 octuagesimo
977 2426 1048 2460 vita
1065 2426 1230 2469 excessit,
1265 2426 1496 2471 tumulataque
1511 2430 1564 2460 est
1579 2425 1622 2459 ab

171 2470 246 2515 ipso
263 2470 299 2505 in
311 2472 437 2518 templo
453 2478 642 2507 sanctorum
659 2473 899 2518 apostolorum.
939 2484 1056 2506 verum
1073 2472 1297 2506 Constantino
1313 2472 1535 2506 Nicomediae
1550 2473 1623 2505 sato

173 2518 289 2551 functo
305 2517 428 2552 aetatis
441 2529 601 2553 annorum
618 2519 791 2563 sexaginta
806 2518 974 2564 quinque,
998 2523 1070 2552 tres
1087 2518 1147 2551 filii
1162 2517 1247 2551 illius
1261 2517 1401 2562 imperio
1418 2518 1515 2563 potiti
1531 2522 1622 2560 sunt,

171 2561 324 2595 Orientis
339 2561 471 2607 quidem
484 2565 716 2607 Constantius,
733 2564 930 2599 Occidentis
942 2564 1185 2598 Constantinus
1203 2569 1238 2597 et
1250 2563 1428 2605 Constans,
1444 2564 1499 2608 qui
1515 2563 1623 2596 fratre

170 2607 392 2641 Constantino
407 2609 608 2644 obtruncato
624 2611 714 2645 solus
728 2610 901 2656 imperium
917 2610 1003 2644 rexit
1018 2621 1126 2644 annos
1140 2608 1319 2643 sexdecim.
1346 2609 1480 2643 tandem
1498 2612 1532 2642 et
1547 2608 1622 2654 ipse

169 2663 191 2686 a
204 2652 329 2699 populo
347 2653 420 2687 neci
435 2653 532 2689 datus
547 2661 610 2691 est.

235 2765 244 2774 .
262 2720 518 2774 Constantinum
532 2722 691 2767 Magnum
706 2723 834 2779 excipit
849 2724 1067 2759 Constantius
1083 2722 1171 2756 filius
1181 2747 1192 2764 ‚
1214 2720 1423 2767 imperatque
1437 2732 1541 2755 annos
1556 2731 1617 2753 un-

170 2765 288 2800 declm.
335 2776 365 2799 ts
381 2771 460 2811 post
475 2767 600 2802 obitum
616 2770 721 2814 patris
737 2772 881 2804 Ananae
899 2769 1083 2803 sententiae
1105 2768 1289 2802 adhaerens
1307 2768 1452 2802 divinum
1471 2768 1617 2801 Alexan—

170 2811 264 2845 dmm
281 2823 352 2845 com
379 2813 504 2846 ellebat
520 2818 556 2846 ut
569 2824 643 2849 cum
661 2815 739 2849 Ario
757 2816 1035 2856 communicaret,
1066 2825 1132 2858 quo
1157 2814 1324 2847 abnuente
1353 2814 1516 2857 deumque
1543 2821 1617 2845 cum

171 2857 329 2902 lacrymis
345 2824 563 2904 Xeprecantm
588 2859 789 2894 miserrimus
804 2860 859 2894 ille
877 2861 945 2895 leto
962 2861 1047 2894 malo
1063 2863 1234 2893 emortuus
1252 2864 1314 2893 est.
