1924 3242
315 202 338 247 1
349 201 407 247 18
702 197 934 243 GEORGII
957 196 1334 240 ACROPOLITAE

302 311 451 369 Ἕβρου
474 310 650 368 γέφυραν
671 310 940 364 διαβαίνοντα.
1006 313 1121 353 τοῦτο
1150 309 1300 364 συνέχει
1330 308 1408 363 μὲν·
1430 308 1524 360 τοὺς
1550 308 1637 366 περὶ
1667 306 1741 351 τὸνἱ

309 377 564 435 Βούλγαρον,
612 377 658 419 οὗ
688 378 770 433 μὴν
797 382 868 421 τοῦ
895 375 1018 420 τόπου
1047 377 1146 420 καθ’
1181 377 1226 420 ὃν
1257 376 1399 431 ἔλαχον
1418 374 1746 434 στρατοπεδεύειν

312 448 537 500 ἀπέστησαν
546 477 559 496 ,
608 444 700 487 ἀλλ’
733 445 868 499 ἔμενον
900 446 1019 488 ἐκεῖσε
1045 447 1182 502 μέχρις
1211 444 1259 487 ἂν
1285 451 1409 500 γνοῖεν
1435 446 1486 488 τὰ
1511 449 1581 499 τῆς
1601 442 1740 502 φήμης

258 525 289 560 c
313 511 587 570 ἀκριβέστερόν
607 529 648 555 τε
672 514 738 555 καὶ
759 512 1054 571 καθαρώτερον.
1120 512 1212 555 ἀλλ’
1236 511 1327 554 οὐδὲ
1349 513 1416 556 τὸν
1433 513 1601 567 βασιλέα
1620 509 1646 567 ἦ
1666 514 1753 554 τοῦ·

308 579 543 637 Βουλγάρου
571 579 867 636 κατασκήνωσις
885 583 1072 636 λέληθεν,
1120 580 1212 622 ἀλλ’
1249 579 1488 635 ἐμεμαθήκει
1518 580 1587 622 τὸν
1618 577 1789 621 tortor&

309 648 407 690 ὅπου
430 648 480 703 δὴ
503 648 547 690 τὸ
569 648 835 705 στρατόπεδον
855 647 966 703 εἶχεν.
1016 646 1230 704 ταχύτερον
1249 652 1342 704 γοῦν
1361 648 1432 703 τὴν
1451 649 1611 702 πορείαν
1631 647 1740 688 ἓποι-
1757 663 1759 667 ’

309 723 386 758 εἴτο
407 717 474 758 καὶ
497 721 576 758 τῶν
591 718 724 759 ἵππων
745 717 817 767 τὰς
839 716 1007 771 κινήσεις
1027 716 1203 767 ἐπέτεινε,
1239 718 1303 758 καὶ
1325 715 1464 770 ηὔχετο
1485 719 1542 773 τῷ
1556 717 1757 769 Βουλγα’-“·

308 787 408 840 ρικῷ
429 786 626 838 ξυντυχεΐν
650 783 928 840 στρατεύματι.
963 784 1066 826 οὕτω
1087 788 1181 839 γοῦν
1201 782 1300 837 ἔχων
1321 782 1554 840 ὁρμήματος
1573 782 1615 824 ἔκ
1637 791 1758 831 τινος·

310 849 574 904 συμβάματος
593 850 747 908 ἐσφάλη
770 856 951 908 τυχηρῶς
971 856 1042 894 τοῦ
1062 849 1346 905 βουλεύματος.
1397 851 1434 893 οἱ
1452 851 1527 908 γὰρ
1545 847 1742 907 προάγον-

309 935 374 968 τες
404 923 484 960 τῶν
508 917 738 972 Ῥωμαϊκῶν
769 918 1074 975 στρατευμάτων
1097 926 1179 968 τοῖς
1198 921 1252 969 εἰς
1274 919 1456 975 φυλακὴν
1477 917 1743 975 προτεταγμέ-
1756 924 1813 960 ω’

308 1002 392 1035 νοις
424 990 496 1027 τοῦ
517 989 794 1043 Βουλγαρικοῦ
826 987 1092 1043 στρατοπέδου
1123 985 1454 1039 συμπεπτώκασι,
1488 988 1553 1028 καὶ
1575 984 1746 1033 πολλοὺς

258 1061 290 1095 D
313 1053 384 1106 μέν
405 1054 544 1110 ξίφους
565 1052 677 1109 ἔργον
694 1055 934 1108 πεποίηνται,
970 1053 1113 1104 ἄλλους
1131 1055 1173 1095 δέ
1195 1056 1360 1111 ζωγριάς
1376 1051 1492 1106 εἷλον,
1522 1053 1595 1096 σὺν
1612 1053 1746 1101 αὗτοῒς

310 1121 352 1162 δὲ
383 1122 448 1162 καὶ
478 1121 546 1162 τὸν
577 1122 649 1175 τὴν
680 1120 889 1176 ἡγεμονίαν
923 1126 993 1176 τῆς
1027 1123 1234 1178 στρατείας
1270 1122 1421 1174 ἔχοντα.
1489 1121 1527 1162 οἶ
1556 1121 1598 1162 δὲ
1621 1120 1745 1175 ἕτεροι

310 1192 419 1244 φυγῇ
445 1187 691 1244 χρησάμενοι
714 1189 853 1237 νυκτὸς
874 1190 1047 1240 βαθείας
1074 1190 1129 1237 εἷς
1150 1187 1195 1230 τὸ
1217 1187 1490 1244 Βουλγαρικόν
1516 1187 1746 1243 ἀπέδρασαν

310 1253 560 1310 στράτευμα,
604 1257 669 1296 καὶ
692 1257 896 1309 διηγοῦντο
918 1255 967 1296 τὰ
992 1253 1141 1306 πάντα,
1176 1257 1241 1296 καὶ
1263 1254 1307 1296 τὸ
1328 1257 1493 1309 πλησίον
1516 1254 1646 1296 αὐτῶν
1668 1252 1744 1307 ἤδη
1759 1261 1801 1297 15

312 1320 515 1376 τυγχάνειν
539 1321 607 1364 τὸν
627 1323 796 1374 βασιλέα
820 1324 1114 1377 ὁιισχυρίζοντο.
1183 1319 1237 1371 ὡς
1254 1321 1362 1375 ἔτυχε
1381 1326 1476 1378 γοῦν
1492 1322 1656 1371 ἕκαστος
1670 1313 1749 1365 τῶν

312 1387 558 1445 Βουλγάρων
581 1391 646 1430 καὶ
672 1389 792 1438 αὐτὸς
813 1387 832 1430 ὃ
858 1387 1007 1431 τούτων
1029 1389 1185 1445 ἄρχων,
1232 1390 1373 1442 ἐπιβὰς
1403 1394 1475 1432 τοῦ
1495 1391 1641 1441 ἵππου,
1686 1389 1749 1430 ἐπὶ

312 1456 363 1498 τὰ
388 1454 572 1513 ἔνδότεροι
601 1461 680 1498 τῶν
708 1459 992 1513 ,Βουλγαρικιῦν
1019 1457 1178 1513 ἐφέρετο
1210 1456 1368 1513 χώρων.
1435 1455 1759 1514 κατεόρύπτοντσ

313 1525 356 1565 δὲ
383 1522 534 1565 τούτοιν
564 1521 647 1574 τοῖς
675 1529 754 1566 τῶν
784 1525 955 1581 ὁένὸρων
985 1523 1146 1574 κλάδοις
1175 1524 1225 1566 τὰ
1259 1523 1475 1581 πρόσωπα,
1514 1524 1748 1580 συνηρεφέσι

311 1588 466 1641 τούτοις
485 1593 748 1645 ἐμπίπτοντα·
770 1592 798 1634 ,ὃ
820 1593 868 1646 δὴ
891 1594 955 1634 καὶ
977 1592 1097 1642 αὐτὸς
1119 1590 1139 1633 ὃ
1162 1590 1395 1649 Βούλγαρος
1414 1593 1620 1634 πέπονθεν.
1656 1591 1747 1632 ἕνιοι
1761 1598 1804 1633 20

313 1659 357 1700 δὲ
381 1659 511 1701 αὐτῶν
533 1661 599 1701 καὶ
622 1666 783 1717 γυμνοῖς
803 1661 1043 1716 ἐφεστρίδιον
1064 1663 1119 1710 εἷς
1136 1660 1206 1715 τὴν
1228 1659 1358 1714 ὀχείαν
1378 1666 1460 1709 τοῖς
1476 1661 1613 1709 ἵπποις
1631 1656 1750 1715 ἐχρή-

313 1743 450 1767 σαντο.
518 1725 621 1768 οὕτω
639 1732 734 1781 γοῦν
759 1726 989 1783 διαδράντες
1011 1727 1081 1781 τὴν
1102 1725 1323 1781 Ῥωμαϊκὴν
1347 1727 1548 1784 ἀπέφυγον
1573 1724 1750 1780 σπάθην.

315 1794 442 1835 ἕωθεν
465 1793 508 1835 δὲ
531 1794 599 1836 τὸν
621 1793 740 1836 τόπον
763 1794 931 1852 φθάσας
954 1793 974 1836 ὃ
994 1788 1183 1849 βασιλεὺς
1202 1796 1267 1838 καὶ
1288 1794 1434 1853 ἔρημον
1456 1792 1752 1852 στρατεύματος

405 1933 450 1968 17
471 1931 555 1977 περὶ
575 1932 688 1977 vulgo.
823 1935 869 1969 20
890 1932 1193 1979 Βουλγαράρχηςὶ)

317 2053 459 2087 celerem
480 2053 696 2100 irruptionem
722 2055 877 2101 exponit,
916 2060 1016 2101 atque
1038 2057 1248 2092 iureiurando
1275 2056 1492 2092 confirmabat
1511 2058 1622 2099 semet
1645 2055 1750 2090 oculis

316 2098 461 2143 propriis
479 2099 712 2144 imperatorem
735 2107 868 2146 pontem
890 2102 1034 2136 fluminis
1049 2103 1155 2136 Hebri
1174 2103 1248 2136 urbi
1264 2102 1444 2147 proximum
1462 2106 1750 2147 pertranseuntem

318 2144 542 2188 conspexisse.
587 2146 649 2179 hoc
665 2146 797 2190 quidem
813 2147 977 2191 Bulgaros
993 2149 1159 2187 turbavit.
1191 2160 1255 2181 non
1270 2149 1318 2181 ita
1333 2152 1441 2181 tamen
1460 2153 1497 2180 ut
1511 2147 1586 2180 loco
1599 2174 1609 2191 ‚
1632 2147 1665 2179 in
1682 2158 1748 2191 quo

319 2193 433 2222 castra
447 2189 609 2232 fixerant,
633 2202 670 2223 se
685 2197 873 2234 moverent3
905 2204 1001 2237 quem
1018 2193 1203 2227 retinebant
1218 2193 1382 2226 mordicus
1393 2219 1404 2235 ‚
1427 2202 1596 2236 quousque
1611 2203 1751 2225 accura-

318 2232 384 2265 tius
400 2233 595 2278 pleniusque
611 2234 654 2268 de
668 2236 720 2269 his
737 2248 822 2280 quae
837 2248 947 2271 rumor
961 2238 1120 2272 attulerat
1136 2238 1292 2271 certiores
1307 2238 1438 2271 fierent.
1489 2237 1548 2270 sed
1567 2248 1628 2270 nec
1646 2236 1753 2282 impe-

319 2281 463 2329 ratorem
479 2278 698 2320 Bulgarorum
714 2282 859 2315 tentoria
874 2283 1054 2327 fugiebant,
1080 2294 1151 2316 cum
1167 2283 1273 2316 locum
1289 2283 1321 2316 in
1343 2293 1408 2326 quo
1424 2281 1589 2316 exercitus
1596 2286 1676 2315 'brat
1691 2281 1752 2315 ad-

321 2322 503 2374 didlcisset.
548 2323 650 2366 igitur
674 2325 814 2359 celerius
839 2327 903 2359 iter
924 2328 1069 2371 ingredi,
1102 2339 1258 2372 equorum
1280 2338 1414 2371 gressus
1440 2338 1602 2372 properos
1619 2338 1752 2370 urgere,

322 2377 522 2411 summisque
536 2368 623 2402 votis
641 2374 800 2414 exoptare
816 2371 968 2414 Bulgaris
985 2373 1087 2418 copiis
1103 2384 1289 2406 occurrere.
1336 2371 1385 2405 sic
1407 2383 1487 2416 ergo
1502 2373 1648 2405 irruente
1663 2372 1754 2405 forte

322 2412 456 2444 fortuna
483 2412 525 2445 ab
555 2412 707 2446 instituto
737 2415 922 2450 abducitur.
968 2419 1024 2460 qui
1052 2418 1137 2451 enim
1166 2416 1322 2450 Romanis
1351 2416 1456 2461 copiis
1486 2417 1678 2461 praeibant,
1715 2416 1751 2449 in

323 2456 494 2500 Bulgarici
509 2457 676 2491 exercitus
693 2459 844 2493 custodes
858 2460 1017 2503 incidunt,
1033 2473 1168 2506 quorum
1185 2463 1362 2506 plerosque
1376 2473 1455 2495 ense
1469 2461 1650 2506 trucidant,
1667 2461 1751 2495 alios

322 2501 419 2534 vivos
436 2502 581 2546 capiunt,
604 2501 693 2536 inter
707 2515 764 2537 eos
781 2509 815 2537 et
829 2505 881 2538 cui
896 2517 1018 2539 summa
1034 2506 1112 2541 belli
1128 2507 1255 2540 credita
1269 2508 1392 2542 fuerat.
1439 2507 1563 2541 caeteri
1585 2508 1665 2551 suga
1688 2506 1752 2540 sibi

324 2546 534 2580 consulentes
556 2559 679 2581 summa
701 2553 799 2582 nocte
813 2549 846 2582 in
861 2550 1072 2594 Bulgaricum
1089 2552 1269 2585 exercitum
1283 2556 1517 2596 revertuntur,
1539 2553 1752 2595 nuntiantque

325 2591 444 2633 omnia,
469 2597 504 2626 et
518 2592 582 2626 iam
598 2592 769 2627 imminere
786 2594 1014 2639 imperatorem
1031 2597 1241 2630 contendunt.
1289 2609 1393 2641 quare
1407 2597 1456 2631 uti
1474 2596 1613 2642 quisque
1627 2597 1753 2639 Bulga-

323 2647 434 2670 rorum
450 2638 580 2681 potuit,
614 2649 792 2684 eorumque
806 2640 962 2685 princeps
977 2641 1010 2674 in
1027 2652 1147 2685 equum
1161 2641 1308 2675 insiliens
1318 2669 1327 2684 ,
1358 2643 1391 2676 in
1405 2643 1565 2676 interiora
1579 2641 1755 2685 Bulgariae

323 2681 469 2724 regionis
485 2683 558 2716 loca
573 2694 647 2716 sese
662 2684 811 2728 recipere
822 2711 832 2726 ‚
866 2689 901 2718 et
925 2697 997 2719 cum
1022 2697 1083 2730 per
1106 2687 1180 2719 loca
1197 2687 1371 2721 arboribus
1386 2687 1613 2733 frequentibus
1628 2686 1755 2720 consita

323 2726 547 2770 abigerentur,
570 2729 725 2762 arborum
740 2730 839 2763 ramis
854 2730 959 2764 facies
969 2757 979 2773 ‚
1003 2731 1090 2775 quod
1107 2736 1143 2764 et
1157 2731 1321 2776 Bulgarus
1336 2744 1453 2777 passus
1468 2737 1539 2773 est,
1562 2730 1754 2770 dilacerari3

323 2772 471 2806 nonnulii
495 2772 594 2807 etiam
617 2786 657 2807 ex
674 2774 756 2820 ipsis
773 2775 861 2818 sagis
879 2775 1005 2810 omissis
1021 2776 1114 2820 equis
1130 2777 1240 2810 calcar
1255 2778 1379 2812 addere
1391 2803 1401 2820 ‚
1434 2778 1489 2822 qui
1513 2778 1561 2811 sic
1584 2778 1618 2811 in
1642 2777 1755 2820 fugam

324 2816 393 2851 dati
408 2817 632 2853 Romanorum
646 2819 732 2854 ictus
753 2820 971 2857 declinarunt.
1016 2833 1110 2856 mane
1137 2833 1208 2856 cum
1233 2823 1340 2858 locum
1363 2827 1559 2869 occupasset
1577 2823 1759 2869 imperator
