1872 3236
294 205 388 256 '122
684 207 1059 253 CONSTANTINI
1089 209 1353 255 MANASSIS

424 321 585 381 ἀπάρας
603 318 704 380 πρὸς
723 322 795 378 τὴν
815 320 1021 376 Βύζαντος
1042 322 1324 380 εὖκλεεστᾶτην
1341 317 1459 368 πόλιν

419 392 697 449 Ἀρδαβουρίῳ
721 389 902 448 πρόσεισι
923 396 982 450 τῷ
997 391 1348 450 πολυχρυσοτάτῳ.

424 455 474 514 ἦν
492 461 533 501 δ’
554 459 691 516 ἄρχων
699 458 990 517 Ἀρδαβούριος
1009 458 1196 503 ἁπάντων
1213 466 1293 503 τῶν
1310 459 1539 517 ταγμάτων,

287 527 397 571 2815
421 525 697 584 συστράτηγον
716 527 978 585 τὸνῖΆσπαρα
997 530 1063 570 καὶ
1082 524 1390 586 σοστρατάρχην
1409 530 1524 585 ἔχων,

420 596 523 650 μεθ’
550 590 598 637 οὗ
621 598 687 638 καὶ
707 598 999 639 συναπέπλευσε
1018 597 1122 639 κατὰ
1144 602 1217 639 τοῦ
1233 598 1275 638 Γ
1271 599 1454 652 ιζερίχου.

420 659 472 718 ἦν
493 663 534 706 δ’
556 663 691 721 ἄρχων
714 663 735 706 ὃ
760 667 801 706 Γ
799 666 964 722 ιζὲριχος
982 663 1158 719 Λιβύων
1181 664 1444 719 Οῦανδήλων,

423 726 458 789 ᾧ
476 735 742 786 πολεμοῦντος
755 733 958 790 Ἄσπαρος
977 734 1019 774 ἐκ
1042 737 1115 789 γῆς
1135 733 1214 775 ἀπὸ
1230 732 1456 790 θαλάττης,

419 802 462 851 ἐξ
480 801 657 843 ἱπποτῶν
678 801 756 844 ἀπὸ
778 804 916 854 πεζῶν,
953 801 1032 843 ἀπὸ
1050 800 1387 853 θαλασσοπλόων,

284 871 395 911 2820
417 870 484 910 καὶ
505 874 704 926 καρτερᾶς
721 875 793 923 τῆς
811 874 1042 926 προσβολῆς
1061 868 1238 924 Λιβύων
1256 871 1489 926 γενομένης,

422 939 490 979 καὶ
512 942 583 991 τῆς
598 936 815 992 ίΡωμαίων
844 936 1052 995 φάλαγγος
1070 939 1132 979 ἐπὶ
1155 938 1286 995 φυγὴν
1305 938 1538 994 βλεψάσης,
1594 958 1595 962 ’

421 999 627 1062 ζωγρεΐται
646 1008 712 1048 καὶ
730 1006 975 1063 Μαρκιανὸς
993 1006 1066 1048 σὺν
1086 1006 1223 1057 ἄλλοις
1245 1007 1317 1049 οὐκ
1338 1006 1484 1062 ὀλίγοις
1496 1041 1509 1059 ,

423 1075 711 1130 καθείργνυταί
728 1092 768 1116 τε
789 1074 863 1117 σὺν
880 1074 1016 1124 αὐτοῖς
1038 1076 1079 1116 ἓν
1100 1073 1239 1129 δόμοις
1257 1077 1298 1115 Γ
1295 1076 1476 1131 ιζερίχου.

420 1140 601 1196 θελήσας
622 1137 692 1184 οὖν
710 1145 751 1183 Γ
748 1144 914 1199 ιζέριχος
935 1145 1031 1185 ἰδεῖν
1053 1143 1149 1192 τοὺς
1169 1141 1438 1199 ὁορυκτήτους

285 1211 396 1252 2825
423 1209 582 1252 ἄνωθεν
603 1211 704 1261 στὰς
719 1211 788 1268 ἐφ’
814 1209 978 1266 ὑψηλοῦ
995 1211 1090 1260 τοὺς
1107 1210 1257 1268 ἄνδρας
1275 1209 1495 1262 ἐπεσκόπει,

419 1279 486 1320 καὶ
504 1279 640 1332 βλέπει
662 1283 829 1334 πρᾶγμα
850 1278 1080 1330 ὃύσπιστον,
1115 1279 1359 1336 Μαρκιανὸν
1374 1277 1576 1322 ὖπνοῧντα

417 1347 486 1388 καὶ
504 1345 812 1401 ὁυσμηχάνητον
831 1347 941 1404 αὐτῷ
958 1346 1074 1388 σκιὰν
1097 1347 1387 1400 σκευαζομένην

414 1412 493 1455 ὑπὸ
512 1413 716 1470 πτερύγιον
737 1415 870 1456 ἀετοῦ.
938 1419 1056 1457 τοῦτο
1075 1418 1295 1468 θαμβεΐται
1311 1414 1487 1469 βλέψας,

414 1480 529 1524 θεῖόν
549 1500 637 1525 τινα
655 1484 848 1538 λογίζεται
867 1482 937 1525 τὸν
956 1482 1085 1539 ἄνδρα
1100 1485 1359 1540 χρηματίζειν

278 1551 390 1592 2830
415 1552 484 1592 καὶ
499 1555 571 1605 τῆς
594 1551 722 1607 ἀρχῆς
738 1549 927 1600 κατάξιον
942 1549 1159 1604 ιΡωιιιαίων
1177 1553 1244 1593 καὶ
1263 1555 1336 1593 τοῦ
1354 1548 1541 1608 κράτους.

411 1625 559 1660 κτεῖναι
575 1620 648 1672 μὲν
671 1614 741 1660 οὖν
761 1617 1039 1676 ἀπάνθρωπον
1060 1618 1190 1675 ἄνδρα
1208 1623 1395 1662 τοιοῦτον
1409 1620 1548 1677 κρίνει,

414 1688 738 1743 προβεβληιιιένον
756 1686 914 1728 ἄνωθεν
931 1689 986 1736 εἷς
1004 1689 1212 1741 βασιλείας
1228 1686 1340 1742 ὕψος

414 1755 503 1809 (τὸν
522 1755 598 1811 γὰρ
617 1759 719 1797 θεοῦ
735 1762 823 1804 ταῖς
843 1762 1057 1811 κραταιαῒς
1072 1754 1375 1812 φρουρούμενον
1392 1753 1601 1809 παλάμαις

417 1824 478 1873 τίς
495 1822 545 1864 ἂν
564 1821 735 1877 ἰ’σχύσειε
758 1828 921 1877 θνητῶν
936 1823 1071 1865 ὀλέσαι
1090 1823 1167 1880 πρὸ
1190 1828 1260 1878 τῆς
1282 1822 1412 1880 ῶραςς

280 1890 391 1934 2835
417 1890 466 1933 ἄν
484 1890 510 1946 ἦ
531 1895 634 1934 θεοῦ
649 1891 902 1948 μεγαλαλκὴς
918 1893 1007 1948 χείρ
1029 1909 1073 1934 σε
1091 1893 1395 1949 περιφρουροίη,

371 1999 463 2034 2817
477 1996 708 2034 Οὐανδάλων
727 1999 797 2033 ΑΜ
933 2000 1025 2034 2820
1043 2000 1228 2043 κρατεροῖς
1244 2000 1286 2043 A,
1307 1999 1486 2043 κρατερᾶς
1503 1996 1542 2030 Μ
1645 2005 1736 2039 συμ-

372 2045 512 2089 πλοκῆς
535 2046 569 2079 R
636 2046 727 2080 2825
745 2042 821 2090 ἀφ’
839 2045 874 2080 R
937 2047 1029 2081 2827
1049 2044 1289 2090 σκιαζομέν-ην
1313 2046 1347 2080 R
1421 2042 1514 2079 2834
1535 2042 1681 2087 βροτῶν
1700 2043 1735 2076 R

276 2141 348 2172 tum
365 2136 449 2169 satis
469 2140 563 2170 esset
584 2137 627 2170 ab
648 2136 699 2170 eis
718 2139 875 2181 accepto,
898 2137 1106 2181 Byzantium
1124 2136 1368 2182 proficiscitur,
1386 2142 1490 2180 atque
1506 2134 1557 2168 ibi
1572 2134 1731 2167 Ardabu-

276 2181 377 2223 rium,
404 2182 573 2216 hominem
588 2182 690 2226 longe
707 2183 1013 2226 opulentissimum,
1040 2183 1186 2218 accedit.
1214 2188 1290 2217 erat
1308 2187 1420 2216 autem
1444 2181 1500 2214 hic
1518 2179 1732 2213 Ardaburius

277 2227 426 2262 omnium
442 2228 618 2271 copiarum
635 2228 836 2271 imperator,
859 2234 895 2261 et
909 2228 945 2261 in
963 2241 1003 2262 eo
1021 2241 1161 2263 munere
1186 2229 1349 2272 collegam
1370 2228 1538 2271 Asparem
1559 2225 1732 2265 habebam

277 2284 424 2318 quocum
438 2273 636 2307 Marcianus
655 2273 835 2307 militatum
854 2274 942 2308 abiit
957 2276 1124 2309 adversus
1142 2275 1364 2308 Gizericlium
1379 2273 1619 2306 Africanorum
1634 2271 1730 2304 Van-

277 2318 424 2353 dilorum
444 2330 575 2362 regem.
624 2330 700 2352 eum
724 2330 798 2352 cum
817 2321 930 2364 Aspar
948 2326 1166 2365 oppugnaret
1185 2326 1280 2354 terra
1300 2325 1336 2353 et
1354 2318 1439 2352 mari
1458 2317 1612 2362 peditum
1631 2315 1730 2359 equi-

277 2371 419 2408 tumque
444 2364 566 2408 copiis‚
591 2368 627 2397 et
648 2364 824 2398 accideret
844 2367 991 2408 quodam
1010 2372 1165 2411 tempore
1186 2371 1223 2399 ut
1240 2365 1318 2399 Afri
1340 2363 1545 2408 gravissimo
1569 2373 1644 2395 oum
1665 2361 1731 2395 im-

276 2415 361 2455 petu
390 2410 524 2443 hostem
551 2410 758 2444 invaderent
785 2421 825 2442 ac
851 2411 1007 2445 Romana
1034 2412 1182 2456 phalanx
1208 2412 1312 2455 fugae
1335 2422 1374 2443 se
1405 2410 1602 2451 mandaret,
1637 2408 1732 2441 forte

274 2455 474 2490 Marcianus
504 2467 579 2488 cum
600 2455 715 2488 multis
745 2455 822 2488 aliis
851 2456 953 2490 vivus
979 2457 1016 2490 in
1045 2458 1193 2491 hostium
1220 2461 1427 2501 potestatem
1453 2454 1564 2488 venit.
1610 2454 1732 2498 itaque

276 2513 351 2535 cum
383 2501 670 2535 commilitonibus
699 2500 736 2534 in
762 2501 944 2535 Gizerichi
968 2504 1103 2537 domum
1132 2503 1317 2547 perductus
1343 2501 1476 2535 carceri
1499 2499 1729 2544 mancipatur.

274 2558 350 2581 cum
374 2552 487 2581 autem
511 2547 718 2580 Gizericlius
739 2546 924 2590 aliquando
944 2549 1100 2593 captivos
1120 2554 1279 2593 spectare
1298 2547 1415 2590 vellet,
1439 2558 1550 2591 eaque
1565 2546 1609 2579 de
1626 2556 1731 2579 eausa

273 2593 311 2627 in
332 2592 470 2626 sublimi
491 2593 611 2636 regiae
633 2597 733 2637 parte
757 2592 976 2637 consisteret,
1002 2594 1207 2628 incredibile
1229 2594 1393 2639 quiddam
1409 2594 1532 2635 cernit,
1554 2591 1731 2626 dormien-

274 2645 345 2673 tem
364 2638 499 2672 scilicet
519 2638 754 2680 Marcianum,
792 2638 847 2671 cui
873 2639 945 2672 suis
973 2640 1035 2673 alis
1062 2642 1216 2673 umbram
1245 2639 1360 2683 aquila
1384 2639 1637 2684 suppeditaret.
1684 2636 1730 2670 ad

275 2696 351 2718 eam
372 2696 445 2718 rem
464 2684 697 2728 obstupescit,
731 2683 885 2718 divinum
911 2685 1080 2718 hominem
1111 2698 1189 2719 esse
1210 2685 1423 2719 Marcianum
1458 2684 1590 2728 colligit
1616 2683 1727 2728 impe-

275 2730 399 2774 rioque
417 2730 572 2764 Romano
591 2730 744 2774 dignum.
792 2732 1013 2774 quamobrem
1040 2731 1236 2764 immaniter
1262 2743 1302 2764 se
1326 2732 1496 2764 facturum
1521 2729 1660 2772 statuit,
1695 2727 1728 2762 si

276 2775 388 2809 virum
412 2775 514 2810 talem
539 2776 725 2819 occideret,
750 2775 806 2809 cui
824 2776 966 2810 caelitus
989 2777 1170 2821 imperium
1190 2777 1436 2810 destinaretur.
1485 2776 1642 2810 nimirum
1663 2774 1727 2807 ho-

276 2821 401 2855 minem
428 2833 528 2866 quern
547 2823 711 2856 robustae
730 2821 787 2856 dei
805 2833 924 2856 manus
944 2823 1160 2865 custodiunt,
1199 2822 1275 2867 quis
1297 2822 1491 2856 mortalium
1513 2821 1626 2866 possit
1646 2825 1727 2854 ante

275 2866 367 2902 diem
392 2880 412 2902 e
429 2868 543 2904 medio
567 2867 689 2902 tollere
697 2868 716 2902 ’ἐ
762 2867 794 2903 si
812 2868 1004 2905 fortissima
1020 2869 1078 2904 dei
1096 2879 1215 2905 manus
1233 2873 1271 2904 te
1286 2873 1471 2914 protegat,
1507 2869 1638 2903 ferrum
1658 2877 1727 2900 non
