1924 3242
751 157 1008 202 ANNALEs.
1535 128 1601 202 si

154 273 233 329 τὴν.
249 275 324 315 τοῦ
343 270 546 326 βασιλέως
572 266 836 325 μετάκλησιν,
871 276 1025 329 κοῦφος
1049 270 1094 314 δὲ
1121 267 1180 313 ὦν
1207 263 1325 320 οὗτος
1349 268 1423 320 τὰς
1450 269 1601 326 φρένας

153 346 238 391 τοῖς
257 339 389 382 αὐτῶν
409 336 541 394 λόγοις
565 339 823 396 συνεφέρετο,
851 338 942 381 ὅποι
962 341 1029 382 καὶ
1051 336 1211 382 νεύοιεν.
1279 339 1421 393 ξυνέβη
1454 339 1497 380 δὲ
1524 338 1599 380 κᾶν

153 406 310 458 τούτοις
331 406 427 464 ὅπερ
451 405 506 456 ὥς
526 405 691 462 ἥδυσμά
709 424 748 450 τι
773 406 1004 463 παραθήσω
1023 415 1109 458 τοῖς
1128 406 1273 464 λόγοις.
1328 406 1398 449 τὸν
1417 407 1597 460 Καμπα-

152 475 222 519 νὺν
253 476 345 531 (ἕνα
369 477 436 519 καὶ
455 473 598 518 τούτον
616 479 696 518 τῶν
716 474 961 532 συνιστόρων
982 481 1055 518 τοῦ
1077 474 1197 518 δόλου
1221 477 1458 533 προείπομεν
1479 473 1598 527 εἶναι)

119 544 203 588 ὄτὰ
226 545 302 599 οὐχ
320 543 417 602 ὑπὲρ
438 543 677 601 Δημητρίου
699 547 926 602 φρονοῦντα
947 542 1188 600 ἀπήγγειλάν
1206 562 1331 596 τινες,
1365 545 1447 586 ἐπεὶ
1467 545 1534 586 καὶ
1555 545 1599 585 ἐκ

148 613 348 667 βασιλέως
361 613 620 664 ἓπανέζευξεν.
688 614 755 655 καὶ
775 611 819 662 ὃς
836 613 1012 669 παρέστη
1037 616 1096 670 τῷ
1115 613 1353 670 Δημητρίῳ,
1387 614 1454 654 καὶ
1474 627 1599 667 κατη-

147 688 304 738 γορεῖτο
334 681 436 738 πρὸς
463 685 543 723 τῶν
565 681 704 736 ἀληθῆ
724 680 814 723 κατ’
842 681 968 723 αὐτοῦ
992 679 1252 738 φασκόντων,
1288 678 1343 730 ὥς
1371 680 1604 738 ῥᾳδιουργεῖ

148 747 287 807 κρύφα
316 752 383 792 καὶ
416 749 678 807 ἄποπειρᾶται
701 754 774 791 τοῦ
792 753 894 792 λαοῦ
912 750 979 792 καὶ
1000 750 1156 806 γραφαὶ
1174 749 1275 805 πρὸς
1296 748 1422 790 αὐτοῦ
1439 753 1498 806 τῷ
1517 753 1598 802 βα-

148 822 255 860 σιλεῖ’
278 818 500 872 πέμπονται
529 819 596 860 καὶ
629 815 741 873 λόγοι
768 816 1060 874 μυστηριώδεις
1089 814 1388 871 ὁιαμηνύονται.
1456 818 1523 858 καὶ
1545 811 1595 870 ἦν
1617 815 1647 849 C

95 885 249 943 1οπρὸς
269 890 321 946 τῇ
341 883 506 942 τοιαύτῃ
529 884 702 936 ἐξετάσει
725 884 747 928 ὃ
767 884 1008 940 Καμπανός.
1076 884 1098 928 ὃ
1119 890 1215 941 γοῦν
1233 884 1471 942 Σπαρτηνὸς
1493 902 1598 937 συμ-

144 953 301 1008 μύστης
331 953 388 996 ὢν
418 958 499 996 τῶν
523 955 806 1011 πραττομένων
828 956 917 1011 περὶ
939 958 1020 997 τῶν
1039 952 1229 996 τοιούτων
1252 953 1503 1007 μεμαθηκὼς
1522 952 1596 994 τά-

139 1037 217 1076 χος
249 1022 371 1064 ἐκεῖσε
401 1022 593 1079 φέρεται,
627 1023 694 1064 καὶ
725 1021 780 1072 ὡς
813 1021 912 1077 εἶχεν
937 1022 1151 1076 ἄσθματος
1171 1023 1238 1064 καὶ
1260 1024 1460 1076 σπουδῆς,
1488 1020 1593 1063 “vl''

143 1090 249 1147 φησί
271 1088 391 1147 “περὶ
413 1091 529 1132 τοῦδε
553 1094 626 1132 τοῦ
647 1091 851 1148 ἀλιτηρίου
874 1092 1143 1148 κατηγοροῦσί
1159 1108 1285 1142 τινες,
1321 1091 1515 1141 δέσποτα,
1552 1087 1597 1139 ὃς

86 1207 88 1210 Ι
142 1159 178 1200 εἰ
207 1155 320 1216 ἁλῴη
351 1162 556 1210 τοιοῦτος,
589 1163 748 1201 πολλῶν
779 1158 971 1202 θανάτων
998 1161 1154 1217 κριθείη
1190 1158 1240 1201 ἂν
1274 1158 1442 1213 ἄξιος,·”
1478 1159 1544 1199 καὶ
1572 1155 1594 1199 ὃ

90 1225 380 1284 Ῑ5Δημήτριος
409 1225 602 1284 (ἐθάρρει
630 1227 708 1284 γὰρ
736 1226 849 1281 μάλα
878 1226 1008 1286 τούτῳ
1031 1226 1087 1278 ὡς
1106 1232 1258 1285 πιστῷ,
1285 1229 1351 1269 καὶ
1373 1225 1477 1269 πάνυ
1497 1230 1593 1268 τοῦ-

140 1311 212 1336 τον
243 1292 539 1338 ὁυσνούοτατον
571 1295 675 1336 κατὰ
705 1295 774 1337 τὸν
803 1295 978 1349 κωμικόν
988 1328 1002 1348 ,
1037 1298 1072 1338 εἷ
1101 1298 1168 1338 καὶ
1202 1295 1260 1349 μὴ
1295 1296 1592 1345 κλεπτίστατον,

139 1360 299 1418 ἡγεῖτο)
326 1361 558 1419 “προὸότην
575 1367 730 1414 τοῦτον,
758 1365 981 1420 Σπαρτηνέ,
1011 1366 1135 1420 φασὶν
1157 1361 1253 1405 εἶναι
1276 1364 1314 1404 οἳ
1332 1367 1474 1405 τοῦτον
1496 1360 1594 1404 διώ-

139 1431 320 1481 nomer-²³
391 1428 412 1472 ὃ
433 1431 476 1472 δὲ
492 1432 599 1473 παίει
615 1430 685 1473 τὸν
704 1432 931 1485 Καμπανὸν
947 1432 1051 1474 κατὰ
1069 1437 1141 1487 τῆς
1158 1430 1343 1487 σιαγόνος
1359 1436 1418 1488 τῷ
1432 1435 1588 1489 καρπῷ,
1611 1434 1644 1468 D

82 1531 86 1536 .
137 1497 302 1555 σφόδρα
327 1497 582 1556 χρησάμενος
609 1503 660 1556 τῇ
684 1504 811 1557 βολῇ,
844 1501 912 1542 καὶ
941 1499 1165 1554 λαβόμενος
1188 1498 1333 1542 τούτου
1359 1503 1432 1554 τῆς
1454 1500 1591 1555 γένυος

81 1564 268 1622 20“ἕγῶ”
298 1568 422 1624 φησίν
442 1565 597 1610 ααὐτὸν
617 1568 658 1610 ἐν
678 1575 762 1618 τοῖς
784 1569 885 1610 οἴκοι
909 1567 1149 1624 ἀπαγαγών,
1179 1569 1374 1620 δέσποτα,
1401 1569 1590 1622 ἔτασμοῖς

134 1633 351 1684 ἐκπνεύσας
369 1634 414 1677 τὸ
430 1639 602 1691 πρῶτον,
627 1634 759 1678 πάντα
781 1642 921 1679 τοῦτον
942 1635 1234 1692 καταναγκάσω
1254 1636 1408 1694 ἴκφορα
1425 1640 1591 1692 ποιῆσαι

133 1702 187 1745 τὰ
208 1701 387 1760 κρύβδην
407 1701 565 1754 τούτοις
594 1702 978 1762 <iqc5tovpymipceva.²²
1048 1705 1167 1748 ταῦτ’
1202 1703 1281 1748 εἷπε
1294 1737 1307 1757 ,
1342 1707 1408 1746 καὶ
1435 1703 1490 1754 ὥς
1510 1701 1588 1757 εἶχε

134 1769 284 1825 τάχους
304 1772 346 1821 ἐς
362 1770 435 1826 τὴν
458 1773 586 1814 οἰκίαν
608 1771 738 1830 ἀπῄει.
784 1772 854 1816 τὸν
873 1775 948 1828 μὲν
966 1768 1038 1816 οὖν
1057 1772 1286 1827 Καμπανὸν
1302 1773 1347 1816 τὸ
1371 1772 1449 1815 ἀπὸ
1470 1774 1586 1814 τοῦδε

223 1890 268 1925 16
289 1885 564 1926 εὖνούστατονῖ

129 1991 164 2026 ὶιι
191 2002 267 2026 eum
293 1991 510 2027 fraudulenta
536 2004 612 2028 esse
640 1992 779 2027 consilia
801 1993 1027 2027 affirmabant.
1074 1994 1132 2039 qui
1157 2006 1231 2027 cum
1254 1994 1390 2039 ineptus
1410 1995 1503 2026 esset
1521 2002 1583 2024 nec

129 2036 229 2072 animi
254 2047 411 2083 compos,
445 2050 561 2072 eorum
583 2039 812 2082 sermonibus,
843 2051 1043 2084 quocunque
1069 2040 1158 2073 inum
1187 2039 1384 2077 traxissent,
1407 2038 1581 2081 agebatur.

128 2082 255 2117 accidit.
277 2082 379 2117 etiam
402 2084 491 2129 quod
513 2084 714 2118 condimenti
727 2085 802 2118 loco
818 2085 962 2119 orationi
984 2097 1077 2119 meae
1091 2085 1312 2130 interponam.
1361 2084 1443 2117 Cam
1470 2093 1581 2123 anum,

128 2139 230 2163 unum
246 2140 290 2163 cx
303 2130 589 2175 conspirantibus,
613 2135 652 2164 ut
674 2141 777 2175 supra
791 2130 934 2164 diximus
944 2156 954 2173 ‚
979 2143 1047 2165 non
1063 2143 1082 2165 a
1097 2130 1269 2165 Demetrio
1283 2129 1344 2164 sed
1360 2130 1402 2164 ab
1418 2139 1438 2161 a
1464 2138 1580 2161 versa—

128 2173 181 2208 rio
196 2178 316 2218 stare,
342 2187 416 2210 cum
440 2187 484 2210 ex
507 2176 710 2221 imperatore
728 2175 901 2218 rediisset,
923 2188 989 2210 non
1004 2188 1100 2211 nemo
1114 2176 1331 2210 renuntiavit.
1377 2174 1500 2209 iudicio
1517 2185 1581 2219 pe-

127 2230 189 2254 nes
215 2220 418 2255 Demetrium
446 2222 597 2263 sistitur,
621 2225 655 2256 et
682 2228 861 2256 accusatur
876 2223 919 2256 ab
935 2223 976 2257 iis
991 2223 1048 2268 qui
1063 2233 1147 2257 vera
1160 2223 1377 2264 referebant,
1400 2231 1475 2254 eum
1493 2221 1579 2253 clam

126 2264 161 2299 in
177 2265 359 2311 principem
374 2266 555 2301 machinari
570 2267 800 2312 seducereque
816 2269 995 2313 populum;
1019 2269 1147 2310 ¹literas
1173 2268 1216 2302 ad
1240 2268 1476 2313 imperatorem
1492 2264 1578 2299 scri-

126 2311 264 2356 ptitare‚
284 2313 405 2356 quibus
419 2324 545 2347 arcana
558 2314 687 2359 imperii
702 2314 882 2347 revelaret.
930 2321 965 2348 et
980 2314 1078 2349 simili
1091 2314 1277 2359 quaestioni
1289 2314 1481 2357 Campanus
1494 2321 1577 2355 sup-

126 2357 328 2402 ponebatur.
373 2358 558 2404 Spartenus
584 2359 834 2393 machinationis
860 2365 1017 2402 consors,
1041 2360 1099 2394 ubi
1124 2360 1159 2394 id
1180 2358 1393 2400 rescivisset,
1415 2368 1514 2401 quam
1530 2355 1577 2389 ci-

126 2401 254 2435 tissime
271 2413 312 2436 eo
329 2402 476 2448 advolat,
500 2410 536 2438 et
549 2411 626 2439 utut
640 2405 760 2451 potuit,
783 2406 945 2440 anhelans
964 2402 1082 2440 “cuius
1097 2401 1221 2439 causa'’
1242 2404 1374 2450 inquit,
1396 2399 1577 2447 “despota‚

125 2447 290 2481 scelestus
303 2447 370 2482 iste
382 2449 416 2483 in
431 2450 484 2485 ius
498 2451 645 2496 rapitur,
668 2451 727 2496 qui
743 2451 770 2484 si
785 2451 935 2485 similium
952 2452 1124 2486 criminum
1148 2451 1389 2492 convincatur,
1413 2461 1454 2482 ne
1467 2448 1525 2482 ille
1542 2450 1577 2480 et

123 2492 197 2527 iure
212 2493 331 2527 merito
347 2494 458 2530 multis
472 2497 633 2531 mortibus
649 2494 958 2531 condemnabitur.”
996 2502 1031 2531 et
1046 2497 1237 2531 Demetrius
1250 2496 1299 2530 illi
1313 2502 1473 2539 tanquam
1496 2491 1576 2527 fidei

124 2543 302 2583 spectatae
315 2539 390 2573 viro
406 2542 594 2587 confidens,
618 2554 693 2577 cum
709 2553 782 2576 eum
798 2543 861 2577 sibi
877 2543 1105 2578 amicissimum
1118 2569 1128 2586 ,
1152 2542 1217 2578 etsi
1239 2554 1307 2576 non
1321 2540 1573 2582 furacissimum‚

125 2590 164 2618 ut
186 2584 314 2618 Comici
337 2585 452 2619 verbis
474 2593 569 2634 utar,
594 2588 818 2632 existimaret,
840 2585 921 2634 “qui
950 2590 1038 2623 hunc
1064 2592 1242 2631 accusant,
1265 2587 1472 2633 proditorem
1487 2595 1573 2625 esse,

124 2632 317 2674 Spartane,
343 2629 525 2666 fatentur?
568 2633 643 2679 ipse
659 2646 788 2679 pugno,
811 2646 921 2693 eogtue
937 2634 1226 2670 vehementissimo
1239 2662 1248 2678 ,
1268 2633 1433 2678 Campani
1456 2630 1574 2666 maxil-

124 2675 187 2709 lam
204 2675 391 2717 contundit,
412 2682 617 2724 arreptaque
630 2680 718 2715 illius
734 2681 840 2715 barba
885 2678 972 2726 ego”
996 2680 1117 2725 inquit,
1141 2677 1316 2725 “despota,
1340 2679 1473 2712 domum
1491 2687 1571 2710 con-

122 2721 260 2755 ductum
282 2721 460 2757 tormentis
483 2724 623 2769 primum
645 2726 822 2767 adhibitis,
856 2738 1077 2773 quaecunque
1099 2725 1173 2771 ipse
1194 2725 1268 2759 sive
1292 2724 1417 2759 conscii
1441 2722 1573 2758 occulte

122 2771 374 2811 pertentat-unt,
399 2779 516 2813 cogam
532 2769 720 2805 confiteri.''
767 2772 864 2815 dixit,
886 2778 921 2807 et
936 2784 1002 2817 qua
1019 2771 1130 2817 potuit
1145 2771 1318 2805 celeritate
1332 2771 1462 2804 domum
1478 2767 1570 2800 abiit.

123 2813 314 2860 Campanus
328 2813 442 2860 itaque
457 2826 500 2851 ex
513 2815 568 2851 ino
582 2816 718 2852 inlecto
734 2818 957 2863 pulcherrimo
973 2829 1015 2853 ac
1028 2817 1202 2862 magnifico
1225 2817 1377 2863 stragulo
1393 2816 1481 2850 inter
1498 2815 1572 2858 plu-
