1924 3242
319 179 384 232 42
709 181 941 226 GEORGII
971 181 1354 226 ACROPOLITAE

317 293 362 337 ὃν
383 292 551 352 φθάσας
568 292 588 336 ὅ
606 291 722 349 λόγος
743 291 949 349 ἐδήλωσεν,
967 298 1047 337 τῶν
1064 294 1177 351 ἐγγὺς
1196 293 1355 338 πάντων
1373 292 1577 351 γενόμενος
1595 294 1739 352 ἐγκρα-

316 361 410 418 τής,
445 363 536 405 ἄνευ
573 362 707 415 μέντοι
737 366 810 404 τοῦ
841 366 912 417 τῆς
939 359 1128 418 Ῥοδόπης
1159 362 1300 420 ὅρους,
1334 362 1428 420 ὅπερ
1462 365 1527 406 καὶ
1547 363 1740 420 Ἀχριὸὡς

314 429 564 484 ὠνόμασται,
599 431 666 471 καὶ
697 433 776 472 τῶν
799 430 840 471 ἓν
860 428 987 488 τούτῳ
1007 429 1156 473 ἄστεων
1178 432 1244 472 καὶ
1268 434 1341 472 τοῦ
1362 432 1609 480 ΜελενΙκου·
1642 428 1736 473 τού-

311 514 390 540 των
415 497 491 553 γὰρ
524 492 643 553 ἦρχεν
677 495 698 539 ὃ
730 495 942 551 Σθλάβος,
976 499 1190 555 προσγενὴς
1220 497 1274 540 ὢν
1303 502 1376 540 τοῦ
1401 499 1598 552 βασιλέως
1616 498 1736 541 Ἇσᾶν

312 566 377 606 καὶ
402 563 593 620 δεσπότης
612 566 863 620 τετιμημένος
883 563 960 607 ὕπὸ
980 570 1052 607 τοῦ
1069 566 1264 619 βασιλέως
1286 563 1769 616 Κωνσταντινουπόλεωςδ
1818 613 1822 617 ,

306 632 449 688 Ἐρρῆ,
477 627 524 675 οὗ
544 635 611 676 καὶ
631 634 703 688 τὴν
724 634 928 690 θυγατέρα
948 634 990 674 ἐκ
1006 637 1217 687 παλλακῆς
1238 634 1347 692 αὐτῷ
1364 634 1617 689 γεγενημένην
1635 630 1736 688 ἠγά-

309 716 397 755 γετο
430 702 486 750 εἷς
513 707 691 756 γυναῖκα.
759 695 874 750 οὗτος
897 701 946 755 δὴ
969 699 989 742 ὃ
1011 700 1225 754 Σθλάβος,
1255 701 1324 742 ‘iva
1346 699 1488 758 μικρόν
1506 717 1545 743 τι
1563 699 1633 743 τὸν
1650 699 1737 756 εἷρ-

308 767 386 820 μὸν
413 771 486 810 τοῦ
516 766 634 824 λόγου
666 768 873 822 ὃιέλωμαι,
908 766 1100 825 φρούριον
1120 768 1189 810 τὸν
1208 769 1429 811 Μελένικον
1450 766 1574 825 εὗρών
1594 766 1738 824 ὄχυρὸν

309 837 376 877 καὶ
405 835 544 889 σχεδὸν
576 840 695 878 πᾶσιν
722 836 1028 889 ἐναντιουμένοις
1060 834 1262 878 ἀνάλωτον
1285 836 1529 892 αὐτοκρατὴς
1552 830 1622 890 ἦν,
1655 852 1737 889 μη-

314 904 394 944 δενὶ
437 908 517 946 τῶν
561 904 671 960 πέριξ
704 902 905 960 ἀρχόντων
932 901 1151 946 ὑποπεσών.
1217 905 1335 946 ἐνίοτε
1367 904 1440 958 μὲν
1470 903 1547 960 γὰρ
1571 903 1736 952 Ἰταλοῖς
1749 909 1793 944 10

263 972 292 1006 Β
313 968 463 1027 ὑπῆρχε
484 969 694 1026 σύμμαχος
712 973 754 1013 ἓκ
776 970 920 1026 κήδους
942 971 1076 1021 αὐτοῖς
1093 970 1368 1025 συναγόμενος,
1402 972 1522 1013 ἐνίοτε
1541 971 1585 1012 δὲ
1601 972 1736 1012 Βουλ-

307 1036 447 1095 γάροις
479 1040 522 1081 ἐκ
552 1041 774 1095 συγγενείας
807 1038 1067 1096 ὃμοφρονῶν,
1100 1040 1219 1081 ἐνίοτε
1253 1040 1296 1081 δὲ
1323 1043 1380 1096 τῷ
1404 1040 1604 1096 Κομνηνῷ
1632 1037 1735 1079 Θεο-

309 1105 447 1163 δώρῳ·
482 1109 548 1149 καὶ
582 1102 631 1162 ἦν
663 1108 850 1149 οὐδέποτέ
869 1124 943 1148 τινι
965 1106 1053 1148 οὕτε
1074 1105 1395 1160 ὑποτασσόμενος
1415 1106 1503 1148 οὔτε
1522 1108 1589 1161 εἰς·
1598 1104 1737 1159 ἀληθῆ

307 1175 438 1216 πίστιν
458 1177 523 1216 καὶ
545 1173 824 1231 ὁμοφροσύνην
844 1173 1064 1231 ἐρχόμενος.
1129 1172 1257 1231 τούτῳ
1276 1171 1461 1228 συνεζύγη
1481 1172 1583 1226 μετὰ
1601 1169 1735 1213 θοίνα-

307 1258 375 1284 τον
402 1246 474 1296 τῆς
506 1242 629 1284 αὐτοῦ
650 1246 823 1297 γαμετῆς
846 1240 872 1295 ἦ
894 1246 965 1283 τοῦ
984 1242 1224 1296 Πετραλίφα
1245 1239 1428 1296 θυγάτηρ
1453 1244 1526 1281 τοῦ
1545 1243 1790 1294 jammam-15

307 1308 456 1364 ὁέλφου
485 1314 558 1350 τοῦ
589 1311 805 1362 Κομνηνοῦ
839 1306 1074 1363 Θεοδώρου,
1107 1309 1196 1364 περὶ
1226 1302 1275 1362 ἧς
1303 1306 1559 1363 παρακατιὼν
1578 1304 1600 1347 ὅ
1621 1304 1738 1361 λόγος

306 1376 397 1431 ἕρεῒ.
441 1375 533 1417 ἄνευ
554 1377 710 1430 μέντοι,
739 1375 880 1425 καθὼς
901 1373 1086 1431 εἷρήκειν,
1111 1378 1191 1416 τῶν
1206 1373 1511 1416 ὖποπιπτουσῶν
1529 1377 1588 1431 τῷ
1602 1371 1736 1415 τοιού-

303 1459 359 1501 τῳ
380 1442 562 1501 Σθλάβῳ
573 1447 718 1500 χωρῶν
741 1443 792 1485 τὰ
813 1441 942 1484 πάντα
965 1440 1042 1483 ὑπὸ
1064 1441 1132 1484 τὸν
1155 1442 1367 1497 Κομνηνόν
1386 1439 1548 1497 ἐγεγόνει
1573 1438 1736 1482 Θεόδω-

302 1527 386 1566 ρον.
455 1512 535 1553 ἐπεὶ
557 1515 652 1566 γοῦν
671 1509 984 1560 Μοσυνούπολις
1001 1511 1065 1552 καὶ
1084 1507 1268 1555 Ξάνθεια
1289 1511 1354 1552 καὶ
1373 1507 1400 1564 ἦ
1421 1511 1462 1550 Γ
1458 1507 1647 1566 ρατζιανά
1667 1508 1733 1549 καὶ

301 1578 402 1632 αὐτὴ
436 1577 513 1620 ὑπὸ
548 1583 688 1621 τοῦτον
719 1580 858 1630 ε’τέλει,
892 1578 938 1620 τὸ
964 1581 1035 1632 τῆς
1057 1579 1274 1634 Σταγείρας
1291 1576 1469 1632 ὑπερβὰς
1487 1575 1601 1632 ὅρος,
1637 1573 1660 1616 ὃ
1681 1574 1788 1629 ὁὴΞΟ

249 1650 280 1684 C
302 1644 483 1703 Μάκρην
506 1645 766 1700 ὀνομάζουσιν
787 1647 824 1688 οἱ
844 1646 1007 1697 πολλοί,
1037 1645 1088 1687 τὰ
1109 1646 1257 1686 ἐκεῖθεν
1278 1648 1350 1686 τοῦ
1363 1644 1512 1700 Ἕβρου
1537 1642 1732 1698 κατέδρα-

300 1731 374 1767 μεν
381 1745 397 1767 ,
436 1713 554 1756 ἄνετα
586 1712 711 1771 εὑρὼν
741 1712 872 1755 πάντα
901 1715 966 1755 καὶ
995 1714 1134 1767 μηδενὶ
1165 1713 1345 1770 φρουρίῳ
1374 1708 1734 1768 περιφραγνύμενα.

396 1822 416 1855 1
442 1815 508 1864 ὃν]
533 1816 584 1860 οἷς
612 1819 645 1853 D
813 1820 836 1854 2
857 1817 922 1862 μὲν
950 1819 983 1852 D
1150 1815 1333 1862 Ἀχρειδὸς
1356 1817 1389 1851 Ι)
1560 1817 1584 1851 6
1604 1813 1672 1860 τὴν
1695 1813 1733 1849 ἐκ

392 1866 579 1909 παλλακῆς
606 1863 795 1910 θυγατέρα
821 1861 976 1909 ἠγάγετο
996 1863 1028 1897 D
1206 1865 1228 1899 7
1251 1861 1296 1906 δὴ
1321 1873 1373 1896 om
1394 1862 1426 1896 D
1608 1860 1670 1894 ἵνα
1688 1881 1733 1888 -

393 1909 566 1954 διέλωμαι
590 1921 644 1944 om
669 1911 701 1944 D
880 1911 902 1944 9
925 1907 986 1943 καὶ
1004 1929 1049 1936 -
1069 1904 1259 1944 οἶνοὶλωτον
1277 1919 1329 1941 om
1342 1908 1374 1941 D
1553 1903 1732 1949 αὐτοκρα-

392 1957 468 1990 τῶν
504 1956 534 1989 D
714 1957 756 1990 10
787 1953 852 1998 μὲν
884 1966 937 1988 om
965 1955 996 1988 D
1176 1951 1325 1991 Ἰταλοῖς
1365 1949 1573 2006 συνεμάχει,
1617 1947 1732 1984 ἐνίοτε

393 1998 639 2045 Βουλγοέροις,
663 1998 778 2034 ἐνίοτε
797 1997 836 2034 δὲ
855 1999 917 2033 καὶ
934 1999 985 2046 τῷ
1003 1999 1034 2033 D
1156 1999 1198 2033 13
1219 1997 1282 2032 καὶ
1297 1993 1345 2042 ἦν
1361 2018 1406 2024 -
1422 1994 1614 2040 ἑρχομενος
1629 2006 1682 2028 om
1699 1994 1731 2027 D

395 2048 439 2080 16
455 2045 591 2126 melfi·
606 2044 800 2090 Θεόδωρον
816 2057 870 2079 om
884 2044 916 2079 D
1008 2045 1050 2080 19
1064 2041 1313 2089 Γρατζιοὲνους
1328 2039 1420 2086 αὐτή
1437 2042 1469 2076 D
1557 2041 1603 2075 22
1618 2038 1731 2074 καὶ-

391 2104 451 2126 τοι
468 2103 520 2126 om
573 2117 583 2127 .

300 2182 352 2216 nis
379 2181 529 2216 omnibus
551 2180 679 2226 potitus
705 2183 840 2226 praeter
862 2180 1045 2226 Rhodopes
1067 2182 1232 2220 montem,
1257 2177 1310 2211 cui
1325 2179 1359 2210 et
1372 2175 1516 2210 Actu-ido
1531 2185 1648 2208 nomen
1667 2177 1732 2216 est,

302 2231 338 2261 et
352 2227 384 2260 in
401 2238 440 2259 eo
457 2227 580 2270 oppida
591 2251 601 2268 ‚
625 2230 661 2260 et
687 2226 884 2267 Melenium,
908 2227 1026 2270 quibus
1046 2225 1206 2258 Sthlavus
1222 2222 1321 2256 Asani
1334 2221 1425 2264 regis
1438 2219 1549 2254 affinis
1565 2223 1598 2253 et
1612 2220 1654 2252 ab
1668 2219 1731 2252 im-

328 2275 462 2306 aratore
488 2272 665 2315 Cpolitano
692 2271 796 2304 Erico
808 2297 818 2313 ‚
843 2271 935 2304 cuius
957 2271 1059 2304 filiam
1075 2282 1094 2303 e
1110 2269 1225 2315 pellice
1244 2271 1431 2310 susceptam
1445 2265 1509 2300 sibi
1524 2264 1729 2299 matrimonio

299 2320 476 2359 lunxerat,
498 2316 657 2360 despotae
672 2327 806 2350 munere
822 2316 997 2349 decoratus
1013 2315 1257 2348 dominabatur.
1295 2311 1454 2345 Sthlavus
1469 2310 1540 2352 hic,
1561 2315 1598 2343 ut
1612 2309 1731 2344 seriem

301 2361 460 2396 orationis
483 2361 614 2405 paulum
637 2361 846 2405 abrumpam,
873 2365 981 2394 castro
1002 2360 1166 2393 Melenico
1183 2356 1329 2403 potitus,
1351 2355 1462 2389 valido
1477 2356 1533 2389 illo
1548 2355 1679 2399 quidem
1695 2358 1730 2387 et

297 2407 448 2442 hostibus
471 2405 734 2450 inexpugnabili,
758 2416 817 2438 suo
833 2406 906 2450 ipse
919 2405 993 2439 iure
1008 2406 1183 2447 utebatur,
1207 2401 1327 2436 nemini
1348 2401 1528 2435 vicinorum
1545 2399 1729 2444 principum

298 2452 478 2493 obnoxium
501 2451 702 2496 quandoque
726 2450 812 2484 enim
841 2449 954 2492 italis,
978 2450 1142 2483 affinitate
1157 2459 1231 2482 cum
1247 2447 1295 2480 eis
1311 2451 1464 2488 coactus,
1489 2445 1613 2479 auxilio
1639 2450 1727 2487 erat,

297 2497 496 2542 quandoque
512 2496 665 2539 Bulgaris
680 2495 813 2539 generis
828 2496 934 2529 fretus
953 2494 1179 2528 coniunctione
1189 2519 1199 2535 ‚
1223 2492 1419 2537 quandoque
1434 2491 1532 2525 etiam
1546 2489 1728 2524 Theodoro

297 2543 466 2577 Comneno
477 2568 488 2586 ‚
511 2541 630 2575 nemini
648 2551 791 2585 unquam
805 2552 843 2574 se
859 2551 967 2584 neque
982 2540 1125 2573 subdens
1137 2565 1147 2581 ‚
1172 2549 1280 2581 neque
1295 2548 1411 2581 pacem
1427 2536 1632 2571 conciliatam
1647 2545 1729 2568 vere

298 2599 457 2630 servans,
482 2599 590 2632 neque
613 2597 767 2621 assensus
794 2585 972 2620 sustinens.
1017 2585 1081 2627 ini,
1104 2588 1183 2628 post
1197 2584 1316 2617 e1atam
1331 2593 1488 2625 uxorem,
1511 2580 1728 2624 Petraliphae

300 2633 472 2668 Theodori
487 2631 647 2666 Comneni
662 2631 774 2665 uxoris
789 2630 903 2664 fratris
917 2630 986 2664 filia
1000 2633 1179 2673 nupserat,
1203 2628 1245 2661 de
1260 2638 1327 2671 qua
1341 2627 1425 2661 infra
1441 2627 1581 2660 dicetur.
1626 2635 1727 2669 prae-

301 2683 355 2712 ter
369 2678 482 2723 itaque
498 2678 597 2711 urbes
611 2677 752 2710 Sthlavo
767 2675 958 2710 tributarias
971 2701 982 2718 ‚
1003 2675 1131 2719 reliqua
1145 2673 1252 2707 omnia
1266 2673 1448 2706 Theodoro
1462 2671 1631 2705 Comneno
1645 2668 1727 2702 sub-

300 2724 474 2758 debantur.
522 2727 558 2756 et
581 2733 655 2756 cum
680 2720 911 2766 Mosynupolis
924 2719 1073 2754 Xanthia
1087 2718 1269 2753 Gratianus
1284 2719 1346 2751 sub
1362 2730 1402 2751 eo
1419 2721 1550 2758 essent,
1574 2714 1727 2757 Stagirae

301 2773 433 2812 monte,
457 2779 555 2813 quem
581 2768 728 2802 Macrem
751 2767 873 2811 vulgus
899 2765 1064 2807 nominat,
1087 2765 1248 2806 decurso,
1270 2763 1378 2796 Hebri
1393 2774 1434 2796 ex
1449 2773 1492 2796 ea
1528 2764 1602 2795 arte
1620 2757 1727 2792 omnia

303 2818 420 2859 aperta
443 2818 546 2860 atque
570 2811 772 2848 incustodita
787 2822 850 2846 nec
865 2811 1000 2846 castello
1015 2810 1083 2845 ullo
1098 2809 1222 2844 munita
1238 2819 1437 2851 excurrens,
1460 2810 1496 2842 et
1505 2774 1729 2849 {Didymotoe-
