1872 3236
501 185 881 232 COMPENDIUM
914 186 1266 233 CHRON'ICUM.
1509 185 1612 233 421

280 303 406 358 συνῆν
422 301 492 345 καὶ
513 300 786 360 συνδιέτριβεν
808 299 864 352 ὥς
886 303 1006 360 φίλος
1025 302 1138 361 παρὰ
1159 303 1305 361 φίλοις,

279 361 350 415 καὶ
369 374 443 427 τῆς
460 367 630 426 δεούσης
650 370 753 428 παρ’
774 370 909 413 αὐτῶν
927 374 1119 428 προνοίας
1136 373 1314 428 ἠξιοῦτο.

278 437 438 491 τούτοις
456 439 562 498 πρὸς
579 440 810 496 κυνηγέσιον
829 440 924 482 ποτὲ
945 443 1230 497 πορευομένοις

143 510 256 556 2790
278 509 527 566 Μαρκιανὸς
543 510 746 553 συνείπετο
765 513 838 563 τῆς
853 506 993 566 θήρας
1010 508 1276 564 κοινωνήσων.

280 575 336 628 ὧς
357 572 429 621 οὖν
447 576 659 636 διάβροχοι
680 581 845 628 πολλοῖς
861 576 1068 634 γεγόνασιν
1087 578 1243 635 ἱδρῶσι,

279 646 382 704 πρὸς
399 645 553 705 λόφους
572 647 858 704 ἀνατρέχοντες
878 645 1109 702 ὁυσβάτους
1130 646 1420 707 θηροτρόφους

279 717 347 758 καὶ
369 714 528 771 λόχμας
543 714 830 773 ὑποτρέχοντες
851 717 919 758 καὶ
941 719 1370 774 πολυπραγμονοῦντες
1379 751 1393 771 ,

280 785 592 836 κατακλιθέντες
613 786 677 827 ἐπὶ
697 789 770 841 γῆς
788 783 968 840 νήδυμον
986 784 1112 828 ὕπνον
1130 784 1296 831 ὕπνουν.

143 852 256 898 2795
281 851 424 911 ἅτερος
441 854 486 896 δὲ
501 858 583 897 τῶν
600 854 789 911 ἀδελφῶν
812 854 1085 910 ἀφυπνισθεὶς
1104 855 1258 910 ταχέως

194 923 198 927 ’
282 920 361 982 ὁρᾷ
378 921 749 981 καταδαρθάνοντα
768 923 1016 980 Μαρκιανὸν
1036 924 1155 966 εἰσέτι

279 993 349 1034 καὶ
369 992 547 1050 φέροντα
568 990 810 1047 βαθύτατον
829 991 956 1035 ὕπνον
978 994 1019 1035 ἓν
1037 998 1123 1043 τοῖς
1137 989 1375 1050 βλεφάροις,

279 1059 391 1118 ὄρνιν
413 1061 457 1104 δὲ
474 1062 785 1119 τανυσίπτερον,
819 1059 1088 1119 ὃρνεοκράτην
1110 1060 1235 1120 ὄρνιν,
1638 1067 1670 1102 Ι)

280 1127 531 1187 ἄεροπόρους
547 1131 748 1188 πτέρυγας
769 1132 875 1181 ἰδίας
891 1129 1110 1186 ἦπλωκότα

143 1201 256 1244 2800
280 1200 349 1241 καὶ
364 1197 631 1256 χαριζόμενον
647 1204 765 1250 σκιᾶς
781 1199 893 1258 αὐτῷ
910 1200 1194 1256 ψυχαγωγίαν.

282 1265 390 1311 οὕτω
410 1285 450 1311 τι
470 1269 574 1325 μέγα
595 1270 662 1311 καὶ
685 1268 831 1312 σεπτὸν
852 1267 878 1324 ἦ
897 1270 1087 1323 βασιλεία
1107 1272 1273 1326 χρῆμα,

0 1370 6 1383 n
2 1357 5 1363 .
0 1231 14 1342 „nu-‘37³1

282 1335 422 1387 αὐτοῖς
442 1337 700 1392 ἀξιοτίμητον
721 1344 805 1388 τοῖς
822 1336 938 1396 ζῴοις
956 1345 1041 1388 τοῖς
1062 1336 1248 1393 ἀλόγοις·

281 1403 411 1456 οὕτως
428 1404 747 1460 αἷδεσιμώτατος
767 1406 920 1464 ὀρνέοις
939 1404 1212 1464 σαρκοβόροις

282 1472 304 1516 ὅ
328 1471 479 1530 ταύτην
499 1473 794 1527 ἀναζιῦσασθαι
815 1479 903 1533 θεῷ
923 1475 1242 1533 προωρισμένος.

144 1543 255 1588 2805
278 1543 431 1597 βλέπει,
466 1542 671 1598 θαυμάζει
695 1543 740 1586 τὸ
763 1542 941 1599 συμβάν,
975 1544 1046 1587 τὸν
1067 1543 1245 1601 ἀδελφὸν
1262 1542 1416 1602 ἐγείρει,

280 1613 455 1655 δείκνυσι
474 1612 521 1655 τὸ
542 1611 765 1668 τεράστιον,
801 1611 1027 1671 ἀμφότεροι
1047 1617 1325 1668 θαμβοῦνται,

281 1682 350 1724 καὶ
372 1679 549 1736 νήψαντι
569 1684 807 1738 ΖΠαρκιανῷ
829 1682 933 1736 μετὰ
955 1682 1102 1739 μικρὸν
1122 1684 1165 1733 ἐξ
1185 1681 1313 1724 Ιὕπνου

279 1749 326 1793 τὸ
348 1754 552 1808 σκῆπτρον
575 1752 893 1808 προαγγέλλουσι
915 1755 988 1806 τῆς
1007 1751 1342 1808 αὐτοκρατορίας,

281 1820 350 1862 καὶ
368 1823 487 1877 σφῶν
507 1818 892 1875 ἔπιμνησθήσεσθαι
909 1819 1136 1873 λιτάζονται
1155 1819 1225 1863 τὸν
1245 1818 1390 1876 ἄνδρα.

144 1889 257 1930 2810
282 1885 304 1930 ὃ
326 1889 368 1930 δ’
392 1887 558 1931 ἐπινεύει
580 1891 647 1931 καὶ
665 1889 828 1945 χρηστὰ
849 1893 1187 1944 καθυπισχνεΐται
1206 1887 1378 1940 τούτοις.

281 1958 349 1999 καὶ
370 1957 421 2014 δὴ
438 1959 609 2015 χρυσιόν
629 1958 767 2001 ἱκανὸν
787 1959 945 2002 ἐκείνων
967 1957 1202 2002 δεδωκότων
1564 2000 1570 2003 .
1637 1969 1666 2004 Ρ
1687 1968 1735 2006 58

233 2076 328 2166 ἓὸθὲ
346 2073 609 2159 οἰίιαζιόσεσθαι
625 2077 665 2113 Μ
769 2078 862 2114 2808
882 2078 1246 2125 σκηπτροκρατορίας
1263 2078 1303 2113 Μ
1404 2077 1498 2113 2809
1520 2073 1623 2112 λιτοὶ-

256 2135 301 2159 ου
325 2135 340 2158 ι

143 2227 291 2263 busdam
314 2227 404 2263 inita
422 2228 645 2263 familiariter
665 2229 759 2274 apud
782 2239 843 2263 eos
864 2228 1034 2273 vivebat,
1066 2226 1336 2274 suppeditantes
1365 2227 1436 2275 ipsi
1464 2239 1555 2274 quae
1578 2227 1624 2263 ad

144 2273 254 2308 vitam
274 2274 513 2310 sustinendam
536 2269 771 2321 pertinerent,
819 2287 895 2310 cum
926 2281 1042 2310 autem
1075 2274 1262 2320 aliquando
1285 2282 1450 2310 venatum
1472 2274 1624 2319 exirent,

145 2319 268 2367 eisque
293 2320 495 2356 Marcianus
526 2334 566 2356 se
596 2322 757 2356 comitem
788 2321 986 2356 venationis
1019 2321 1249 2366 adiungeret,
1293 2334 1335 2356 ac
1369 2322 1439 2356 iam
1479 2326 1628 2366 propter

145 2367 293 2402 sudores
315 2368 518 2412 maderent,
543 2369 624 2403 dum
647 2368 729 2402 hinc
747 2368 830 2402 inde
853 2380 958 2403 cursu
979 2369 1219 2403 conscendunt
1241 2368 1407 2402 difficiles
1431 2368 1529 2402 aditu
1552 2366 1626 2401 col-

146 2411 212 2456 les,
234 2413 458 2459 ferarumque
479 2414 591 2449 lustra
612 2414 750 2449 curiose
770 2415 1015 2460 pervestigant
1029 2441 1039 2459 ,
1074 2414 1196 2449 evenit
1218 2416 1359 2449 tandem
1381 2419 1421 2448 ut
1439 2414 1476 2448 in
1495 2418 1626 2448 terram

146 2457 326 2495 reclinatis
344 2461 552 2506 corporibus
571 2473 648 2495 cum
672 2461 853 2506 voluptate
878 2473 1033 2496 somnum
1053 2465 1234 2506 caperent.
1270 2467 1343 2496 tum
1365 2462 1512 2495 fratrum
1537 2460 1627 2494 alter

148 2502 252 2540 citius
270 2513 498 2552 experrectus
521 2507 738 2542 Marcianum
760 2507 901 2552 quidem
925 2508 1039 2542 adhuc
1060 2507 1291 2542 dormientem
1314 2507 1499 2553 conspicit,
1523 2505 1627 2540 volu-

148 2561 245 2586 crum
261 2562 347 2587 vero
364 2553 520 2599 reginam
540 2554 725 2600 explicatis
744 2554 808 2588 alis
830 2556 987 2589 umbram
1005 2554 1040 2588 ei
1060 2555 1304 2600 praebentem.
1351 2556 1441 2589 adeo
1464 2564 1626 2598 magnum

149 2602 188 2631 et
212 2603 395 2642 augustum
420 2600 585 2646 quiddam
612 2605 668 2635 est
696 2599 899 2646 imperium,
931 2607 972 2643 ut
996 2600 1076 2646 ipsa
1100 2611 1239 2646 quoque
1269 2602 1374 2635 bruta
1399 2600 1566 2634 honorem
1591 2598 1625 2633 ei

148 2642 332 2678 deferant:
358 2646 447 2680 adeo
470 2646 632 2682 volucres
654 2647 760 2681 etiam
781 2647 991 2682 crudivorae
1013 2653 1228 2681 venerantur
1246 2646 1431 2692 hominem,
1456 2646 1513 2680 cui
1531 2644 1625 2680 divi-

147 2688 244 2724 nitus
269 2695 325 2724 est
343 2702 544 2727 concessum
571 2699 612 2727 ut
638 2692 788 2739 imperio
816 2694 986 2739 potiatur.
1034 2705 1182 2728 cernens
1205 2693 1315 2739 igitur
1337 2693 1395 2728 ille
1420 2693 1506 2738 quid
1529 2691 1623 2726 acci-

148 2735 270 2778 deret,
297 2737 535 2783 obstupescit,
567 2740 713 2774 fratrem
731 2740 883 2786 excitat,
912 2740 1110 2786 prodigium
1136 2740 1170 2774 ei
1187 2746 1378 2775 monstrat:
1402 2740 1542 2784 utrique
1563 2749 1623 2771 res

147 2781 373 2818 admirationi
395 2788 462 2818 est.
509 2797 624 2831 neque
642 2786 749 2821 multo
767 2792 850 2832 post
873 2792 1081 2832 experrecto
1106 2786 1288 2821 Marciano
1311 2786 1495 2832 imperium
1518 2783 1621 2829 polli-

149 2834 285 2881 centur,
309 2828 414 2882 simui
429 2835 569 2866 orantes
588 2838 628 2867 ut
647 2832 803 2878 ipsorum
821 2833 1008 2878 aliquando
1030 2834 1291 2868 recordaretur.
1315 2832 1438 2867 annuit
1458 2831 1516 2865 ille
1537 2841 1621 2875 pre—

147 2875 263 2919 mbus,
287 2886 329 2911 ac
346 2875 502 2912 vimssim
520 2878 661 2924 utrique
681 2890 722 2914 se
738 2881 1004 2915 benefacturum
1022 2879 1209 2926 promittit.
1233 2880 1373 2916 tandem
1391 2889 1490 2922 auro,
1509 2888 1620 2923 quan-
