1872 3236
293 173 394 225 194,
674 177 1046 221 CONSTANTINI
1083 177 1346 223 MANASSIS

424 287 529 332 οὕτω
547 287 699 345 μητρὸς
720 289 786 331 καὶ
806 289 1010 347 θυγατρὸς
1026 289 1147 344 μέσον
1169 290 1313 346 ἕπίπτη
1334 289 1488 348 σπάθη,

426 356 643 410 ὃιχάζουσα
663 358 729 398 καὶ
749 358 943 411 τέμνουσα
961 359 1065 412 ’μετὰ
1086 363 1226 413 θυμοῦ
1247 359 1449 416 ῥομφαίας

422 429 552 467 νεᾶνιν
571 425 643 478 τὴν
662 423 930 481 εὐπρόσωπον,
964 427 1037 481 τὴν
1058 428 1251 484 νεωτέραν
1264 425 1435 482 Ῥώμην,

426 493 467 534 ἐκ
489 495 561 546 τῆς
581 491 730 548 ῥυσσῆς
751 495 816 535 καὶ
835 498 1009 544 παλαιᾶς
1031 498 1096 536 καὶ
1117 497 1380 551 τριπεμπέλου
1398 491 1567 548 Ῥώμης.

292 560 401 603 4525
494 561 579 601 Καὶ
601 565 727 602 ταῦτα
745 562 817 614 μὲν
839 561 1022 617 τετύχηκε
1044 561 1350 618 τοιουτοτρόπου
1370 563 1527 611 τέλους·

426 625 452 681 ἦ
474 630 632 680 βασιλὶς
655 627 804 685 Εἰρήνη
825 630 868 671 δὲ
889 630 1018 671 πολλὰ
1041 631 1354 686 προθυμουμένη

425 697 572 749 μανίαν
591 696 662 750 τὴν
680 695 953 753 τριβάρβαρον
969 699 1115 752 ἐκείνην
1137 698 1331 754 ἀφανίσαι

426 765 493 804 καὶ
512 762 640 816 μύσος
660 762 755 820 ὅπερ
780 766 968 821 δέδρακεν
988 768 1043 815 εἷς
1060 765 1129 807 τὸν
1148 765 1235 807 υἱὸν
1251 766 1451 814 ε’κπλῦναι,

420 829 641 887 χρημάτων
658 832 775 881 ὅλους
795 833 1029 889 θησαυροὺς
1053 833 1214 875 ἓκένωσε
1237 837 1287 889 τῇ
1308 832 1434 883 πόλει,

291 898 402 942 4530
427 901 492 940 καὶ
516 898 585 940 τὸν
599 903 778 953 χειμῶνα
797 905 877 941 τῶν
895 905 1027 956 χρεῶν
1047 900 1211 957 ἔτρεψεν
1229 904 1285 951 εἷς
1302 902 1450 950 εὐδίαν,

426 965 496 1021 ἔάρ
514 972 692 1021 χρυσοῦν
726 968 895 1020 ἐκχέασα
919 973 989 1023 τῆς
1012 970 1327 1025 μεγαλοδωρίας.

239 1044 271 1080 D
429 1033 532 1088 πλὴν
555 1035 647 1075 ἀλλ’
671 1033 691 1076 ὃ
712 1036 869 1088 βλέπων
886 1036 936 1077 τὰ
955 1037 1111 1092 κρυπτὰ
1130 1039 1195 1078 καὶ
1219 1038 1362 1085 συνιεὶς
1381 1037 1436 1083 εἷς
1455 1032 1599 1083 πάντα,

427 1099 448 1142 ὃ
467 1100 743 1156 παντεπόπτης
763 1102 980 1159 ὀφθαλμός
990 1136 1002 1155 ,
1038 1102 1059 1146 ὁ
1077 1104 1151 1154 τὰς
1169 1107 1336 1160 καρδίας
1353 1104 1496 1158 κρίνων

425 1170 655 1225 προσέσχεν,
691 1169 802 1221 εἶδεν,
834 1170 1015 1225 ἔβλεψεν,
1049 1170 1254 1226 ἐζήλωσεν,
1286 1172 1491 1225 ἠχθέσθη,

292 1237 402 1280 4535
426 1239 492 1278 καὶ
510 1237 610 1292 πρὸς
629 1238 762 1293 βραχὺ
782 1242 852 1291 τῆς
868 1237 1015 1293 ἡδονῆς
1030 1244 1102 1280 τοῦ
1122 1236 1294 1292 κράτους
1313 1236 1534 1293 γευσαμένη

429 1303 725 1358 ἆψινθιάζοντα
744 1305 885 1359 πικρὸν
902 1304 1061 1360 ἐκέρασε
1079 1309 1275 1360 κρατῆρα,

426 1373 493 1413 καὶ
515 1370 583 1413 τὸν
604 1373 767 1427 τρυγίαν
787 1376 858 1423 τῆς
880 1371 1001 1427 ὀργῆς
1016 1376 1066 1428 τῇ
1086 1368 1421 1428 παρανομησάσῃ.

427 1438 722 1488 ἐπαναστάντος
741 1439 818 1495 γὰρ
843 1440 945 1495 αὐτῇ
963 1440 1068 1489 τινὸς
1087 1444 1166 1482 τῶν
1184 1445 1256 1493 τῆς
1277 1435 1522 1495 συγκλήτου,

426 1511 506 1549 τῶν
529 1506 814 1562 περιλάμπρων
835 1510 900 1549 καὶ
922 1512 1121 1563 γνωστῶν,
1156 1508 1333 1562 τοῦνομα
1351 1505 1603 1563 Νικηφόρον,

295 1575 406 1619 4540
429 1573 663 1628 ἐκβάλλεται
685 1579 758 1617 τοῦ
778 1580 850 1629 τῆς
865 1576 992 1631 ἀρχῆς
1010 1576 1302 1632 ἄγλαοόένδρου
1325 1573 1466 1628 κήπου,

429 1643 516 1685 ἀντὶ
536 1647 691 1699 τρυφῆς
708 1645 935 1699 καρπίζεται
957 1645 1270 1699 ὃακνοκαρὸίους
1287 1641 1445 1692 πόνους,

428 1708 574 1760 πόνους
596 1711 641 1751 οὗ
665 1708 810 1760 πόνους
833 1715 1015 1761 τοκετοῦ,
1049 1715 1130 1753 τῶν
1152 1714 1373 1768 συμφορῶν
1395 1710 1438 1752 δὲ
1457 1710 1614 1764 κέντρα,

429 1778 561 1833 ἅλμην
580 1796 619 1820 τε
637 1780 736 1820 πίνει
747 1780 930 1833 θλίψεως
941 1777 995 1829 ὡς
1015 1779 1190 1834 πένησσα
1205 1783 1400 1836 χερνῆτις.

389 1916 479 1953 4530
497 1912 627 1951 ἄδειαν
642 1916 672 1951 Α

301 2039 387 2075 illud
408 2039 527 2074 harum
550 2038 686 2074 urbium
704 2037 876 2075 vinculum
893 2045 1031 2087 ruptum
1051 2040 1138 2087 fuit,
1167 2039 1219 2076 sic
1240 2044 1381 2076 matrem
1404 2048 1426 2075 a
1441 2037 1514 2074 filia
1530 2034 1665 2082 gladius
1688 2034 1743 2069 di-

301 2087 388 2120 visit
403 2098 444 2120 ac
460 2085 631 2130 resecuit,
660 2086 803 2120 Romam
827 2088 904 2121 dico
922 2088 1168 2132 recentiorem,
1196 2089 1381 2122 formosam
1402 2085 1493 2120 illam
1516 2081 1762 2132 iuvesseulfflss,¹

298 2133 344 2166 ab
363 2131 472 2165 altera
488 2140 617 2176 rugosa
634 2131 803 2175 planeque
819 2138 971 2167 vetusta.

393 2177 555 2210 Ceterum
575 2177 777 2221 imperatrix
797 2178 900 2212 Irena
912 2205 921 2222 ‚
957 2190 1031 2213 cum
1052 2191 1174 2223 magno
1193 2178 1307 2213 studio
1327 2178 1479 2210 furorem
1500 2173 1593 2208 illum
1614 2173 1758 2207 barba-.

300 2220 471 2258 rissimum
492 2227 528 2255 et
548 2221 671 2265 ingens
695 2223 884 2267 piaculum,
909 2226 1000 2268 quod
1022 2225 1057 2258 in
1079 2225 1183 2258 filium
1208 2223 1439 2264 commiserat,
1473 2219 1589 2253 eluere
1606 2218 1743 2252 delere-

300 2277 370 2311 que
392 2272 554 2310 cuperet,
583 2273 675 2300 totos
697 2269 917 2311 pecuniarum
935 2271 1115 2304 thesauros
1138 2270 1173 2303 in
1191 2269 1286 2303 urbis
1314 2279 1409 2301 usum
1429 2265 1676 2307 exhauriebat,
1708 2267 1746 2298 et

301 2317 485 2345 vexantem
503 2313 686 2346 obaeratos
708 2319 948 2357 tempestatem
968 2316 1005 2349 in
1024 2315 1245 2349 serenitatem
1263 2313 1510 2354 commutabat,
1543 2309 1746 2344 munificen-

302 2357 354 2390 tia
374 2367 438 2390 sua
454 2358 623 2401 quoddam
646 2357 742 2390 velut
759 2370 897 2393 aureum
922 2371 984 2394 ver
1005 2362 1196 2394 effundens.
1243 2371 1361 2393 verum
1382 2357 1499 2391 oculus
1520 2356 1578 2389 ille
1600 2355 1661 2400 qui
1685 2366 1744 2389 oc·-

304 2402 397 2436 culta
416 2402 602 2446 perspicit,
626 2402 740 2436 omnia
758 2403 942 2448 intelligit,
976 2407 1081 2440 corda
1101 2405 1250 2448 iudicat,
1281 2406 1325 2438 ad
1345 2405 1480 2437 Irenam
1502 2414 1541 2436 se
1559 2400 1745 2443 convertit,

304 2458 381 2481 eam
397 2447 568 2492 adspexit,
590 2447 729 2481 fervore
749 2451 896 2492 quodam
920 2462 1084 2485 accensus
1103 2457 1176 2495 est,
1200 2451 1356 2495 graviter
1377 2448 1588 2492 molesteque
1609 2447 1743 2481 facinus

305 2493 380 2526 eius
396 2492 497 2534 tulit3
519 2503 661 2536 cumque
673 2493 896 2537 perexiguum
916 2497 958 2530 ad
976 2502 1109 2540 tempus
1119 2496 1256 2541 imperii
1273 2492 1548 2539 voluptatemilla
1562 2495 1744 2537 degustas-

304 2543 372 2581 aet,
395 2547 544 2572 amarum
566 2538 699 2582 flagitio
723 2538 871 2583 pollutae
891 2547 1070 2584 craterem,
1094 2553 1177 2575 suae
1194 2541 1359 2575 videlicet
1373 2541 1447 2574 irae
1461 2540 1579 2573 faeces
1594 2537 1744 2572 miscuit.

305 2584 436 2630 quippe
457 2583 630 2618 concitata
646 2584 817 2619 seditione
837 2596 902 2629 per
922 2588 1091 2630 quendam
1112 2586 1242 2620 ordinis
1265 2586 1431 2620 senatorii
1449 2585 1560 2619 virum
1579 2583 1745 2618 illustrem

291 2635 343 2664 ‘et
362 2629 500 2673 clarum,
524 2629 580 2663 cui
597 2638 720 2663 nomen
736 2630 967 2675 Nicephorus,
988 2632 1133 2676 imperio
1151 2632 1287 2666 deiecta
1304 2637 1369 2675 est,
1391 2642 1454 2676 pro
1475 2630 1653 2676 voluptate
1670 2640 1743 2663 mo—

304 2674 424 2709 lestias
448 2687 508 2709 cor
535 2676 722 2709 exedentes
743 2682 948 2720 consecuta,
980 2677 1153 2711 molestias
1176 2677 1315 2721 inquam
1340 2689 1410 2711 non
1431 2684 1500 2711 tam
1524 2675 1746 2721 appellandas

305 2720 479 2755 molestias
497 2728 597 2765 quam
614 2720 843 2755 calamitatum
865 2721 929 2755 filii
944 2722 1112 2756 stimulos.
1159 2734 1267 2767 quare
1284 2723 1449 2767 deinceps
1468 2733 1562 2755 mare
1582 2720 1745 2755 afflictio-

306 2777 385 2799 num
409 2766 609 2808 hauriebat,
643 2771 804 2810 tanquam
835 2768 1042 2812 paupercula
1064 2766 1186 2802 mulier
1213 2774 1250 2801 et
1275 2770 1388 2802 nendo
1411 2768 1539 2801 victum
1563 2776 1747 2811 quaerens.

306 2811 473 2847 eiusmodi
496 2812 638 2847 efficere
660 2812 755 2846 vitae
775 2812 926 2847 mortalis
946 2813 1179 2848 inconstantia
1191 2814 1384 2858 consuevit,
1408 2819 1445 2848 et
1462 2813 1528 2847 hoo
1543 2812 1643 2846 modo
1662 2811 1762 2845 deus.
