1872 3236
0 194 14 307 ἓ

0 314 6 338 ³

481 194 858 242 mmmmm
887 174 1236 240 cuaomcmu.
1487 187 1584 236 201

265 309 362 359 ἀλλ’
383 308 562 366 ἀσθενὴς
585 313 665 360 πᾶς
681 307 901 366 ανθρωπος
923 307 1026 367 πρὸς
1043 307 1117 359 τὰς
1140 310 1243 352 θεοῦ
1260 301 1474 362 παλάμας·

128 379 242 424 4690
262 379 367 425 ἀλλὰ
383 378 462 437 γὰρ
477 376 780 437 μικροὸύναμος
799 376 914 432 ἰσχὺς
930 384 1014 428 τοῖς
1031 377 1246 434 γηγενέσιν,

261 447 286 492 ὅ
306 445 354 494 δὲ
366 447 467 498 θεὸς
484 446 740 504 μεγασθενὴς
759 447 827 488 καὶ
842 447 1189 503 μεγαλοβραχίων,

260 518 330 561 καὶ
356 517 417 568 τίς
438 516 754 560 ἄντιπαλαίσειεν
771 514 898 558 αὐτοῦ
919 519 970 571 τῇ
987 515 1227 574 δυναστείας

260 583 283 628 ὃ
308 586 485 641 Μιχαὴλ
503 586 547 628 δὲ
561 583 770 635 πεποιθὼς
789 590 873 634 τοῖς
889 585 1209 641 θεσπιῳδηθεῖσι

261 659 320 713 τῷ
335 652 617 712 καλλιγλώττῳ
636 654 813 710 γε’ροντι,
841 657 901 711 τῷ
923 649 1284 710 προφητικωτάτῳ,

120 722 232 768 4695
253 722 521 769 ἄνακαλύπτει
541 729 716 781 φανεροῖ
727 727 876 778 γυμνοΐ
891 720 936 764 τὸ
958 720 1241 778 κεκρυμμένον.

256 791 359 849 πρὸς
377 792 446 834 τὸν
466 796 547 835 τῶν
566 792 686 835 οἰκων
710 789 875 848 φύλακα
897 789 966 833 τὸν
985 790 1027 832 ἓν
1045 796 1129 840 τοῖς
1148 785 1384 846 ἀνακτόροις

256 861 430 917 (παπίαν
448 862 612 917 λέγομεν
635 859 759 903 αὐτὸν
780 859 884 904 κατὰ
901 857 1119 913 ιΡωμαίων
1133 858 1356 914 γλῶσσαν),

253 931 322 972 καὶ
341 929 416 974 σὺν
438 929 549 988 abug?
568 930 636 972 καὶ
663 929 721 972 δι’
744 928 873 972 αὐτοῦ
891 927 937 970 τὸ
959 929 1098 985 δρᾶμα
1117 925 1350 979 συσκευάζει

253 999 322 1040 καὶ
337 996 495 1056 σκύφον
517 1003 590 1054 τῆς
609 998 824 1053 ἐπιβουλῆς
845 994 983 1054 ἀρτύει
1001 1000 1060 1054 τῷ
1081 1000 1308 1053 κρατοῦντι.

117 1064 229 1111 4700
256 1069 325 1109 καὶ
348 1069 482 1111 τοίνυν
507 1065 786 1123 συνεισάγουσι
805 1065 962 1123 νύκτωρ
982 1072 1066 1116 τοῖς
1081 1066 1348 1122 ψαλτῳὸοὕσι

249 1135 578 1194 θωρακοφόρους
594 1135 796 1191 αι’χμητὰς
812 1135 966 1193 ἄνδρας
986 1132 1336 1193 ρομφαιοφόρους,

250 1205 297 1244 οἳ
314 1203 585 1256 συμπεσόντες
601 1209 659 1260 τῷ
681 1206 784 1261 θηρὶ
809 1209 868 1263 τῷ
887 1201 1230 1261 παλαμναιοτάτῳ

248 1274 426 1314 τελοῦντι
445 1270 492 1313 τὸ
513 1269 783 1328 λειτούργημα
805 1277 886 1315 τῶν
901 1271 1140 1330 ὖπορθρίων
1156 1272 1295 1324 ὕμνων

248 1346 334 1389 τοῖς
350 1341 482 1397 ξίφεσι
504 1337 772 1395 συγκόπτουσι
796 1341 862 1381 καὶ
882 1337 1056 1382 θύουσιν
1076 1338 1131 1389 ὡς
1153 1338 1272 1396 ἄρνα,

111 1408 220 1452 4705
244 1408 356 1451 πέντε
378 1409 479 1464 μησὶ
502 1407 605 1465 πρὸς
626 1415 710 1458 τοῖς
732 1406 833 1451 ἔπτὰ
852 1406 1016 1465 χρόνοις
1039 1406 1326 1465 κεκρατηκότα.

244 1479 312 1519 καὶ
334 1477 511 1532 Μιχαὴλ
531 1478 779 1520 καθίσταται
801 1475 963 1534 κράτωρ
975 1509 987 1529 ,
1025 1476 1114 1519 ἀντὶ
1135 1475 1343 1531 δεσμώτου

246 1543 462 1603 ἐλεύθερος
474 1578 487 1597 ,
523 1545 603 1588 ἀπὸ
628 1550 814 1603 φρουρᾶς
831 1545 1012 1596 αὖτάναξ
1029 1543 1307 1603 αὐτοκράτωρ.

312 1616 397 1657 Καὶ
419 1618 549 1658 ταῦτα
577 1615 713 1668 μέντοι
737 1617 896 1667 τοιαδί,
933 1615 985 1657 τὰ
1004 1615 1048 1657 δ’
1063 1616 1208 1672 ἐφεξῆς
1218 1612 1362 1670 ὃποΐας

243 1681 396 1739 ἓστύγει
418 1685 493 1738 μὲν
515 1685 582 1726 καὶ
604 1683 782 1739 Μιχαὴλ
802 1683 877 1734 τὰς
903 1683 1014 1741 ἱερὰς
1038 1682 1206 1735 εἰκόνας,

103 1751 216 1795 4710
238 1751 334 1794 ἀλλ’
357 1752 431 1794 οὐκ
449 1753 737 1809 ἐνεπικραίνετο
762 1759 846 1803 τοῖς
864 1751 1030 1803 ταύταις
1051 1756 1358 1809 προσκυνοῦσιν,

241 1820 335 1862 οὐδὲ
353 1820 427 1871 τὰς
444 1819 600 1877 σάρκας
621 1820 695 1872 τὰς
714 1821 848 1864 αὐτῶν
873 1820 1061 1877 μάστιξιν
1080 1819 1270 1875 ε’χαλάζα.

240 1889 283 1931 ἓν
301 1888 374 1931 οὐκ
398 1889 548 1945 ὀλίγοις
567 1895 781 1946 τοιγαροῦν
799 1890 1051 1948 ἀποσφαλεὶς
1075 1897 1165 1941 ταῖς
1183 1888 1336 1945 μάχαις

191 1997 284 2033 4692
301 1995 371 2042 τὴν
390 1995 530 2032 τούτου
549 1996 771 2032 δυναστείαν
791 1998 832 2033 Μ
979 1998 1072 2034 4696
1095 1998 1171 2032 τῶν
1193 1996 1232 2033 ἐν
1256 1997 1295 2033 Μ
1423 2009 1460 2032 v,
1484 1998 1576 2033 4698

210 2056 264 2078 om
287 2043 326 2078 M
418 2044 512 2079 4700
533 2044 780 2089 ψαλμῳὸουσι
800 2045 831 2078 Α
923 2056 961 2080 v.
984 2044 1074 2080 4705
1099 2056 1154 2079 om
1173 2045 1207 2080 R
1323 2042 1415 2080 4707
1435 2042 1520 2079 ἀντὶ
1544 2044 1576 2079 A

189 2088 284 2126 4710
304 2088 448 2131 ταύτας
470 2088 511 2124 Μ
647 2091 738 2126 4711
763 2088 941 2136 ἐχαλάζου
959 2091 995 2126 R

98 2180 164 2215 lem
187 2181 385 2227 concludit,
404 2193 521 2217 secum
543 2186 730 2228 praeterea
750 2181 941 2228 dispiciens
950 2193 1035 2236 quo
1056 2185 1160 2227 pacto
1186 2181 1280 2216 illum
1297 2182 1341 2216 de
1364 2180 1479 2216 medio
1504 2181 1573 2215 tol-

96 2226 199 2262 leret.
247 2239 368 2262 verum
383 2229 562 2264 enimvero
585 2228 768 2264 imbecillis
795 2234 850 2263 est
869 2228 979 2262 omnis
1002 2229 1123 2273 homo,
1157 2228 1188 2263 si
1221 2240 1297 2262 cum
1325 2228 1383 2262 dei
1414 2227 1573 2263 manibus

97 2273 315 2308 conferatur.
342 2274 445 2310 immo
466 2275 704 2320 perexiguum
724 2276 833 2309 robur
858 2280 912 2309 est
937 2255 1258 2319 mortaliun'1,cum
1282 2275 1368 2310 deus
1391 2273 1574 2319 plurimum

96 2318 210 2364 possit
231 2325 269 2354 et
289 2319 440 2356 lacertos
454 2321 717 2356 robustissimos
743 2321 886 2355 habeat.
934 2321 1021 2376 quis
1035 2327 1090 2355 est
1109 2321 1212 2365 enim,
1238 2320 1350 2366 ipsius
1360 2331 1575 2374 oppugnare

95 2365 288 2410 potentiam
311 2367 372 2412 qui
393 2367 538 2413 possit?
566 2367 707 2401 interim
730 2366 924 2401 Michaelus
949 2367 1128 2402 vaticiniis
1147 2367 1273 2401 diserti
1294 2365 1388 2400 senis
1414 2366 1574 2400 maximi-

96 2422 166 2456 que
185 2417 304 2447 vatum
324 2413 438 2448 fretus
459 2413 607 2458 exponit
628 2413 801 2459 patefacit
822 2413 938 2467 aperit
963 2424 1126 2448 arcanum
1155 2412 1189 2447 ei
1215 2413 1276 2458 qui
1295 2412 1432 2446 aedium
1454 2413 1576 2457 regiae

95 2462 214 2492 custos
237 2463 336 2503 erat,
365 2458 485 2504 lingua
510 2460 746 2494 Romanorum
772 2459 896 2504 papias
920 2459 1049 2494 dictus.
1096 2458 1196 2493 simul
1219 2470 1288 2493 una
1312 2469 1387 2493 cum
1414 2458 1514 2504 ipso,
1541 2465 1577 2494 et

93 2514 161 2549 per
188 2502 320 2548 ipsum,
343 2515 418 2540 rem
444 2510 554 2540 totam
577 2505 776 2550 componit,
812 2511 849 2539 et
879 2505 1026 2540 insidias
1058 2505 1263 2550 imperatori
1296 2505 1414 2539 struit.
1469 2510 1575 2540 noctu

94 2561 180 2593 ergo
205 2559 282 2584 cum
312 2550 518 2594 psalmorum
546 2551 748 2586 cantoribus
773 2551 898 2586 armati
924 2551 1064 2597 quidam
1090 2551 1382 2594 introducuntur,
1420 2551 1481 2597 qui
1498 2551 1574 2586 bel—

91 2594 216 2629 luam
206 2595 483 2633 immanissimam
507 2597 712 2641 hymnorum
735 2596 981 2632 matutinorum
1005 2609 1141 2632 sacrum
1163 2604 1390 2651 peragentem
1414 2597 1574 2643 aggressi

93 2640 221 2686 gladiis
256 2641 464 2678 confodiunt
493 2649 531 2678 et
553 2649 592 2678 ut
613 2655 739 2688 agnum
765 2648 939 2689 mactant,
973 2655 1050 2678 cum
1077 2655 1187 2679 annos
1208 2644 1246 2678 in
1266 2643 1414 2689 imperio
1436 2650 1573 2690 septem

90 2694 129 2723 et
148 2687 303 2734 quinque
328 2699 463 2723 menses
487 2689 677 2734 exegisset.

183 2732 271 2768 Post
292 2733 379 2768 haec
394 2733 586 2770 Michaelus
617 2748 662 2771 ex
685 2735 826 2789 captivo
855 2739 995 2771 creatur
1021 2736 1238 2790 imperator,
1274 2735 1472 2771 libertatem
1501 2747 1571 2770 una

92 2791 169 2817 cum
193 2791 303 2824 regno
336 2786 557 2815 consecutus.
605 2781 722 2827 qualia
756 2783 924 2828 deinceps
958 2782 1170 2826 acciderint,
1203 2783 1397 2818 videamus.
1447 2782 1571 2816 oderat

91 2825 198 2860 etiam
220 2825 415 2860 Michaelus
443 2825 611 2870 imagines
640 2839 782 2872 sacras,
813 2829 877 2863 sed
912 2840 1029 2863 earum
1062 2829 1305 2864 adoratoribus
1340 2830 1467 2863 acerbe
1497 2839 1567 2861 non

90 2872 342 2917 succensebat,
375 2883 441 2908 nec
462 2871 584 2917 flagds
609 2884 729 2909 eorum
757 2886 907 2924 corpora
934 2874 1102 2911 violabat.
1149 2875 1293 2923 praeliis
1316 2874 1450 2919 aliquot
1473 2874 1567 2909 infe-

1613 726 1708 761 P96
