<?xml version="1.0" encoding="UTF-8"?>
<!DOCTYPE html PUBLIC "-//W3C//DTD XHTML 1.0 Transitional//EN"
    "http://www.w3.org/TR/xhtml1/DTD/xhtml1-transitional.dtd">
<html xmlns="http://www.w3.org/1999/xhtml" xml:lang="en" lang="en">
 <head>
  <title>
</title>
<meta http-equiv="Content-Type" content="text/html;charset=utf-8" />
  <meta name='ocr-system' content='tesseract 3.04.00' />
  <meta name='ocr-capabilities' content='ocr_page ocr_carea ocr_par ocr_line ocrx_word'/>
</head>
<body>
  <div class='ocr_page' id='page_1' title='image "./corpusscriptorum06niebuoft_0020.png"; bbox 0 0 1832 3250; ppageno 0'>
   <div class='ocr_carea' id='block_1_1' title="bbox 228 1131 302 1168">
    <p class='ocr_par' dir='ltr' id='par_1_1' title="bbox 228 1131 302 1168">
     <span class='ocr_line' id='line_1_1' title="bbox 228 1131 302 1168; baseline -0.027 0"><span class='ocrx_word' id='word_1_1' title='bbox 228 1131 302 1168; x_wconf 65' lang='grc' dir='ltr'><strong>ΡΞ</strong></span> 
     </span>
    </p>
   </div>
   <div class='ocr_carea' id='block_1_2' title="bbox 318 172 1355 252">
    <p class='ocr_par' dir='ltr' id='par_1_2' title="bbox 318 172 1355 252">
     <span class='ocr_line' id='line_1_2' title="bbox 318 172 1355 252; baseline -0.006 0"><span class='ocrx_word' id='word_1_2' title='bbox 318 205 350 252; x_wconf 82' lang='lat'><strong>4</strong></span> <span class='ocrx_word' id='word_1_3' title='bbox 694 172 1060 248; x_wconf 79' lang='lat' dir='ltr'><strong>CONSTANTINI</strong></span> <span class='ocrx_word' id='word_1_4' title='bbox 1098 204 1355 247; x_wconf 80' lang='lat' dir='ltr'><strong>MANASSIS</strong></span> 
     </span>
    </p>
   </div>
   <div class='ocr_carea' id='block_1_3' title="bbox 364 312 1729 1929">
    <p class='ocr_par' dir='ltr' id='par_1_3' title="bbox 364 312 1729 1929">
     <span class='ocr_line' id='line_1_3' title="bbox 455 312 1323 373; baseline -0.005 -13"><span class='ocrx_word' id='word_1_5' title='bbox 455 319 531 360; x_wconf 70' lang='grc' dir='ltr'><strong><em>ἐπεὶ</em></strong></span> <span class='ocrx_word' id='word_1_6' title='bbox 552 321 644 373; x_wconf 78' lang='grc' dir='ltr'><strong><em>γοῦν</em></strong></span> <span class='ocrx_word' id='word_1_7' title='bbox 663 314 912 370; x_wconf 76' lang='grc' dir='ltr'><strong><em>ἓπεπόθησας</em></strong></span> <span class='ocrx_word' id='word_1_8' title='bbox 931 312 997 357; x_wconf 75' lang='grc' dir='ltr'><strong>οἷα</strong></span> <span class='ocrx_word' id='word_1_9' title='bbox 1016 316 1186 372; x_wconf 77' lang='grc' dir='ltr'><strong><em>τροφΙμη</em></strong></span> <span class='ocrx_word' id='word_1_10' title='bbox 1206 313 1323 370; x_wconf 85' lang='grc' dir='ltr'><strong><em>λόγου</em></strong></span> 
     </span>
     <span class='ocr_line' id='line_1_4' title="bbox 455 383 1464 439; baseline -0.004 -12"><span class='ocrx_word' id='word_1_11' title='bbox 455 383 687 428; x_wconf 70' lang='grc' dir='ltr'><strong><em>εὐσύνοπτόν</em></strong></span> <span class='ocrx_word' id='word_1_12' title='bbox 712 400 774 426; x_wconf 91' lang='grc' dir='ltr'><strong><em>σοι</em></strong></span> <span class='ocrx_word' id='word_1_13' title='bbox 799 385 864 425; x_wconf 86' lang='grc' dir='ltr'><strong>καὶ</strong></span> <span class='ocrx_word' id='word_1_14' title='bbox 884 387 995 439; x_wconf 79' lang='grc' dir='ltr'><strong><em>σαφῆ</em></strong></span> <span class='ocrx_word' id='word_1_15' title='bbox 1013 384 1168 439; x_wconf 79' lang='grc' dir='ltr'><strong><em>γραφὴν</em></strong></span> <span class='ocrx_word' id='word_1_16' title='bbox 1189 383 1464 437; x_wconf 81' lang='grc' dir='ltr'><strong><em>ἓκπονηθῆναι,</em></strong></span> 
     </span>
     <span class='ocr_line' id='line_1_5' title="bbox 454 449 1355 509; baseline -0.004 -15"><span class='ocrx_word' id='word_1_17' title='bbox 454 456 605 509; x_wconf 64' lang='grc' dir='ltr'><strong><em>τρανῶς</em></strong></span> <span class='ocrx_word' id='word_1_18' title='bbox 623 449 960 493; x_wconf 80' lang='grc' dir='ltr'><strong><em>ἀναδιδάσκουσαν</em></strong></span> <span class='ocrx_word' id='word_1_19' title='bbox 979 450 1049 500; x_wconf 79' lang='grc' dir='ltr'><strong>τὰς</strong></span> <span class='ocrx_word' id='word_1_20' title='bbox 1069 451 1355 506; x_wconf 77' lang='grc' dir='ltr'><em>ἀρχαιολογίας,</em></span> 
     </span>
     <span class='ocr_line' id='line_1_6' title="bbox 370 513 1560 575; baseline -0.006 -12"><span class='ocrx_word' id='word_1_21' title='bbox 370 525 420 564; x_wconf 88' lang='grc'><strong>10</strong></span> <span class='ocrx_word' id='word_1_22' title='bbox 454 522 516 562; x_wconf 84' lang='grc' dir='ltr'><strong>καὶ</strong></span> <span class='ocrx_word' id='word_1_23' title='bbox 539 520 637 568; x_wconf 84' lang='grc' dir='ltr'><strong><em>τίνες</em></strong></span> <span class='ocrx_word' id='word_1_24' title='bbox 659 513 782 575; x_wconf 79' lang='grc' dir='ltr'><strong><em>ἦρξαν</em></strong></span> <span class='ocrx_word' id='word_1_25' title='bbox 805 518 875 560; x_wconf 78' lang='grc' dir='ltr'><strong>ἀπ’</strong></span> <span class='ocrx_word' id='word_1_26' title='bbox 901 516 1025 573; x_wconf 81' lang='grc' dir='ltr'><strong><em>ἀρχῆς</em></strong></span> <span class='ocrx_word' id='word_1_27' title='bbox 1044 520 1108 559; x_wconf 85' lang='grc' dir='ltr'><strong>καὶ</strong></span> <span class='ocrx_word' id='word_1_28' title='bbox 1129 518 1244 572; x_wconf 79' lang='grc' dir='ltr'><strong><em>μέχρι</em></strong></span> <span class='ocrx_word' id='word_1_29' title='bbox 1267 520 1338 558; x_wconf 82' lang='grc' dir='ltr'><strong>τοῦ</strong></span> <span class='ocrx_word' id='word_1_30' title='bbox 1358 518 1560 572; x_wconf 72' lang='grc' dir='ltr'><strong><em>προῆλθον</em></strong></span> 
     </span>
     <span class='ocr_line' id='line_1_7' title="bbox 458 581 1456 639; baseline -0.005 -10"><span class='ocrx_word' id='word_1_31' title='bbox 458 589 520 629; x_wconf 84' lang='grc' dir='ltr'><strong>καὶ</strong></span> <span class='ocrx_word' id='word_1_32' title='bbox 540 587 654 628; x_wconf 87' lang='grc' dir='ltr'><strong><em>τίνων</em></strong></span> <span class='ocrx_word' id='word_1_33' title='bbox 670 586 924 638; x_wconf 72' lang='grc' dir='ltr'><strong><em>ἐβασίλευσαν</em></strong></span> <span class='ocrx_word' id='word_1_34' title='bbox 934 616 945 635; x_wconf 92' lang='grc'><strong><em>,</em></strong></span> <span class='ocrx_word' id='word_1_35' title='bbox 979 586 1075 626; x_wconf 70' lang='grc' dir='ltr'><strong><em>ἐτῶν</em></strong></span> <span class='ocrx_word' id='word_1_36' title='bbox 1097 585 1139 625; x_wconf 79' lang='grc' dir='ltr'><strong>δὲ</strong></span> <span class='ocrx_word' id='word_1_37' title='bbox 1157 585 1294 639; x_wconf 78' lang='grc' dir='ltr'><strong><em>μέχρις</em></strong></span> <span class='ocrx_word' id='word_1_38' title='bbox 1311 581 1456 634; x_wconf 87' lang='grc' dir='ltr'><strong><em>πόσων,</em></strong></span> 
     </span>
     <span class='ocr_line' id='line_1_8' title="bbox 454 649 1379 707; baseline -0.004 -12"><span class='ocrx_word' id='word_1_39' title='bbox 454 653 564 707; x_wconf 69' lang='grc' dir='ltr'><strong><em>ἡμεῖς</em></strong></span> <span class='ocrx_word' id='word_1_40' title='bbox 589 651 860 705; x_wconf 81' lang='grc' dir='ltr'><strong><em>ἄναδεξόμεθα</em></strong></span> <span class='ocrx_word' id='word_1_41' title='bbox 884 651 929 693; x_wconf 86' lang='grc' dir='ltr'><strong>τὸ</strong></span> <span class='ocrx_word' id='word_1_42' title='bbox 951 650 1078 707; x_wconf 77' lang='grc' dir='ltr'><strong><em>βάρος</em></strong></span> <span class='ocrx_word' id='word_1_43' title='bbox 1099 656 1167 692; x_wconf 77' lang='grc' dir='ltr'><strong>τοῦ</strong></span> <span class='ocrx_word' id='word_1_44' title='bbox 1187 649 1379 703; x_wconf 81' lang='grc' dir='ltr'><strong><em>καμάτου,</em></strong></span> 
     </span>
     <span class='ocr_line' id='line_1_9' title="bbox 455 715 1598 776; baseline -0.005 -14"><span class='ocrx_word' id='word_1_45' title='bbox 455 721 527 762; x_wconf 76' lang='grc' dir='ltr'><strong>κᾶν</strong></span> <span class='ocrx_word' id='word_1_46' title='bbox 549 721 732 776; x_wconf 72' lang='grc' dir='ltr'><strong><em>δυσχερὲς</em></strong></span> <span class='ocrx_word' id='word_1_47' title='bbox 752 720 825 761; x_wconf 75' lang='grc' dir='ltr'><strong>κᾶν</strong></span> <span class='ocrx_word' id='word_1_48' title='bbox 845 719 1016 772; x_wconf 70' lang='grc' dir='ltr'><strong><em>ἐπαχθὲς</em></strong></span> <span class='ocrx_word' id='word_1_49' title='bbox 1037 719 1080 760; x_wconf 81' lang='grc' dir='ltr'><strong>τὸ</strong></span> <span class='ocrx_word' id='word_1_50' title='bbox 1103 722 1265 775; x_wconf 79' lang='grc' dir='ltr'><strong><em>πρᾶγμα</em></strong></span> <span class='ocrx_word' id='word_1_51' title='bbox 1275 748 1288 768; x_wconf 82' lang='grc'><strong><em>,</em></strong></span> <span class='ocrx_word' id='word_1_52' title='bbox 1321 715 1393 758; x_wconf 75' lang='grc' dir='ltr'><strong>κᾶν</strong></span> <span class='ocrx_word' id='word_1_53' title='bbox 1412 715 1598 772; x_wconf 80' lang='grc' dir='ltr'><strong><em>ε’ργῶδες“</em></strong></span> 
     </span>
     <span class='ocr_line' id='line_1_10' title="bbox 454 780 1639 844; baseline -0.007 -15"><span class='ocrx_word' id='word_1_54' title='bbox 454 791 784 844; x_wconf 69' lang='grc' dir='ltr'><strong><em>παραμυθοῦνται</em></strong></span> <span class='ocrx_word' id='word_1_55' title='bbox 808 786 882 842; x_wconf 80' lang='grc' dir='ltr'><strong><em>γὰρ</em></strong></span> <span class='ocrx_word' id='word_1_56' title='bbox 907 784 1018 840; x_wconf 72' lang='grc' dir='ltr'><strong><em>ἡμῶν</em></strong></span> <span class='ocrx_word' id='word_1_57' title='bbox 1035 785 1131 835; x_wconf 70' lang='grc' dir='ltr'><strong>ιτοὺς</strong></span> <span class='ocrx_word' id='word_1_58' title='bbox 1151 787 1191 827; x_wconf 78' lang='grc' dir='ltr'><strong>ε”ν</strong></span> <span class='ocrx_word' id='word_1_59' title='bbox 1213 791 1293 834; x_wconf 82' lang='grc' dir='ltr'><strong><em>τοῖς</em></strong></span> <span class='ocrx_word' id='word_1_60' title='bbox 1314 782 1441 839; x_wconf 78' lang='grc' dir='ltr'><strong><em>λόγοις</em></strong></span> <span class='ocrx_word' id='word_1_61' title='bbox 1458 780 1639 836; x_wconf 86' lang='grc' dir='ltr'><strong><em>μόχθους</em></strong></span> 
     </span>
     <span class='ocr_line' id='line_1_11' title="bbox 370 850 1373 909; baseline -0.006 -11"><span class='ocrx_word' id='word_1_62' title='bbox 370 859 419 898; x_wconf 90' lang='grc'><strong>15</strong></span> <span class='ocrx_word' id='word_1_63' title='bbox 455 875 466 896; x_wconf 76' lang='lat' dir='ltr'><em>c</em></span> <span class='ocrx_word' id='word_1_64' title='bbox 483 856 496 896; x_wconf 79' lang='grc' dir='ltr'><strong><em>ἶ</em></strong></span> <span class='ocrx_word' id='word_1_65' title='bbox 513 855 799 909; x_wconf 85' lang='grc' dir='ltr'><strong><em>μεγαλοδωριάι</em></strong></span> <span class='ocrx_word' id='word_1_66' title='bbox 817 869 888 896; x_wconf 89' lang='grc' dir='ltr'><strong><em>σου</em></strong></span> <span class='ocrx_word' id='word_1_67' title='bbox 910 855 975 895; x_wconf 86' lang='grc' dir='ltr'><strong>καὶ</strong></span> <span class='ocrx_word' id='word_1_68' title='bbox 995 853 1039 894; x_wconf 86' lang='grc' dir='ltr'><strong>τὸ</strong></span> <span class='ocrx_word' id='word_1_69' title='bbox 1061 850 1266 909; x_wconf 77' lang='grc' dir='ltr'><strong><em>φιλότιμόν</em></strong></span> <span class='ocrx_word' id='word_1_70' title='bbox 1288 868 1373 901; x_wconf 88' lang='grc' dir='ltr'><strong><em>σου,</em></strong></span> 
     </span>
     <span class='ocr_line' id='line_1_12' title="bbox 452 918 1501 974; baseline -0.005 -11"><span class='ocrx_word' id='word_1_71' title='bbox 452 924 517 964; x_wconf 86' lang='grc' dir='ltr'><strong>καὶ</strong></span> <span class='ocrx_word' id='word_1_72' title='bbox 536 922 604 963; x_wconf 84' lang='grc' dir='ltr'><strong>τὸν</strong></span> <span class='ocrx_word' id='word_1_73' title='bbox 624 925 695 962; x_wconf 81' lang='grc' dir='ltr'><strong>τοῦ</strong></span> <span class='ocrx_word' id='word_1_74' title='bbox 714 919 836 962; x_wconf 84' lang='grc' dir='ltr'><strong><em>κόπου</em></strong></span> <span class='ocrx_word' id='word_1_75' title='bbox 858 919 1042 961; x_wconf 77' lang='grc' dir='ltr'><strong><em>καύσωνα</em></strong></span> <span class='ocrx_word' id='word_1_76' title='bbox 1061 921 1125 961; x_wconf 82' lang='grc' dir='ltr'><strong>καὶ</strong></span> <span class='ocrx_word' id='word_1_77' title='bbox 1146 924 1215 974; x_wconf 83' lang='grc' dir='ltr'><strong>τῆς</strong></span> <span class='ocrx_word' id='word_1_78' title='bbox 1233 918 1501 973; x_wconf 76' lang='grc' dir='ltr'><strong><em>ταλαιπωρίας</em></strong></span> 
     </span>
     <span class='ocr_line' id='line_1_13' title="bbox 455 984 1354 1044; baseline -0.006 -13"><span class='ocrx_word' id='word_1_79' title='bbox 455 990 496 1031; x_wconf 78' lang='grc' dir='ltr'><strong>αἱ</strong></span> <span class='ocrx_word' id='word_1_80' title='bbox 518 990 660 1044; x_wconf 82' lang='grc' dir='ltr'><strong><em>δωρεαὶ</em></strong></span> <span class='ocrx_word' id='word_1_81' title='bbox 681 989 900 1044; x_wconf 74' lang='grc' dir='ltr'><strong><em>δροσίζουσι</em></strong></span> <span class='ocrx_word' id='word_1_82' title='bbox 918 986 1142 1040; x_wconf 79' lang='grc' dir='ltr'><strong><em>κενούμεναι</em></strong></span> <span class='ocrx_word' id='word_1_83' title='bbox 1159 984 1354 1040; x_wconf 78' lang='grc' dir='ltr'><strong><em>συχνάκις.</em></strong></span> 
     </span>
     <span class='ocr_line' id='line_1_14' title="bbox 521 1047 1657 1108; baseline -0.005 -12"><span class='ocrx_word' id='word_1_84' title='bbox 521 1057 603 1097; x_wconf 86' lang='grc' dir='ltr'><strong>Καὶ</strong></span> <span class='ocrx_word' id='word_1_85' title='bbox 622 1058 746 1096; x_wconf 78' lang='grc' dir='ltr'><strong><em>ταῦτα</em></strong></span> <span class='ocrx_word' id='word_1_86' title='bbox 767 1055 838 1107; x_wconf 77' lang='grc' dir='ltr'><strong>μὲν</strong></span> <span class='ocrx_word' id='word_1_87' title='bbox 859 1053 1032 1096; x_wconf 75' lang='grc' dir='ltr'><strong><em>ἐνταῦθά</em></strong></span> <span class='ocrx_word' id='word_1_88' title='bbox 1051 1071 1118 1106; x_wconf 87' lang='grc' dir='ltr'><strong>μοι</strong></span> <span class='ocrx_word' id='word_1_89' title='bbox 1139 1055 1203 1095; x_wconf 82' lang='grc' dir='ltr'><strong>καὶ</strong></span> <span class='ocrx_word' id='word_1_90' title='bbox 1223 1054 1338 1108; x_wconf 80' lang='grc' dir='ltr'><strong><em>μέχρι</em></strong></span> <span class='ocrx_word' id='word_1_91' title='bbox 1356 1049 1496 1094; x_wconf 80' lang='grc' dir='ltr'><strong><em>τούτου</em></strong></span> <span class='ocrx_word' id='word_1_92' title='bbox 1513 1047 1657 1103; x_wconf 76' lang='grc' dir='ltr'><strong><em>στήτω,</em></strong></span> 
     </span>
     <span class='ocr_line' id='line_1_15' title="bbox 455 1118 1357 1178; baseline -0.003 -14"><span class='ocrx_word' id='word_1_93' title='bbox 455 1121 512 1177; x_wconf 81' lang='grc' dir='ltr'><strong>μή</strong></span> <span class='ocrx_word' id='word_1_94' title='bbox 534 1139 617 1171; x_wconf 89' lang='grc' dir='ltr'><strong>πως</strong></span> <span class='ocrx_word' id='word_1_95' title='bbox 637 1120 941 1178; x_wconf 76' lang='grc' dir='ltr'><strong><em>κολακικώτερος</em></strong></span> <span class='ocrx_word' id='word_1_96' title='bbox 959 1120 1052 1176; x_wconf 77' lang='grc' dir='ltr'><strong><em>δόξῃ</em></strong></span> <span class='ocrx_word' id='word_1_97' title='bbox 1072 1123 1171 1162; x_wconf 81' lang='grc' dir='ltr'><strong><em>τισὶν</em></strong></span> <span class='ocrx_word' id='word_1_98' title='bbox 1190 1119 1210 1161; x_wconf 85' lang='grc' dir='ltr'><em>ὃ</em></span> <span class='ocrx_word' id='word_1_99' title='bbox 1231 1118 1357 1175; x_wconf 87' lang='grc' dir='ltr'><strong><em>λόγος,</em></strong></span> 
     </span>
     <span class='ocr_line' id='line_1_16' title="bbox 364 1185 1510 1243; baseline -0.007 -10"><span class='ocrx_word' id='word_1_100' title='bbox 364 1195 418 1234; x_wconf 78' lang='lat'><strong>20</strong></span> <span class='ocrx_word' id='word_1_101' title='bbox 451 1192 516 1243; x_wconf 82' lang='grc' dir='ltr'><strong>καὶ</strong></span> <span class='ocrx_word' id='word_1_102' title='bbox 538 1189 605 1231; x_wconf 80' lang='grc' dir='ltr'><strong>τὸν</strong></span> <span class='ocrx_word' id='word_1_103' title='bbox 625 1189 771 1231; x_wconf 82' lang='grc' dir='ltr'><strong><em>σκοπὸν</em></strong></span> <span class='ocrx_word' id='word_1_104' title='bbox 794 1188 1160 1241; x_wconf 73' lang='grc' dir='ltr'><strong><em>καταλιπιὺν.ἄλλην</em></strong></span> <span class='ocrx_word' id='word_1_105' title='bbox 1180 1186 1328 1242; x_wconf 82' lang='grc' dir='ltr'><strong><em>ἀκούσῃ</em></strong></span> <span class='ocrx_word' id='word_1_106' title='bbox 1351 1185 1510 1242; x_wconf 76' lang='grc' dir='ltr'><strong><em>τρέχειν.</em></strong></span> 
     </span>
     <span class='ocr_line' id='line_1_17' title="bbox 455 1251 1494 1311; baseline -0.006 -12"><span class='ocrx_word' id='word_1_107' title='bbox 455 1260 609 1299; x_wconf 80' lang='grc' dir='ltr'><strong><em>πολλῶν</em></strong></span> <span class='ocrx_word' id='word_1_108' title='bbox 630 1255 916 1311; x_wconf 77' lang='grc' dir='ltr'><strong><em>ἷστορησάντων</em></strong></span> <span class='ocrx_word' id='word_1_109' title='bbox 935 1256 978 1296; x_wconf 73' lang='grc' dir='ltr'><strong>δὲ</strong></span> <span class='ocrx_word' id='word_1_110' title='bbox 995 1257 1060 1296; x_wconf 87' lang='grc' dir='ltr'><strong>καὶ</strong></span> <span class='ocrx_word' id='word_1_111' title='bbox 1074 1251 1494 1310; x_wconf 80' lang='grc' dir='ltr'><strong><em>χρονογραφησάντων,</em></strong></span> 
     </span>
     <span class='ocr_line' id='line_1_18' title="bbox 456 1316 1574 1376; baseline -0.006 -10"><span class='ocrx_word' id='word_1_112' title='bbox 456 1326 521 1366; x_wconf 82' lang='grc' dir='ltr'><strong>καὶ</strong></span> <span class='ocrx_word' id='word_1_113' title='bbox 541 1321 846 1366; x_wconf 72' lang='grc' dir='ltr'><strong><em>σπουδασάντων</em></strong></span> <span class='ocrx_word' id='word_1_114' title='bbox 865 1323 936 1375; x_wconf 73' lang='grc' dir='ltr'><strong>μὲν</strong></span> <span class='ocrx_word' id='word_1_115' title='bbox 955 1324 1071 1363; x_wconf 79' lang='grc' dir='ltr'><strong><em>εἰπεῖν</em></strong></span> <span class='ocrx_word' id='word_1_116' title='bbox 1092 1323 1227 1376; x_wconf 83' lang='grc' dir='ltr'><strong><em>ὀρθῶς</em></strong></span> <span class='ocrx_word' id='word_1_117' title='bbox 1245 1322 1310 1362; x_wconf 85' lang='grc' dir='ltr'><strong>καὶ</strong></span> <span class='ocrx_word' id='word_1_118' title='bbox 1327 1316 1574 1376; x_wconf 72' lang='grc' dir='ltr'><strong><em>φιλαλήθως,</em></strong></span> 
     </span>
     <span class='ocr_line' id='line_1_19' title="bbox 453 1387 1431 1444; baseline -0.005 -12"><span class='ocrx_word' id='word_1_119' title='bbox 453 1389 637 1444; x_wconf 76' lang='grc' dir='ltr'><strong><em>ἀλλήλοις</em></strong></span> <span class='ocrx_word' id='word_1_120' title='bbox 659 1390 852 1442; x_wconf 78' lang='grc' dir='ltr'><strong><em>ἀνομοίως</em></strong></span> <span class='ocrx_word' id='word_1_121' title='bbox 873 1389 915 1430; x_wconf 75' lang='grc' dir='ltr'><strong>δὲ</strong></span> <span class='ocrx_word' id='word_1_122' title='bbox 934 1388 1058 1430; x_wconf 80' lang='grc' dir='ltr'><strong>ταύτὰ</strong></span> <span class='ocrx_word' id='word_1_123' title='bbox 1079 1387 1431 1443; x_wconf 79' lang='grc' dir='ltr'><strong><em>συγγραψαμένων,</em></strong></span> 
     </span>
     <span class='ocr_line' id='line_1_20' title="bbox 452 1453 1487 1512; baseline -0.005 -13"><span class='ocrx_word' id='word_1_124' title='bbox 452 1457 564 1512; x_wconf 72' lang='grc' dir='ltr'><strong><em>ἡμεῖς</em></strong></span> <span class='ocrx_word' id='word_1_125' title='bbox 583 1454 919 1512; x_wconf 74' lang='grc' dir='ltr'><strong><em>προχειρισάμενοι</em></strong></span> <span class='ocrx_word' id='word_1_126' title='bbox 941 1455 1032 1504; x_wconf 76' lang='grc' dir='ltr'><strong>τούς</strong></span> <span class='ocrx_word' id='word_1_127' title='bbox 1051 1453 1223 1508; x_wconf 83' lang='grc' dir='ltr'><strong><em>μάλιστα</em></strong></span> <span class='ocrx_word' id='word_1_128' title='bbox 1245 1456 1457 1501; x_wconf 76' lang='grc' dir='ltr'><strong><em>δοκοῦντας</em></strong></span> <span class='ocrx_word' id='word_1_129' title='bbox 1482 1500 1487 1506; x_wconf 35' lang='lat'><strong>⁴</strong></span> 
     </span>
     <span class='ocr_line' id='line_1_21' title="bbox 364 1519 1422 1579; baseline -0.008 -10"><span class='ocrx_word' id='word_1_130' title='bbox 364 1526 418 1569; x_wconf 83' lang='lat'><strong>25</strong></span> <span class='ocrx_word' id='word_1_131' title='bbox 451 1529 521 1579; x_wconf 83' lang='grc' dir='ltr'><strong>τῆς</strong></span> <span class='ocrx_word' id='word_1_132' title='bbox 541 1524 741 1579; x_wconf 77' lang='grc' dir='ltr'><strong><em>ἀκριβείας</em></strong></span> <span class='ocrx_word' id='word_1_133' title='bbox 762 1522 924 1575; x_wconf 63' lang='grc' dir='ltr'><strong><em>ἔχεσθαι</em></strong></span> <span class='ocrx_word' id='word_1_134' title='bbox 942 1524 1006 1563; x_wconf 81' lang='grc' dir='ltr'><strong>καὶ</strong></span> <span class='ocrx_word' id='word_1_135' title='bbox 1028 1525 1180 1575; x_wconf 79' lang='grc' dir='ltr'><strong><em>μᾶλλον</em></strong></span> <span class='ocrx_word' id='word_1_136' title='bbox 1201 1519 1422 1574; x_wconf 76' lang='grc' dir='ltr'><strong><em>ἀληθεύειν,</em></strong></span> 
     </span>
     <span class='ocr_line' id='line_1_22' title="bbox 451 1586 1387 1643; baseline -0.006 -9"><span class='ocrx_word' id='word_1_137' title='bbox 451 1593 497 1635; x_wconf 80' lang='grc' dir='ltr'><strong>τὸ</strong></span> <span class='ocrx_word' id='word_1_138' title='bbox 519 1591 619 1632; x_wconf 82' lang='grc' dir='ltr'><strong><em>κατὰ</em></strong></span> <span class='ocrx_word' id='word_1_139' title='bbox 642 1588 807 1642; x_wconf 76' lang='grc' dir='ltr'><strong><em>δύναμιν</em></strong></span> <span class='ocrx_word' id='word_1_140' title='bbox 824 1588 936 1642; x_wconf 76' lang='grc' dir='ltr'><strong><em>ἡμῶν</em></strong></span> <span class='ocrx_word' id='word_1_141' title='bbox 959 1586 1291 1643; x_wconf 77' lang='grc' dir='ltr'><strong><em>ἄποπληριόσομὲν</em></strong></span> <span class='ocrx_word' id='word_1_142' title='bbox 1311 1603 1387 1629; x_wconf 91' lang='grc' dir='ltr'><strong><em>σοι.</em></strong></span> 
     </span>
     <span class='ocr_line' id='line_1_23' title="bbox 513 1650 1534 1709; baseline -0.008 -9"><span class='ocrx_word' id='word_1_143' title='bbox 513 1657 561 1700; x_wconf 88' lang='lat' dir='ltr'><strong>‘O</strong></span> <span class='ocrx_word' id='word_1_144' title='bbox 579 1661 651 1699; x_wconf 83' lang='grc' dir='ltr'><strong>τοῦ</strong></span> <span class='ocrx_word' id='word_1_145' title='bbox 668 1660 770 1698; x_wconf 81' lang='grc' dir='ltr'><strong><em>θεοῦ</em></strong></span> <span class='ocrx_word' id='word_1_146' title='bbox 786 1656 1004 1704; x_wconf 78' lang='grc' dir='ltr'><strong><em>παντέλειος</em></strong></span> <span class='ocrx_word' id='word_1_147' title='bbox 1023 1657 1087 1696; x_wconf 83' lang='grc' dir='ltr'><strong>καὶ</strong></span> <span class='ocrx_word' id='word_1_148' title='bbox 1107 1655 1398 1709; x_wconf 87' lang='grc' dir='ltr'><strong><em>κοσμοκτίστωρ</em></strong></span> <span class='ocrx_word' id='word_1_149' title='bbox 1420 1650 1534 1706; x_wconf 84' lang='grc' dir='ltr'><strong><em>λόγος</em></strong></span> 
     </span>
     <span class='ocr_line' id='line_1_24' title="bbox 450 1720 1465 1780; baseline -0.007 -12"><span class='ocrx_word' id='word_1_150' title='bbox 450 1725 518 1768; x_wconf 86' lang='grc' dir='ltr'><strong>τὸν</strong></span> <span class='ocrx_word' id='word_1_151' title='bbox 542 1723 709 1780; x_wconf 81' lang='grc' dir='ltr'><strong><em>οὐρανὸν</em></strong></span> <span class='ocrx_word' id='word_1_152' title='bbox 728 1722 796 1764; x_wconf 83' lang='grc' dir='ltr'><strong>τὸν</strong></span> <span class='ocrx_word' id='word_1_153' title='bbox 817 1722 1010 1778; x_wconf 75' lang='grc' dir='ltr'><strong><em>ἄναστρον</em></strong></span> <span class='ocrx_word' id='word_1_154' title='bbox 1030 1720 1252 1778; x_wconf 83' lang='grc' dir='ltr'><strong><em>παρήγαγεν</em></strong></span> <span class='ocrx_word' id='word_1_155' title='bbox 1275 1721 1465 1776; x_wconf 79' lang='grc' dir='ltr'><strong><em>ἀρχῆθεν,</em></strong></span> 
     </span>
     <span class='ocr_line' id='line_1_25' title="bbox 452 1787 1447 1848; baseline -0.007 -13"><span class='ocrx_word' id='word_1_156' title='bbox 452 1792 605 1848; x_wconf 72' lang='grc' dir='ltr'><strong><em>ἀπλέτῳ</em></strong></span> <span class='ocrx_word' id='word_1_157' title='bbox 622 1789 753 1832; x_wconf 81' lang='grc' dir='ltr'><strong><em>κάλλει</em></strong></span> <span class='ocrx_word' id='word_1_158' title='bbox 772 1787 976 1842; x_wconf 80' lang='grc' dir='ltr'><strong><em>λάμποντα</em></strong></span> <span class='ocrx_word' id='word_1_159' title='bbox 996 1792 1265 1844; x_wconf 81' lang='grc' dir='ltr'><strong><em>μαρμαρυγῶν</em></strong></span> <span class='ocrx_word' id='word_1_160' title='bbox 1288 1787 1447 1838; x_wconf 75' lang='grc' dir='ltr'><strong><em>ἐνθέων,</em></strong></span> 
     </span>
     <span class='ocr_line' id='line_1_26' title="bbox 409 1872 1729 1929; baseline -0.008 -9"><span class='ocrx_word' id='word_1_161' title='bbox 409 1887 453 1921; x_wconf 89' lang='grc'><strong>10</strong></span> <span class='ocrx_word' id='word_1_162' title='bbox 473 1886 540 1920; x_wconf 85' lang='lat' dir='ltr'><strong>add</strong></span> <span class='ocrx_word' id='word_1_163' title='bbox 556 1884 662 1927; x_wconf 71' lang='grc' dir='ltr'><strong>ΑΚΒ,</strong></span> <span class='ocrx_word' id='word_1_164' title='bbox 679 1893 867 1929; x_wconf 84' lang='lat' dir='ltr'><strong>quanquam</strong></span> <span class='ocrx_word' id='word_1_165' title='bbox 886 1887 943 1917; x_wconf 83' lang='lat' dir='ltr'><strong>aut</strong></span> <span class='ocrx_word' id='word_1_166' title='bbox 960 1883 1024 1916; x_wconf 87' lang='lat' dir='ltr'><strong>hoc</strong></span> <span class='ocrx_word' id='word_1_167' title='bbox 1037 1885 1095 1916; x_wconf 83' lang='lat' dir='ltr'><strong>aut</strong></span> <span class='ocrx_word' id='word_1_168' title='bbox 1115 1882 1156 1916; x_wconf 89' lang='lat'><strong>11</strong></span> <span class='ocrx_word' id='word_1_169' title='bbox 1170 1881 1272 1916; x_wconf 84' lang='lat' dir='ltr'><strong>facile</strong></span> <span class='ocrx_word' id='word_1_170' title='bbox 1289 1889 1405 1915; x_wconf 84' lang='lat' dir='ltr'><strong>careas</strong></span> <span class='ocrx_word' id='word_1_171' title='bbox 1527 1878 1567 1912; x_wconf 90' lang='lat'><strong>11</strong></span> <span class='ocrx_word' id='word_1_172' title='bbox 1583 1876 1676 1916; x_wconf 64' lang='grc' dir='ltr'><strong><em>τινες</em></strong></span> <span class='ocrx_word' id='word_1_173' title='bbox 1689 1872 1729 1910; x_wconf 86' lang='grc' dir='ltr'><strong>Μ</strong></span> 
     </span>
    </p>
   </div>
   <div class='ocr_carea' id='block_1_4' title="bbox 396 1920 1730 2018">
    <p class='ocr_par' dir='ltr' id='par_1_4' title="bbox 396 1920 1730 2018">
     <span class='ocr_line' id='line_1_27' title="bbox 396 1920 1730 1971; baseline -0.006 -7"><span class='ocrx_word' id='word_1_174' title='bbox 396 1931 431 1965; x_wconf 73' lang='lat' dir='ltr'><strong>vi.</strong></span> <span class='ocrx_word' id='word_1_175' title='bbox 457 1943 490 1965; x_wconf 87' lang='lat' dir='ltr'><strong>e.</strong></span> <span class='ocrx_word' id='word_1_176' title='bbox 513 1929 618 1964; x_wconf 84' lang='lat' dir='ltr'><strong>editio</strong></span> <span class='ocrx_word' id='word_1_177' title='bbox 638 1929 832 1963; x_wconf 85' lang='lat' dir='ltr'><strong>Meursiana</strong></span> <span class='ocrx_word' id='word_1_178' title='bbox 984 1927 1045 1962; x_wconf 82' lang='grc' dir='ltr'><strong>καὶ</strong></span> <span class='ocrx_word' id='word_1_179' title='bbox 1066 1925 1186 1971; x_wconf 78' lang='grc' dir='ltr'><strong><em>μέχρις</em></strong></span> <span class='ocrx_word' id='word_1_180' title='bbox 1208 1923 1297 1960; x_wconf 80' lang='grc' dir='ltr'><strong><em>ἐτῶν</em></strong></span> <span class='ocrx_word' id='word_1_181' title='bbox 1317 1927 1348 1960; x_wconf 87' lang='grc' dir='ltr'><strong>Α</strong></span> <span class='ocrx_word' id='word_1_182' title='bbox 1500 1924 1544 1958; x_wconf 88' lang='lat'><strong>16</strong></span> <span class='ocrx_word' id='word_1_183' title='bbox 1564 1920 1730 1958; x_wconf 66' lang='grc' dir='ltr'><strong><em>πόνουΙῑ</em></strong></span> 
     </span>
     <span class='ocr_line' id='line_1_28' title="bbox 405 1967 1566 2018; baseline -0.007 -7"><span class='ocrx_word' id='word_1_184' title='bbox 405 1977 451 2011; x_wconf 77' lang='lat'><strong>23</strong></span> <span class='ocrx_word' id='word_1_185' title='bbox 472 1974 589 2009; x_wconf 76' lang='grc' dir='ltr'><strong><em>ταῦτα</em></strong></span> <span class='ocrx_word' id='word_1_186' title='bbox 610 1974 710 2018; x_wconf 84' lang='lat' dir='ltr'><strong>vulgo</strong></span> <span class='ocrx_word' id='word_1_187' title='bbox 842 1974 887 2009; x_wconf 77' lang='lat'><strong>26</strong></span> <span class='ocrx_word' id='word_1_188' title='bbox 906 1970 993 2018; x_wconf 82' lang='grc' dir='ltr'><strong><em>ἡμῖν</em></strong></span> <span class='ocrx_word' id='word_1_189' title='bbox 1014 1973 1044 2007; x_wconf 90' lang='grc' dir='ltr'><strong>Α</strong></span> <span class='ocrx_word' id='word_1_190' title='bbox 1142 2007 1144 2009; x_wconf 76' lang='grc'><strong><em>,</em></strong></span> <span class='ocrx_word' id='word_1_191' title='bbox 1175 1972 1220 2007; x_wconf 78' lang='grc'><strong>27</strong></span> <span class='ocrx_word' id='word_1_192' title='bbox 1240 1969 1505 2014; x_wconf 78' lang='grc' dir='ltr'><strong><em>παντοκτίστωρ</em></strong></span> <span class='ocrx_word' id='word_1_193' title='bbox 1526 1967 1566 2003; x_wconf 93' lang='grc' dir='ltr'><strong>Μ</strong></span> 
     </span>
    </p>
   </div>
   <div class='ocr_carea' id='block_1_5' title="bbox 314 2047 1779 2634">
    <p class='ocr_par' dir='ltr' id='par_1_5' title="bbox 314 2047 1779 2634">
     <span class='ocr_line' id='line_1_29' title="bbox 342 2047 1730 2098; baseline -0.004 -11"><span class='ocrx_word' id='word_1_194' title='bbox 342 2051 466 2098; x_wconf 84' lang='lat' dir='ltr'><strong>ercipis</strong></span> <span class='ocrx_word' id='word_1_195' title='bbox 477 2078 487 2096; x_wconf 91' lang='lat'>‚</span> <span class='ocrx_word' id='word_1_196' title='bbox 509 2056 615 2086; x_wconf 82' lang='lat' dir='ltr'><strong>totam</strong></span> <span class='ocrx_word' id='word_1_197' title='bbox 632 2052 778 2096; x_wconf 80' lang='lat' dir='ltr'><strong>denique</strong></span> <span class='ocrx_word' id='word_1_198' title='bbox 794 2051 899 2086; x_wconf 85' lang='lat' dir='ltr'><strong>vitam</strong></span> <span class='ocrx_word' id='word_1_199' title='bbox 915 2052 951 2085; x_wconf 92' lang='lat' dir='ltr'><strong>in</strong></span> <span class='ocrx_word' id='word_1_200' title='bbox 969 2049 1155 2096; x_wconf 86' lang='lat' dir='ltr'><strong>disciplinis</strong></span> <span class='ocrx_word' id='word_1_201' title='bbox 1170 2048 1368 2083; x_wconf 77' lang='lat' dir='ltr'><strong>liberalibus</strong></span> <span class='ocrx_word' id='word_1_202' title='bbox 1388 2047 1548 2082; x_wconf 79' lang='lat' dir='ltr'><strong>conteris.</strong></span> <span class='ocrx_word' id='word_1_203' title='bbox 1594 2047 1730 2092; x_wconf 77' lang='lat' dir='ltr'><strong>quando</strong></span> 
     </span>
     <span class='ocr_line' id='line_1_30' title="bbox 314 2092 1730 2143; baseline -0.004 -11"><span class='ocrx_word' id='word_1_204' title='bbox 314 2099 422 2143; x_wconf 76' lang='lat' dir='ltr'><strong>igitur</strong></span> <span class='ocrx_word' id='word_1_205' title='bbox 442 2103 481 2131; x_wconf 80' lang='lat' dir='ltr'><strong>ut</strong></span> <span class='ocrx_word' id='word_1_206' title='bbox 500 2097 632 2132; x_wconf 83' lang='lat' dir='ltr'><strong>alumna</strong></span> <span class='ocrx_word' id='word_1_207' title='bbox 649 2097 824 2131; x_wconf 87' lang='lat' dir='ltr'><strong>doctrinae</strong></span> <span class='ocrx_word' id='word_1_208' title='bbox 844 2097 1023 2142; x_wconf 83' lang='lat' dir='ltr'><strong>postulasti</strong></span> <span class='ocrx_word' id='word_1_209' title='bbox 1041 2108 1062 2130; x_wconf 84' lang='lat' dir='ltr'><strong>a</strong></span> <span class='ocrx_word' id='word_1_210' title='bbox 1081 2106 1133 2129; x_wconf 86' lang='lat' dir='ltr'><strong>me</strong></span> <span class='ocrx_word' id='word_1_211' title='bbox 1153 2099 1247 2128; x_wconf 82' lang='lat' dir='ltr'><strong>tuum</strong></span> <span class='ocrx_word' id='word_1_212' title='bbox 1266 2094 1303 2127; x_wconf 90' lang='lat' dir='ltr'><strong>in</strong></span> <span class='ocrx_word' id='word_1_213' title='bbox 1322 2103 1417 2127; x_wconf 88' lang='lat' dir='ltr'><strong>usum</strong></span> <span class='ocrx_word' id='word_1_214' title='bbox 1439 2092 1609 2128; x_wconf 79' lang='lat' dir='ltr'><strong>conscribi</strong></span> <span class='ocrx_word' id='word_1_215' title='bbox 1628 2092 1730 2127; x_wconf 89' lang='lat' dir='ltr'><strong>libel-</strong></span> 
     </span>
     <span class='ocr_line' id='line_1_31' title="bbox 316 2137 1728 2187; baseline -0.004 -11"><span class='ocrx_word' id='word_1_216' title='bbox 316 2143 384 2177; x_wconf 86' lang='lat' dir='ltr'><strong>lum</strong></span> <span class='ocrx_word' id='word_1_217' title='bbox 404 2143 619 2187; x_wconf 90' lang='lat' dir='ltr'><strong>perspicuum</strong></span> <span class='ocrx_word' id='word_1_218' title='bbox 641 2148 677 2176; x_wconf 88' lang='lat' dir='ltr'><strong>et</strong></span> <span class='ocrx_word' id='word_1_219' title='bbox 695 2142 869 2176; x_wconf 87' lang='lat' dir='ltr'><strong>intellectu</strong></span> <span class='ocrx_word' id='word_1_220' title='bbox 889 2141 1040 2184; x_wconf 86' lang='lat' dir='ltr'>facilem,</span> <span class='ocrx_word' id='word_1_221' title='bbox 1073 2141 1130 2184; x_wconf 92' lang='lat' dir='ltr'><strong>qui</strong></span> <span class='ocrx_word' id='word_1_222' title='bbox 1153 2139 1243 2173; x_wconf 89' lang='lat' dir='ltr'><strong>clare</strong></span> <span class='ocrx_word' id='word_1_223' title='bbox 1262 2140 1376 2173; x_wconf 87' lang='lat' dir='ltr'><strong>tradat</strong></span> <span class='ocrx_word' id='word_1_224' title='bbox 1390 2150 1447 2172; x_wconf 88' lang='lat' dir='ltr'><strong>res</strong></span> <span class='ocrx_word' id='word_1_225' title='bbox 1468 2137 1591 2183; x_wconf 81' lang='lat' dir='ltr'><strong>priscis</strong></span> <span class='ocrx_word' id='word_1_226' title='bbox 1611 2143 1728 2182; x_wconf 78' lang='lat' dir='ltr'><strong>gestas</strong></span> 
     </span>
     <span class='ocr_line' id='line_1_32' title="bbox 316 2182 1729 2231; baseline -0.004 -9"><span class='ocrx_word' id='word_1_227' title='bbox 316 2187 480 2230; x_wconf 88' lang='lat' dir='ltr'><strong>saeculis,</strong></span> <span class='ocrx_word' id='word_1_228' title='bbox 509 2191 545 2220; x_wconf 83' lang='lat' dir='ltr'><strong>et</strong></span> <span class='ocrx_word' id='word_1_229' title='bbox 561 2187 621 2230; x_wconf 90' lang='lat' dir='ltr'><strong>qui</strong></span> <span class='ocrx_word' id='word_1_230' title='bbox 638 2189 680 2223; x_wconf 82' lang='lat' dir='ltr'><strong>ab</strong></span> <span class='ocrx_word' id='word_1_231' title='bbox 697 2187 795 2221; x_wconf 89' lang='lat' dir='ltr'><strong>initio</strong></span> <span class='ocrx_word' id='word_1_232' title='bbox 814 2187 915 2231; x_wconf 85' lang='lat' dir='ltr'><strong>potiti</strong></span> <span class='ocrx_word' id='word_1_233' title='bbox 933 2197 1044 2220; x_wconf 89' lang='lat' dir='ltr'><strong>rerum</strong></span> <span class='ocrx_word' id='word_1_234' title='bbox 1059 2185 1206 2228; x_wconf 83' lang='lat' dir='ltr'><strong>fuerint,</strong></span> <span class='ocrx_word' id='word_1_235' title='bbox 1227 2195 1293 2229; x_wconf 90' lang='lat' dir='ltr'><strong>quo</strong></span> <span class='ocrx_word' id='word_1_236' title='bbox 1314 2195 1420 2228; x_wconf 88' lang='lat' dir='ltr'><strong>usque</strong></span> <span class='ocrx_word' id='word_1_237' title='bbox 1437 2182 1629 2228; x_wconf 81' lang='lat' dir='ltr'><strong>progressi,</strong></span> <span class='ocrx_word' id='word_1_238' title='bbox 1649 2183 1729 2227; x_wconf 80' lang='lat' dir='ltr'><strong>qui-</strong></span> 
     </span>
     <span class='ocr_line' id='line_1_33' title="bbox 317 2228 1728 2276; baseline -0.004 -9"><span class='ocrx_word' id='word_1_239' title='bbox 317 2233 382 2267; x_wconf 89' lang='lat' dir='ltr'><strong>bus</strong></span> <span class='ocrx_word' id='word_1_240' title='bbox 399 2231 595 2266; x_wconf 79' lang='lat' dir='ltr'><strong>nationibus</strong></span> <span class='ocrx_word' id='word_1_241' title='bbox 607 2256 617 2275; x_wconf 91' lang='lat'><strong><em>‚</em></strong></span> <span class='ocrx_word' id='word_1_242' title='bbox 645 2236 681 2265; x_wconf 87' lang='lat' dir='ltr'><strong>et</strong></span> <span class='ocrx_word' id='word_1_243' title='bbox 697 2228 855 2276; x_wconf 84' lang='lat' dir='ltr'><strong>quamdiu</strong></span> <span class='ocrx_word' id='word_1_244' title='bbox 876 2231 1018 2276; x_wconf 90' lang='lat' dir='ltr'><strong>imperio</strong></span> <span class='ocrx_word' id='word_1_245' title='bbox 1038 2229 1269 2275; x_wconf 77' lang='lat' dir='ltr'><strong>praefuerint,</strong></span> <span class='ocrx_word' id='word_1_246' title='bbox 1291 2233 1457 2273; x_wconf 82' lang='lat' dir='ltr'><strong>exponat,</strong></span> <span class='ocrx_word' id='word_1_247' title='bbox 1476 2240 1559 2262; x_wconf 80' lang='lat' dir='ltr'><strong>sane</strong></span> <span class='ocrx_word' id='word_1_248' title='bbox 1579 2239 1663 2262; x_wconf 88' lang='lat' dir='ltr'><strong>onus</strong></span> <span class='ocrx_word' id='word_1_249' title='bbox 1682 2228 1728 2261; x_wconf 84' lang='lat' dir='ltr'><strong>il-</strong></span> 
     </span>
     <span class='ocr_line' id='line_1_34' title="bbox 315 2273 1728 2321; baseline -0.004 -10"><span class='ocrx_word' id='word_1_250' title='bbox 315 2277 431 2311; x_wconf 83' lang='lat' dir='ltr'><strong>ludin</strong></span> <span class='ocrx_word' id='word_1_251' title='bbox 454 2288 514 2310; x_wconf 88' lang='lat' dir='ltr'><strong>nos</strong></span> <span class='ocrx_word' id='word_1_252' title='bbox 533 2276 756 2321; x_wconf 84' lang='lat' dir='ltr'><strong>recipiemus,</strong></span> <span class='ocrx_word' id='word_1_253' title='bbox 789 2276 925 2310; x_wconf 84' lang='lat' dir='ltr'><strong>tametsi</strong></span> <span class='ocrx_word' id='word_1_254' title='bbox 944 2288 1015 2310; x_wconf 88' lang='lat' dir='ltr'><strong>rem</strong></span> <span class='ocrx_word' id='word_1_255' title='bbox 1037 2287 1098 2309; x_wconf 90' lang='lat' dir='ltr'><strong>nos</strong></span> <span class='ocrx_word' id='word_1_256' title='bbox 1131 2273 1304 2308; x_wconf 86' lang='lat' dir='ltr'><strong>difficilem</strong></span> <span class='ocrx_word' id='word_1_257' title='bbox 1327 2285 1465 2317; x_wconf 85' lang='lat' dir='ltr'><strong>gravem</strong></span> <span class='ocrx_word' id='word_1_258' title='bbox 1489 2278 1525 2307; x_wconf 91' lang='lat' dir='ltr'><strong>et</strong></span> <span class='ocrx_word' id='word_1_259' title='bbox 1549 2281 1728 2318; x_wconf 83' lang='lat' dir='ltr'><strong>operosam</strong></span> 
     </span>
     <span class='ocr_line' id='line_1_35' title="bbox 315 2317 1727 2365; baseline -0.003 -10"><span class='ocrx_word' id='word_1_260' title='bbox 315 2321 428 2356; x_wconf 88' lang='lat' dir='ltr'><strong>moliri</strong></span> <span class='ocrx_word' id='word_1_261' title='bbox 445 2331 512 2355; x_wconf 89' lang='lat' dir='ltr'><strong>non</strong></span> <span class='ocrx_word' id='word_1_262' title='bbox 529 2322 728 2355; x_wconf 82' lang='lat' dir='ltr'><strong>nesciamus.</strong></span> <span class='ocrx_word' id='word_1_263' title='bbox 774 2332 850 2355; x_wconf 84' lang='lat' dir='ltr'><strong>nam</strong></span> <span class='ocrx_word' id='word_1_264' title='bbox 864 2321 998 2355; x_wconf 79' lang='lat' dir='ltr'><strong>labores</strong></span> <span class='ocrx_word' id='word_1_265' title='bbox 1017 2320 1053 2354; x_wconf 91' lang='lat' dir='ltr'><strong>in</strong></span> <span class='ocrx_word' id='word_1_266' title='bbox 1068 2319 1277 2365; x_wconf 86' lang='lat' dir='ltr'><strong>perficienda</strong></span> <span class='ocrx_word' id='word_1_267' title='bbox 1294 2317 1572 2352; x_wconf 81' lang='lat' dir='ltr'><strong>commentatione</strong></span> <span class='ocrx_word' id='word_1_268' title='bbox 1591 2322 1727 2352; x_wconf 83' lang='lat' dir='ltr'><strong>nostros</strong></span> 
     </span>
     <span class='ocr_line' id='line_1_36' title="bbox 316 2363 1727 2409; baseline -0.002 -8"><span class='ocrx_word' id='word_1_269' title='bbox 316 2366 547 2401; x_wconf 84' lang='lat' dir='ltr'><strong>munificentia</strong></span> <span class='ocrx_word' id='word_1_270' title='bbox 564 2372 600 2399; x_wconf 84' lang='lat' dir='ltr'><strong>et</strong></span> <span class='ocrx_word' id='word_1_271' title='bbox 617 2366 802 2400; x_wconf 79' lang='lat' dir='ltr'><strong>liberalitas</strong></span> <span class='ocrx_word' id='word_1_272' title='bbox 819 2371 878 2400; x_wconf 90' lang='lat' dir='ltr'><strong>tua</strong></span> <span class='ocrx_word' id='word_1_273' title='bbox 897 2370 1042 2409; x_wconf 85' lang='lat' dir='ltr'><strong>recreat,</strong></span> <span class='ocrx_word' id='word_1_274' title='bbox 1062 2370 1098 2399; x_wconf 90' lang='lat' dir='ltr'><strong>et</strong></span> <span class='ocrx_word' id='word_1_275' title='bbox 1117 2369 1245 2398; x_wconf 87' lang='lat' dir='ltr'><strong>aestum</strong></span> <span class='ocrx_word' id='word_1_276' title='bbox 1260 2363 1469 2397; x_wconf 82' lang='lat' dir='ltr'><strong>lassitudinis</strong></span> <span class='ocrx_word' id='word_1_277' title='bbox 1487 2372 1527 2397; x_wconf 82' lang='lat' dir='ltr'><strong>ac</strong></span> <span class='ocrx_word' id='word_1_278' title='bbox 1545 2374 1727 2398; x_wconf 84' lang='lat' dir='ltr'><strong>aerumnae</strong></span> 
     </span>
     <span class='ocr_line' id='line_1_37' title="bbox 316 2407 1679 2455; baseline -0.002 -9"><span class='ocrx_word' id='word_1_279' title='bbox 316 2422 457 2446; x_wconf 85' lang='lat' dir='ltr'><strong>munera</strong></span> <span class='ocrx_word' id='word_1_280' title='bbox 477 2416 537 2444; x_wconf 87' lang='lat' dir='ltr'><strong>tua</strong></span> <span class='ocrx_word' id='word_1_281' title='bbox 556 2413 676 2444; x_wconf 90' lang='lat' dir='ltr'><strong>crebro</strong></span> <span class='ocrx_word' id='word_1_282' title='bbox 695 2412 845 2455; x_wconf 80' lang='lat' dir='ltr'><strong>repetita</strong></span> <span class='ocrx_word' id='word_1_283' title='bbox 863 2411 969 2444; x_wconf 85' lang='lat' dir='ltr'><strong>veluti</strong></span> <span class='ocrx_word' id='word_1_284' title='bbox 984 2411 1071 2444; x_wconf 86' lang='lat' dir='ltr'><strong>roris</strong></span> <span class='ocrx_word' id='word_1_285' title='bbox 1092 2410 1263 2443; x_wconf 86' lang='lat' dir='ltr'><strong>cuiusdam</strong></span> <span class='ocrx_word' id='word_1_286' title='bbox 1279 2408 1496 2452; x_wconf 83' lang='lat' dir='ltr'><strong>respersione</strong></span> <span class='ocrx_word' id='word_1_287' title='bbox 1511 2407 1679 2452; x_wconf 84' lang='lat' dir='ltr'><strong>mitigant.</strong></span> 
     </span>
     <span class='ocr_line' id='line_1_38' title="bbox 405 2453 1725 2499; baseline -0.002 -10"><span class='ocrx_word' id='word_1_288' title='bbox 405 2456 455 2489; x_wconf 92' lang='lat' dir='ltr'><strong>Ac</strong></span> <span class='ocrx_word' id='word_1_289' title='bbox 475 2456 519 2490; x_wconf 85' lang='lat' dir='ltr'><strong>de</strong></span> <span class='ocrx_word' id='word_1_290' title='bbox 536 2456 588 2489; x_wconf 90' lang='lat' dir='ltr'><strong>his</strong></span> <span class='ocrx_word' id='word_1_291' title='bbox 606 2456 741 2499; x_wconf 86' lang='lat' dir='ltr'><strong>quidem</strong></span> <span class='ocrx_word' id='word_1_292' title='bbox 761 2457 886 2491; x_wconf 90' lang='lat' dir='ltr'><strong>dictum</strong></span> <span class='ocrx_word' id='word_1_293' title='bbox 907 2456 1068 2489; x_wconf 90' lang='lat' dir='ltr'><strong>hactenus</strong></span> <span class='ocrx_word' id='word_1_294' title='bbox 1091 2459 1164 2489; x_wconf 87' lang='lat' dir='ltr'><strong>esto</strong></span> <span class='ocrx_word' id='word_1_295' title='bbox 1176 2480 1186 2498; x_wconf 86' lang='lat'>‚</span> <span class='ocrx_word' id='word_1_296' title='bbox 1218 2466 1261 2487; x_wconf 93' lang='lat' dir='ltr'><strong>ne</strong></span> <span class='ocrx_word' id='word_1_297' title='bbox 1281 2455 1371 2487; x_wconf 83' lang='lat' dir='ltr'><strong>forte</strong></span> <span class='ocrx_word' id='word_1_298' title='bbox 1394 2457 1588 2497; x_wconf 80' lang='lat' dir='ltr'><strong>comparata</strong></span> <span class='ocrx_word' id='word_1_299' title='bbox 1605 2453 1725 2488; x_wconf 84' lang='lat' dir='ltr'><strong>videa-</strong></span> 
     </span>
     <span class='ocr_line' id='line_1_39' title="bbox 315 2497 1725 2543; baseline -0.001 -8"><span class='ocrx_word' id='word_1_300' title='bbox 315 2504 372 2535; x_wconf 78' lang='lat' dir='ltr'><strong>tur</strong></span> <span class='ocrx_word' id='word_1_301' title='bbox 393 2501 436 2535; x_wconf 88' lang='lat' dir='ltr'><strong>ad</strong></span> <span class='ocrx_word' id='word_1_302' title='bbox 456 2501 698 2534; x_wconf 86' lang='lat' dir='ltr'><strong>adsentandum</strong></span> <span class='ocrx_word' id='word_1_303' title='bbox 716 2501 844 2543; x_wconf 84' lang='lat' dir='ltr'><strong>oratio,</strong></span> <span class='ocrx_word' id='word_1_304' title='bbox 878 2512 965 2534; x_wconf 85' lang='lat' dir='ltr'><strong>neve</strong></span> <span class='ocrx_word' id='word_1_305' title='bbox 984 2500 1103 2533; x_wconf 85' lang='lat' dir='ltr'><strong>relicto</strong></span> <span class='ocrx_word' id='word_1_306' title='bbox 1130 2510 1233 2543; x_wconf 88' lang='lat' dir='ltr'><strong>scopo</strong></span> <span class='ocrx_word' id='word_1_307' title='bbox 1251 2498 1391 2542; x_wconf 77' lang='lat' dir='ltr'><strong>evagari</strong></span> <span class='ocrx_word' id='word_1_308' title='bbox 1406 2497 1472 2531; x_wconf 85' lang='lat' dir='ltr'><strong>alio</strong></span> <span class='ocrx_word' id='word_1_309' title='bbox 1489 2497 1725 2542; x_wconf 79' lang='lat' dir='ltr'><strong>perhibeatur.</strong></span> 
     </span>
     <span class='ocr_line' id='line_1_40' title="bbox 315 2542 1779 2590; baseline -0.002 -10"><span class='ocrx_word' id='word_1_310' title='bbox 315 2557 390 2580; x_wconf 90' lang='lat' dir='ltr'><strong>cum</strong></span> <span class='ocrx_word' id='word_1_311' title='bbox 408 2550 519 2579; x_wconf 87' lang='lat' dir='ltr'><strong>autem</strong></span> <span class='ocrx_word' id='word_1_312' title='bbox 537 2545 724 2590; x_wconf 85' lang='lat' dir='ltr'><strong>complures</strong></span> <span class='ocrx_word' id='word_1_313' title='bbox 740 2546 849 2580; x_wconf 83' lang='lat' dir='ltr'><strong>literis</strong></span> <span class='ocrx_word' id='word_1_314' title='bbox 865 2545 1056 2579; x_wconf 84' lang='lat' dir='ltr'><strong>mandarint</strong></span> <span class='ocrx_word' id='word_1_315' title='bbox 1070 2544 1230 2578; x_wconf 80' lang='lat' dir='ltr'><strong>historias</strong></span> <span class='ocrx_word' id='word_1_316' title='bbox 1248 2555 1288 2577; x_wconf 86' lang='lat' dir='ltr'><strong>ac</strong></span> <span class='ocrx_word' id='word_1_317' title='bbox 1303 2542 1440 2577; x_wconf 84' lang='lat' dir='ltr'><strong>annales</strong></span> <span class='ocrx_word' id='word_1_318' title='bbox 1452 2568 1461 2585; x_wconf 92' lang='lat'>‚</span> <span class='ocrx_word' id='word_1_319' title='bbox 1483 2547 1519 2576; x_wconf 90' lang='lat' dir='ltr'><strong>et</strong></span> <span class='ocrx_word' id='word_1_320' title='bbox 1534 2547 1628 2576; x_wconf 85' lang='lat' dir='ltr'><strong>recte</strong></span> <span class='ocrx_word' id='word_1_321' title='bbox 1645 2543 1723 2588; x_wconf 83' lang='lat' dir='ltr'><strong>qui·</strong></span> <span class='ocrx_word' id='word_1_322' title='bbox 1776 2569 1779 2570; x_wconf 17' lang='grc' dir='ltr'><strong><em>γ</em></strong></span> 
     </span>
     <span class='ocr_line' id='line_1_41' title="bbox 315 2587 1724 2634; baseline -0.003 -8"><span class='ocrx_word' id='word_1_323' title='bbox 315 2591 393 2627; x_wconf 81' lang='lat' dir='ltr'><strong>dem</strong></span> <span class='ocrx_word' id='word_1_324' title='bbox 413 2600 564 2634; x_wconf 87' lang='lat' dir='ltr'><strong>vereque</strong></span> <span class='ocrx_word' id='word_1_325' title='bbox 583 2595 703 2625; x_wconf 84' lang='lat' dir='ltr'><strong>cuncta</strong></span> <span class='ocrx_word' id='word_1_326' title='bbox 722 2598 861 2626; x_wconf 84' lang='lat' dir='ltr'><strong>narrare</strong></span> <span class='ocrx_word' id='word_1_327' title='bbox 881 2590 994 2624; x_wconf 81' lang='lat' dir='ltr'><strong>conati</strong></span> <span class='ocrx_word' id='word_1_328' title='bbox 1013 2590 1160 2632; x_wconf 85' lang='lat' dir='ltr'><strong>fuerint,</strong></span> <span class='ocrx_word' id='word_1_329' title='bbox 1182 2588 1320 2622; x_wconf 85' lang='lat' dir='ltr'><strong>diversa</strong></span> <span class='ocrx_word' id='word_1_330' title='bbox 1339 2593 1453 2622; x_wconf 86' lang='lat' dir='ltr'><strong>tamen</strong></span> <span class='ocrx_word' id='word_1_331' title='bbox 1471 2587 1508 2621; x_wconf 88' lang='lat' dir='ltr'><strong>id</strong></span> <span class='ocrx_word' id='word_1_332' title='bbox 1529 2587 1587 2620; x_wconf 87' lang='lat' dir='ltr'><strong>via</strong></span> <span class='ocrx_word' id='word_1_333' title='bbox 1605 2589 1724 2622; x_wconf 90' lang='lat' dir='ltr'><strong>modo-</strong></span> 
     </span>
    </p>
   </div>
   <div class='ocr_carea' id='block_1_6' title="bbox 316 2633 1789 2680">
    <p class='ocr_par' dir='ltr' id='par_1_6' title="bbox 316 2633 1789 2680">
     <span class='ocr_line' id='line_1_42' title="bbox 316 2633 1789 2680; baseline 0 -12"><span class='ocrx_word' id='word_1_334' title='bbox 316 2646 384 2680; x_wconf 82' lang='lat' dir='ltr'><strong>que</strong></span> <span class='ocrx_word' id='word_1_335' title='bbox 411 2635 664 2680; x_wconf 75' lang='lat' dir='ltr'><strong>praestiterint,</strong></span> <span class='ocrx_word' id='word_1_336' title='bbox 697 2648 758 2670; x_wconf 87' lang='lat' dir='ltr'><strong>nos</strong></span> <span class='ocrx_word' id='word_1_337' title='bbox 789 2647 904 2670; x_wconf 88' lang='lat' dir='ltr'><strong>eorum</strong></span> <span class='ocrx_word' id='word_1_338' title='bbox 933 2635 1167 2669; x_wconf 81' lang='lat' dir='ltr'><strong>auctoritatem</strong></span> <span class='ocrx_word' id='word_1_339' title='bbox 1192 2633 1302 2667; x_wconf 89' lang='lat' dir='ltr'><strong>secuti</strong></span> <span class='ocrx_word' id='word_1_340' title='bbox 1329 2633 1388 2677; x_wconf 89' lang='lat' dir='ltr'><strong>qui</strong></span> <span class='ocrx_word' id='word_1_341' title='bbox 1407 2635 1563 2666; x_wconf 84' lang='lat' dir='ltr'><strong>accurato</strong></span> <span class='ocrx_word' id='word_1_342' title='bbox 1580 2633 1726 2667; x_wconf 79' lang='lat' dir='ltr'><strong>maxime</strong></span> <span class='ocrx_word' id='word_1_343' title='bbox 1779 2664 1789 2677; x_wconf 64' lang='lat'><em>„</em></span> 
     </span>
    </p>
   </div>
   <div class='ocr_carea' id='block_1_7' title="bbox 316 2677 1722 2724">
    <p class='ocr_par' dir='ltr' id='par_1_7' title="bbox 316 2677 1722 2724">
     <span class='ocr_line' id='line_1_43' title="bbox 316 2677 1722 2724; baseline -0.002 -10"><span class='ocrx_word' id='word_1_344' title='bbox 316 2680 430 2714; x_wconf 86' lang='lat' dir='ltr'><strong>studio</strong></span> <span class='ocrx_word' id='word_1_345' title='bbox 451 2680 504 2714; x_wconf 89' lang='lat' dir='ltr'><strong>usi</strong></span> <span class='ocrx_word' id='word_1_346' title='bbox 526 2682 570 2714; x_wconf 85' lang='lat' dir='ltr'><strong>ad</strong></span> <span class='ocrx_word' id='word_1_347' title='bbox 589 2681 767 2715; x_wconf 85' lang='lat' dir='ltr'><strong>veritatem</strong></span> <span class='ocrx_word' id='word_1_348' title='bbox 788 2682 951 2715; x_wconf 79' lang='lat' dir='ltr'><strong>accedere</strong></span> <span class='ocrx_word' id='word_1_349' title='bbox 969 2679 1121 2724; x_wconf 87' lang='lat' dir='ltr'><strong>proxime</strong></span> <span class='ocrx_word' id='word_1_350' title='bbox 1141 2677 1364 2722; x_wconf 84' lang='lat' dir='ltr'><strong>videbuntur,</strong></span> <span class='ocrx_word' id='word_1_351' title='bbox 1391 2677 1639 2723; x_wconf 78' lang='lat' dir='ltr'><strong>exspectationi</strong></span> <span class='ocrx_word' id='word_1_352' title='bbox 1659 2689 1722 2712; x_wconf 84' lang='lat' dir='ltr'><strong>vo-</strong></span> 
     </span>
    </p>
   </div>
   <div class='ocr_carea' id='block_1_8' title="bbox 314 2723 1723 2815">
    <p class='ocr_par' dir='ltr' id='par_1_8' title="bbox 314 2723 1723 2815">
     <span class='ocr_line' id='line_1_44' title="bbox 314 2723 993 2770; baseline 0.001 -12"><span class='ocrx_word' id='word_1_353' title='bbox 314 2728 420 2770; x_wconf 79' lang='lat' dir='ltr'><strong>toque</strong></span> <span class='ocrx_word' id='word_1_354' title='bbox 441 2729 500 2759; x_wconf 87' lang='lat' dir='ltr'><strong>tuo</strong></span> <span class='ocrx_word' id='word_1_355' title='bbox 521 2737 583 2770; x_wconf 90' lang='lat' dir='ltr'><strong>pro</strong></span> <span class='ocrx_word' id='word_1_356' title='bbox 602 2726 734 2760; x_wconf 87' lang='lat' dir='ltr'><strong>viribus</strong></span> <span class='ocrx_word' id='word_1_357' title='bbox 754 2723 993 2760; x_wconf 86' lang='lat' dir='ltr'><strong>satisfecimus.</strong></span> 
     </span>
     <span class='ocr_line' id='line_1_45' title="bbox 403 2766 1723 2815; baseline -0.001 -12"><span class='ocrx_word' id='word_1_358' title='bbox 403 2769 582 2804; x_wconf 83' lang='lat' dir='ltr'><strong>Perfectus</strong></span> <span class='ocrx_word' id='word_1_359' title='bbox 601 2770 660 2805; x_wconf 86' lang='lat' dir='ltr'><strong>ille</strong></span> <span class='ocrx_word' id='word_1_360' title='bbox 686 2771 743 2805; x_wconf 87' lang='lat' dir='ltr'><strong>dei</strong></span> <span class='ocrx_word' id='word_1_361' title='bbox 766 2781 876 2805; x_wconf 89' lang='lat' dir='ltr'><strong>sermo</strong></span> <span class='ocrx_word' id='word_1_362' title='bbox 889 2797 898 2815; x_wconf 86' lang='lat'>‚</span> <span class='ocrx_word' id='word_1_363' title='bbox 928 2780 1041 2804; x_wconf 87' lang='lat' dir='ltr'><strong>rerum</strong></span> <span class='ocrx_word' id='word_1_364' title='bbox 1065 2768 1181 2814; x_wconf 81' lang='lat' dir='ltr'><strong>opifex</strong></span> <span class='ocrx_word' id='word_1_365' title='bbox 1208 2766 1371 2810; x_wconf 84' lang='lat' dir='ltr'><strong>omnium,</strong></span> <span class='ocrx_word' id='word_1_366' title='bbox 1401 2767 1444 2801; x_wconf 89' lang='lat' dir='ltr'><strong>ab</strong></span> <span class='ocrx_word' id='word_1_367' title='bbox 1471 2767 1570 2801; x_wconf 82' lang='lat' dir='ltr'><strong>initio</strong></span> <span class='ocrx_word' id='word_1_368' title='bbox 1596 2766 1723 2802; x_wconf 83' lang='lat' dir='ltr'><strong>caelum</strong></span> 
     </span>
    </p>
   </div>
   <div class='ocr_carea' id='block_1_9' title="bbox 314 2812 1723 2863">
    <p class='ocr_par' dir='ltr' id='par_1_9' title="bbox 314 2812 1723 2863">
     <span class='ocr_line' id='line_1_46' title="bbox 314 2812 1723 2863; baseline -0.001 -13"><span class='ocrx_word' id='word_1_369' title='bbox 314 2814 485 2850; x_wconf 74' lang='lat' dir='ltr'><strong>sideribus</strong></span> <span class='ocrx_word' id='word_1_370' title='bbox 503 2827 642 2863; x_wconf 84' lang='lat' dir='ltr'><strong>carens,</strong></span> <span class='ocrx_word' id='word_1_371' title='bbox 665 2820 701 2852; x_wconf 86' lang='lat' dir='ltr'><strong>et</strong></span> <span class='ocrx_word' id='word_1_372' title='bbox 716 2815 877 2852; x_wconf 84' lang='lat' dir='ltr'><strong>immensa</strong></span> <span class='ocrx_word' id='word_1_373' title='bbox 895 2820 1007 2851; x_wconf 86' lang='lat' dir='ltr'><strong>tamen</strong></span> <span class='ocrx_word' id='word_1_374' title='bbox 1025 2818 1203 2852; x_wconf 80' lang='lat' dir='ltr'><strong>venustate</strong></span> <span class='ocrx_word' id='word_1_375' title='bbox 1221 2812 1393 2849; x_wconf 86' lang='lat' dir='ltr'><strong>radiorum</strong></span> <span class='ocrx_word' id='word_1_376' title='bbox 1409 2812 1511 2859; x_wconf 80' lang='lat' dir='ltr'><strong>plane</strong></span> <span class='ocrx_word' id='word_1_377' title='bbox 1532 2812 1723 2848; x_wconf 81' lang='lat' dir='ltr'><strong>divinorum</strong></span> 
     </span>
    </p>
   </div>
  </div>
 </body>
</html>
