1864 3242
0 1920 10 2019 ἓ

0 2028 12 2111 ᾗ

0 2123 10 2162 ÷

0 2170 9 2210 r,

522 206 923 252 AGROPOLITAM
955 206 1156 252 NOTAE.
1473 190 1570 252 225

113 317 285 358 membri
305 317 448 357 lueret.
477 330 556 371 qua
576 316 626 357 de
646 330 764 357 causa
782 316 833 356 ad
853 317 1084 356 diuturnum
1102 329 1301 355 carcerem
1324 321 1383 355 est
1402 313 1571 354 damna-

113 380 192 415 tns.
251 388 343 414 cum
370 373 637 427 displicuisset
664 376 820 414 Sultani
848 374 1056 423 fratribus,
1103 373 1173 426 qui
1199 386 1369 425 regnum
1398 386 1488 412 cum
1521 387 1569 412 eo

113 430 342 481 diviserant,
373 430 482 484 quod
501 430 706 470 hominem
723 432 939 484 profugum
957 438 996 469 et
1010 431 1230 482 supplicem
1244 431 1434 482 pecuniae
1451 443 1570 468 causa

36 481 53 529 J
111 489 384 527 Romanorum
411 489 641 539 imperatori
662 487 920 540 prodidisset,
960 486 1206 525 iracundiam
1239 500 1375 525 eorum
1405 487 1569 538 placuit.

111 556 286 597 namque
306 545 437 582 aiebat
451 545 732 596 pacificationis
752 557 844 596 ergo
864 545 982 582 illum
999 545 1211 592 remisisse,
1232 556 1313 582 11011
1325 542 1569 595 prodidisse3

113 607 154 639 et
174 599 380 639 hominem
401 613 549 652 vagum
568 603 610 639 in
627 603 797 653 patriam
817 602 1033 639 restituisse
1048 629 1059 648 ,
1099 607 1143 638 ut
1168 613 1243 638 nec
1269 602 1355 651 ipse
1377 601 1474 638 alios
1494 613 1571 637 nec

111 657 248 709 ipsum
270 658 340 695 alii
366 664 711 710 prosequerentur.
769 655 835 695 hic
852 659 988 695 Errico
1015 657 1116 694 circa
1135 655 1415 708 Adramytium
1433 657 1568 707 agenti

113 725 222 752 arma
244 714 386 763 infert,
427 721 468 752 et
493 716 745 766 inexpectato
776 720 1016 765 superventu
1045 720 1084 751 et
1108 712 1363 751 multitudine
1392 715 1570 765 primum

114 769 278 823 quidem
299 777 490 808 terrorem
508 772 672 820 incutit,
701 769 774 809 sed
791 772 949 819 Errico,
990 783 1081 808 cum
1101 771 1237 808 Martis
1269 771 1356 807 alea
1380 768 1570 807 tentanda

114 825 327 876 videretur,
358 836 449 864 ante
472 828 571 866 alios
597 835 635 866 et
650 841 723 879 per
738 826 914 865 mediam
929 825 1105 865 hostium
1122 828 1249 864 aciem
1268 839 1359 864 cum
1376 828 1457 864 suis
1474 840 1569 878 per-

113 890 321 935 rumpente
341 882 577 935 dissipatur:
605 897 700 922 nam
721 884 860 922 Graeci
888 885 1041 936 equites
1068 881 1119 920 ad
1145 885 1316 934 primam
1336 884 1569 921 Latinorum

111 939 415 991 impressionem
434 947 474 978 et
490 938 695 978 hastarum
723 939 979 977 directionem
999 941 1202 978 concitatis
1223 941 1335 992 equis
1355 940 1568 991 fugientes,

111 995 316 1047 pedestres
342 995 501 1035 ordines
528 995 708 1035 hostibus
735 995 989 1035 trucidandos
1004 996 1249 1049 reliquerunt
1268 1003 1307 1034 et
1326 995 1571 1048 spoliandos.

113 1064 167 1090 ex
183 1053 333 1090 Niceta.
390 1053 494 1091 Am..

223 1121 264 1160 p.
294 1107 348 1149 14
377 1121 417 1146 v.
449 1110 490 1150 8.
550 1108 839 1162 Παφλαγονίας
873 1105 917 1148 δὲ
944 1103 1102 1159 πάσης]
1143 1106 1275 1146 David
1307 1107 1505 1161 siquidem
1530 1115 1570 1147 et

110 1163 280 1203 Alexius
296 1165 451 1214 fratres,
475 1165 660 1202 Manuele
676 1163 893 1203 Andronici
909 1165 1069 1217 tyranni
1086 1166 1356 1203 Romanorum
1373 1165 1454 1202 filio
1472 1166 1568 1214 nati,

111 1221 213 1259 alter
229 1222 348 1259 Ponti
366 1222 600 1259 Heracleam
628 1228 667 1258 et
690 1220 1007 1273 Paphlagoniam
1038 1228 1317 1272 occupaverat,
1348 1221 1448 1259 alter
1469 1222 1569 1259 Ale-

110 1278 206 1315 xius
230 1279 433 1316 Oenaeum
457 1284 495 1315 et
513 1278 705 1329 Sinopem
723 1278 840 1315 urbes
860 1284 898 1314 et
915 1279 1223 1329 Trapezuntem.
1282 1277 1353 1316 sed
1370 1277 1568 1330 quomodo

113 1332 412 1385 expeditionem
439 1335 619 1372 Lascaris
655 1335 698 1371 iu
730 1333 926 1371 Davidem
959 1335 1193 1371 Latinorum
1227 1335 1389 1371 auxiliis
1421 1335 1568 1371 fultum

112 1391 330 1445 susceperit
362 1403 534 1444 eumque
565 1389 844 1439 debellaverit,
887 1389 1015 1429 disces
1047 1403 1071 1427 a
1099 1391 1237 1428 Niceta
1273 1391 1318 1428 in
1354 1389 1568 1429 Balduino.

111 1447 215 1485 Au..
461 1479 471 1484 -

225 1516 267 1554 p.
291 1501 342 1544 15
366 1506 406 1541 v.
428 1506 469 1546 2.
516 1504 591 1544 τοῦ
621 1499 695 1555 μὲν
721 1501 763 1543 ἐκ
789 1498 1020 1555 Φλάντρας]
1053 1509 1167 1554 capta
1199 1502 1333 1554 Cpoli,
1376 1515 1468 1540 cum
1495 1500 1570 1540 de·-

113 1560 378 1611 siguationem
407 1560 655 1611 imperatoris
685 1559 883 1610 suffr-,agiis
912 1572 996 1596 esse
1023 1558 1347 1596 committendam
1367 1558 1570 1596 decretum

113 1621 240 1664 esset,
277 1629 331 1654 ex
350 1617 512 1654 Francis
539 1622 578 1653 et
598 1615 870 1666 Longobardis
899 1616 1096 1667 quiuque,
1128 1617 1196 1652 alii
1225 1629 1298 1653 sex
1328 1615 1485 1664 dicunt,
1517 1628 1571 1653 ex

112 1673 272 1712 Venetis
301 1671 470 1710 totidem
497 1673 609 1710 lectis
634 1671 853 1720 iudicibus,
883 1673 1059 1724 plurium
1083 1671 1280 1722 suffragiis
1302 1685 1384 1710 sors
1411 1672 1570 1723 imperii

109 1727 308 1767 Balduino
332 1728 543 1767 Flandriae
563 1730 698 1766 comiti
721 1729 881 1780 obtigit,
913 1727 1020 1781 quod
1035 1729 1215 1780 plerique
1236 1735 1375 1779 putant
1394 1727 1570 1765 Danduli

110 1784 251 1823 fraude
274 1792 314 1823 et
332 1785 492 1823 solertia
513 1786 663 1823 factum
681 1798 779 1834 esse,
811 1787 880 1838 qui
901 1797 991 1822 cum
1010 1785 1058 1823 ob
1082 1786 1310 1822 caecitatem
1331 1783 1568 1822 excludere-

110 1847 188 1891 tur,
218 1843 431 1893 imperium
449 1855 572 1894 penes
594 1855 686 1879 eum
707 1855 792 1880 esse
811 1843 937 1880 voluit
958 1842 1027 1893 qui
1045 1840 1296 1879 hilarioribus
1318 1848 1420 1879 esset
1441 1842 1567 1878 mori-

109 1898 186 1936 bus
217 1905 256 1936 et
282 1899 444 1949 ingenio
474 1900 606 1936 minus
637 1899 868 1936 ambitioso:
908 1897 978 1936 sed
1000 1897 1108 1949 quod
1126 1899 1379 1948 potissimum
1398 1898 1494 1945 fuit,
1523 1903 1571 1934 ut

109 1956 287 2006 privatus
317 1956 565 2006 imperatoris
608 1953 803 2006 designati
836 1956 1080 2006 principatus
1120 1967 1242 2005 quam
1278 1955 1567 1991 remotissimus

111 2018 215 2050 esset
235 2025 256 2048 e
274 2013 514 2050 Venetorum
533 2010 686 2048 dicione
699 2040 709 2058 ‚
739 2024 790 2048 ne
820 2013 854 2048 si
881 2024 958 2063 qua
982 2011 1246 2047 controversia
1268 2023 1358 2046 cum
1373 2011 1443 2047 illo
1464 2010 1567 2046 inci-

111 2066 258 2116 disset,
297 2069 432 2119 plures
450 2069 581 2119 copias
605 2068 732 2105 subito
755 2081 807 2104 ex
829 2081 900 2105 suo
918 2068 1110 2104 territorio
1131 2079 1326 2104 arcessere
1346 2073 1414 2103 aut
1434 2067 1566 2104 Vene—

110 2130 174 2162 tos
194 2124 291 2161 fines
311 2123 517 2161 commode
537 2123 724 2161 invadere
745 2131 811 2161 aut
832 2123 1121 2161 incursionibus
1138 2136 1282 2159 vexare
1301 2130 1447 2174 posset,
1465 2135 1566 2173 quae

112 2182 245 2218 omnia
260 2182 301 2218 in
323 2181 509 2232 expedito
528 2194 613 2218 esse
632 2181 835 2218 Bonifacio
848 2179 1067 2216 Marchioni
1084 2193 1135 2216 ex
1145 2178 1423 2230 Longobardia
1439 2185 1565 2215 notat.

111 2235 176 2275 his
197 2236 403 2275 Dandulus
427 2238 677 2274 Bonisaoium
695 2235 965 2274 Marchionem
988 2236 1157 2287 repulit,
1186 2235 1427 2272 Balduinum
1447 2247 1566 2285 prae—

111 2294 216 2342 tulit,
234 2295 343 2331 cuius
358 2293 518 2331 ditionis
533 2295 680 2331 limites
697 2300 852 2331 tantum
868 2306 889 2330 a
900 2294 1059 2331 Venetis
1079 2291 1222 2330 distare
1240 2298 1415 2340 noverat,
1435 2303 1564 2343 quan-

111 2357 197 2388 tum
217 2351 404 2388 Venetiae
426 2364 449 2388 a
467 2352 706 2387 Graecorum
734 2351 948 2401 provinciis
975 2348 1352 2386 disterininarentur.
1410 2350 1565 2398 pactio-

111 2420 182 2444 nes
211 2407 315 2444 inter
343 2420 410 2445 eos
441 2408 558 2445 initas
585 2408 837 2444 Innocentius
863 2420 944 2443 11011
975 2419 1112 2443 omnes
1139 2403 1340 2452 laudavit,
1369 2403 1563 2456 quasdam

113 2464 233 2500 etiam
255 2463 490 2514 reprobavit.
548 2463 639 2501 vide
667 2476 824 2515 quoque
852 2463 1068 2514 Gregoram
1093 2462 1164 2498 lib.
1188 2462 1226 2501 1.
1283 2460 1397 2507 hinc,
1427 2461 1563 2507 lector,

112 2532 304 2570 agnosces
319 2527 440 2571 quam
454 2521 602 2558 insulse
619 2522 855 2570 recentiores
870 2526 907 2557 et
918 2519 1043 2556 infimi
1059 2519 1231 2555 nominis
1247 2519 1466 2567 scriptores,
1480 2518 1563 2552 Do-

112 2574 274 2614 rotheus
291 2576 641 2614 Monembasiensis
663 2584 700 2614 et
718 2575 940 2614 Matthaeus
961 2576 1110 2626 Cigala,
1142 2575 1314 2621 Venetis,
1344 2575 1447 2609 inter
1465 2585 1565 2624 quos

112 2645 304 2684 synopses
331 2645 423 2669 suas
449 2630 702 2671 historiarum
734 2635 907 2684 pessime
941 2634 1224 2669 concinnarunt
1265 2636 1303 2666 et
1341 2628 1562 2676 ediderunt,

112 2690 471 2740 supparasitentur,
512 2691 581 2741 qui
608 2690 783 2727 scribunt
804 2691 974 2728 Venetos
1001 2688 1214 2738 imperium
1230 2686 1481 2737 Cpolitanum
1502 2692 1563 2721 te-

111 2747 262 2794 nuisse,
293 2740 479 2796 λαβόντες
498 2742 573 2797 tva
594 2747 797 2798 βασιλείαν
816 2746 858 2786 οἱ
870 2743 1070 2785 Βενέτικοι
1089 2745 1161 2794 τῆς
1184 2738 1565 2782 Κωνσταντινουπό-

112 2803 230 2848 λεως,
272 2808 310 2839 et
330 2800 437 2853 quod
458 2802 644 2840 insulsius
662 2809 740 2850 est,
770 2816 841 2853 per
858 2814 980 2838 annos
1001 2800 1285 2851 quinquaginta
1308 2812 1381 2836 sex
1405 2798 1491 2844 vel,
1522 2803 1564 2834 ut

112 2857 286 2906 tradunt,
315 2859 520 2909 sexaginta
541 2865 579 2895 et
595 2871 751 2896 menses
771 2865 871 2907 octo,
904 2856 1047 2894 additis
1065 2858 1182 2894 etiam
1205 2855 1343 2893 diebus
1361 2853 1564 2901 tredecim,

169 2919 297 2964 Georg.
330 2919 488 2964 Acropol.
517 2919 643 2953 Annal.
1239 2912 1290 2952 15
