1864 3242
528 179 924 224 ACROPOLITAM
959 179 1157 224 NOTAE.
1461 175 1524 221 22
1533 175 1556 220 1

121 290 330 343 recepisse.
385 287 485 328 haec
510 291 746 342 Byzantium
770 302 924 328 reversa
953 295 1042 341 post
1071 295 1225 340 captam
1251 287 1389 325 urbem
1414 287 1559 325 Alexio

119 344 392 398 Mumuplilo‚
434 346 503 398 qui
534 346 631 385 duas
657 359 800 385 uxores
826 354 979 398 praeter
1005 346 1065 383 fas
1094 359 1210 383 omne
1242 343 1485 395 repudiarat,
1515 350 1558 381 ut

119 415 210 440 eam
228 402 304 440 sibi
321 401 575 454 adiungeret,
614 409 819 453 nupseratr,
859 402 931 440 sed
949 401 1198 453 Murtzuphlo
1217 400 1378 438 demum
1394 401 1559 438 lumini-

117 459 191 496 bus
206 458 356 506 orbato,
386 460 564 497 Larissae
583 460 626 496 in
643 457 851 496 Thessalia
866 460 990 496 Leoni
1015 458 1140 509 Sguro
1161 459 1203 495 in
1222 458 1515 494 matrimonium
1537 468 1560 493 a

114 521 227 567 patre
245 515 389 552 Alexio
408 514 536 553 datur.
578 521 671 552 nota
690 515 958 553 Triballorum
977 516 1196 566 principem
1214 513 1292 551 dici
1310 525 1333 550 a
1355 512 1559 561 (moniam,

61 611 63 614 ,
116 583 235 624 quem
250 577 384 609 noster
398 572 624 639 Acropolita
643 571 787 609 cralem
802 571 961 609 Serviae
975 577 1186 622 nuncupat.
1243 572 1344 608 Am..

226 639 267 678 p-
297 627 350 669 10
378 640 418 665 v·
441 629 510 670 22.
568 623 720 679 απὲδρα
747 626 815 668 καὶ
845 621 961 675 οὗτος
989 626 1167 678 ἐκεῖθεν]
1198 625 1389 664 Choniata
1407 631 1563 676 praeter

116 681 334 720 Eudociam
364 683 488 721 filiam
523 683 769 735 imperatoris
798 696 932 721 secum
962 682 1215 731 conductam,
1257 681 1562 734 Euphrosynam

117 750 275 791 quoque
293 739 428 777 Alexii
450 741 596 791 Angeli
622 753 789 778 uxorem
822 740 954 777 lembo
990 741 1216 790 impositam
1244 751 1378 777 secum
1400 737 1562 776 duxisse

115 802 247 832 narrat
270 797 312 832 in
333 794 606 847 Murtzuphlo‚
637 809 727 834 cum
749 795 847 834 duos
869 809 1023 834 menses
1046 802 1084 833 et
1104 795 1187 834 dies
1209 794 1412 834 sexdecim
1431 796 1563 845 impe-

115 858 253 889 rasset.
309 852 507 890 sabellius
525 851 705 906 Ennead.
726 854 751 892 9
772 852 843 890 lib.
863 852 915 893 5:
957 852 1128 890 Alexin-s·
1154 851 1226 890 ubi
1254 852 1390 889 urbem
1417 864 1499 888 una
1517 864 1563 887 ex

107 914 227 957 parte
253 915 412 958 captam
435 908 559 954 videt,
599 922 689 946 eum
712 922 830 945 uxore
852 922 902 945 ac
921 907 1137 959 pellicibus
1159 921 1386 961 magnaque
1406 908 1449 946 νί
1468 908 1562 944 auri

114 964 344 1014 intempesta
363 971 474 1002 noete
489 965 733 1034 Byzantium
747 964 919 1015 reliquit.
978 967 1081 1002 Au..

225 1033 266 1071 Ρ.
295 1021 343 1060 11
369 1033 408 1058 v.
432 1020 471 1061 5.
528 1017 639 1068 ἐντός
667 1035 743 1062 ουν
774 1024 848 1061 τοῦ
877 1021 1089 1075 λουτῆρος]
1119 1019 1310 1059 Choniata
1331 1033 1491 1059 causam
1514 1033 1558 1057 se

114 1075 264 1113 nescire
281 1077 452 1127 ingenue
469 1076 628 1114 fatetur.
684 1079 786 1115 Am..

225 1130 279 1169 ib.
302 1145 342 1170 v.
363 1133 430 1173 16.
485 1127 654 1181 Ἀλέξιον
680 1133 737 1182 εἰς
761 1129 1166 1185 τηνιΚωνσταντίνου
1188 1128 1411 1186 ἐπήγαγον]
1440 1145 1558 1170 nam-

114 1199 192 1240 que
213 1200 294 1226 non
313 1188 440 1226 multo
462 1195 552 1240 post
572 1190 890 1227 excaecationem
917 1202 939 1226 a
964 1191 1115 1227 Latinis
1138 1191 1267 1227 Ducas
1297 1187 1558 1241 comprehen-

114 1257 181 1282 sus
199 1245 437 1296 Byzantium
454 1243 674 1294 reducitur,
705 1253 744 1283 et
763 1247 805 1282 in
822 1244 1013 1283 iudicium
1032 1245 1222 1284 adductus
1241 1259 1312 1297 pro
1332 1247 1393 1283 sui
1418 1244 1558 1282 defen-

114 1301 224 1338 sione
245 1299 432 1338 afferebat
449 1314 491 1339 se
513 1303 660 1352 patriae
678 1300 919 1353 proditorem
947 1301 1134 1339 occidisse
1156 1309 1194 1339 et
1216 1303 1353 1352 poenis
1382 1315 1563 1339 comme*-

114 1357 198 1394 ritis
220 1357 434 1406 afflixisse3
463 1370 593 1410 neque
614 1371 655 1395 se
679 1371 803 1395 unum
825 1357 867 1395 id
886 1358 1026 1395 fecisse
1039 1387 1049 1406 ‚
1080 1357 1150 1395 sed
1170 1359 1341 1410 reliquos
1361 1358 1467 1394 illius
1491 1371 1558 1395 co-

114 1420 268 1463 gnatos.
297 1419 568 1451 verumtamen
584 1415 728 1462 Latini,
745 1413 959 1465 repudiatis
981 1415 1176 1462 omuibus,
1197 1416 1334 1464 capitis
1354 1412 1558 1451 hominem

113 1468 378 1515 condemnant
387 1483 490 1508 novo
503 1476 542 1507 et
557 1472 741 1508 inusitato
763 1471 945 1522 supplicii
966 1482 1134 1520 genere:
1156 1472 1305 1507 namin
1325 1471 1560 1508 altissimam

113 1526 363 1574 columnam,
394 1539 495 1578 quae
514 1528 556 1563 iu
578 1527 713 1564 Tauro
736 1534 815 1575 est,
845 1525 1077 1578 perductum
1095 1529 1367 1578 praecipitant.
1406 1528 1458 1572 ‘is
1482 1527 1560 1564 ali-

111 1580 303 1634 quamdiu
320 1583 363 1636 in
378 1581 499 1634 pedes
520 1581 774 1631 descendens,
796 1582 938 1620 deinde
958 1584 1000 1619 in
1024 1590 1139 1635 caput
1159 1584 1368 1621 subversus
1388 1590 1426 1620 et
1445 1582 1559 1620 humi

111 1638 249 1676 allisus
270 1639 546 1676 miserabiliter
566 1641 725 1676 interiit.
759 1641 815 1677 sic
836 1638 1026 1677 Clioniata
1048 1653 1070 1676 a
1090 1647 1221 1677 nostro
1244 1653 1323 1677 non
1347 1639 1560 1677 dissidens.

109 1695 230 1746 paulo
260 1696 375 1732 aliter
400 1702 533 1733 narrat
562 1695 784 1733 Dorotheus
813 1696 1187 1734 Monembasiensis:
1238 1696 1280 1736 οἱ
1306 1693 1350 1736 δὲ
1381 1693 1558 1749 Φραγγοι

111 1750 252 1799 ἔταξαν
272 1748 420 1806 μεγάλα
442 1752 672 1803 χαρίσματα,
704 1748 843 1799 ἄποιος
864 1750 934 1792 τόν
954 1750 1181 1802 παραδωσει
1200 1749 1271 1792 τὸν
1288 1752 1461 1804 βασιλέα,
1490 1752 1559 1792 καὶ

110 1805 206 1859 μετὰ
228 1821 445 1878 χαρισματα
467 1807 515 1848 ἰα’
541 1805 665 1848 πολλα
690 1807 761 1848 τόν
789 1805 1031 1859 πρυυόωκαν
1047 1824 1126 1848 των
1152 1811 1364 1862 Φραγγῶν·
1393 1809 1461 1848 καὶ
1482 1805 1562 1849 αὗ·-

109 1865 194 1910 τυί,
227 1879 280 1910 ως
303 1880 433 1913 ηυραν
452 1861 521 1903 τόν
545 1863 716 1914 βασιλέα,
749 1863 951 1915 ἔχω’ρηκαι
967 1862 1113 1913 πολλά,
1142 1866 1209 1904 καὶ
1227 1866 1562 1919 ἒόιελογιζουνταν

111 1921 149 1959 τί
165 1916 249 1958 θᾶν
254 1935 347 1960 ατον
366 1918 416 1960 να“
437 1936 506 1960 τον
527 1916 695 1968 Momm,
725 1921 791 1961 καὶ
812 1921 894 1972 ἕτζη
917 1919 1040 1972 ἤσανε
1059 1924 1130 1961 τοῦ
1144 1920 1251 1960 Λὲον
1242 1938 1318 1967 τος
1334 1925 1406 1960 τοῦ
1425 1923 1560 1971 σοφοῦ

102 1975 154 2018 ,οἷ
172 1977 363 2046 χρῃσμοί,
391 1976 450 2024 εἰς
467 1992 541 2028 την
563 1975 743 2016 κολώναν
763 1974 837 2027 τήν
854 1975 1044 2029 γλυπτήν,
1069 1977 1172 2017 ὀποῦ
1195 1975 1270 2028 εἶχε
1288 1975 1435 2025 πολλας
1455 1994 1556 2030 προ-

109 2032 276 2083 φητείας
302 2031 399 2101 περὶ
417 2034 489 2084 τῆς
517 2033 719 2083 βασιλίδος
748 2036 828 2073 τῶν
849 2032 1026 2082 πόλεων,
1063 2033 1130 2073 καὶ
1156 2032 1255 2073 nocto?
1283 2049 1353 2073 τον
1377 2031 1560 2086 χρησμὸν

109 2087 328 2140 ἐκρέμασαν
347 2084 468 2130 αὐτον
491 2089 548 2137 εἰς
572 2087 646 2140 τήν
667 2086 866 2134 κολώναν,
905 2089 971 2130 καὶ
992 2087 1161 2137 καθα-ἶς’
1148 2089 1290 2140 ἔκαμεν
1311 2087 1426 2137 αὐτὸς
1445 2087 1557 2130 Ἀλε-

103 2144 198 2193 ξίου
214 2148 286 2184 τοῦ
306 2144 515 2197 βασιλέως,
556 2145 640 2195 ἕτζη
662 2146 729 2186 καὶ
750 2144 949 2198 χειρότεραι
969 2146 1131 2186 ἔπαθει.
1189 2153 1226 2183 et
1250 2148 1317 2198 qui
1341 2147 1388 2183 ab
1410 2160 1455 2184 eo
1479 2159 1554 2183 ex-

109 2202 263 2252 ⁸⁰¹⁸¹P⁸it
289 2200 511 2239 matthaeus
539 2203 674 2253 cifffllss
702 2204 742 2239 111
771 2204 931 2254 syllOPSi
959 2201 1155 2240 historiae.
1214 2202 1351 2239 hunc
1340 2216 1559 2254 ll'sspel‘asse

107 2257 264 2295 Nicetas
283 2259 338 2295 ait
349 2271 505 2296 menses
517 2257 614 2295 duos
623 2266 664 2295 et
678 2258 760 2296 dies
773 2259 985 2305 sexdecim,
999 2266 1042 2295 ut
1052 2260 1274 2296 verosimile
1287 2266 1356 2307 est,
1371 2261 1558 2296 Mortem-

109 2312 300 2352 hasiensis
311 2321 350 2352 et
359 2315 495 2366 Cigala
503 2327 625 2352 annos
638 2315 734 2352 duos
747 2322 784 2352 et
797 2315 879 2352 dies
890 2317 1050 2366 viginti.
1065 2315 1132 2354 καὶ
1148 2314 1371 2367 ἐβασίλευσε
1385 2313 1481 2366 χοιῖν
1486 2331 1559 2362 ους

87 2393 94 2399 ·
108 2363 185 2409 δύο
196 2367 348 2425 ημέρας
364 2371 497 2413 εἴκοσι.
554 2374 685 2410 nescio
699 2379 831 2410 tamen
845 2371 1042 2409 undenam
1053 2370 1255 2410 hauserint
1265 2371 1308 2409 hi
1321 2373 1555 2410 nebulones.

105 2426 206 2465 Aa
218 2480 272 2520 ih.
304 2495 342 2522 v.
374 2484 439 2523 19.
497 2483 546 2523 de
573 2486 697 2523 Tauri
727 2485 929 2532 columna,
982 2497 1059 2537 qua
1095 2485 1255 2534 regione
1282 2485 1389 2521 urbis
1420 2484 1555 2533 fuerit,

106 2536 197 2576 vide
221 2540 267 2576 P.
290 2539 468 2590 Gyllium
487 2540 536 2579 de
554 2540 812 2593 topographia
837 2542 1003 2592 Cpoleos
1024 2541 1093 2578 lib.
1116 2514 1161 2582 3e>
1164 2553 1247 2590 cap.
1268 2542 1306 2580 6.
1335 2541 1496 2578 Doum-

216 2593 270 2632 ib.
292 2608 328 2634 v,
353 2597 421 2636 21
479 2598 536 2646 εἰς
562 2599 855 2648 Θεσσαλονίκην
882 2594 1062 2649 ἄφίκετο]
1099 2609 1149 2633 ex
1177 2609 1253 2647 qua
1280 2604 1417 2646 postea
1444 2609 1556 2634 mar—

106 2648 248 2688 chione
277 2650 327 2688 ad
347 2651 581 2705 Halmyrum
600 2655 780 2692 fortunae
806 2668 898 2692 suae
923 2652 1224 2704 iespondentem
1245 2653 1375 2690 locum
1395 2651 1553 2689 habita-

55 2753 61 2757 ·
105 2713 192 2744 tum
213 2708 355 2745 missus
377 2715 449 2746 est.
507 2709 721 2749 ehouiata.
752 2710 777 2752 ὅ
802 2710 844 2751 δὲ
875 2710 924 2760 δη
953 2707 1082 2776 φυγοῖς
1101 2706 1285 2759 βασιλεύς
1305 2710 1360 2756 εἰς
1382 2707 1478 2777 ὄψιν
1495 2711 1552 2760 τςὸ

106 2765 325 2818 Μαρκεσίω
345 2761 537 2813 ἔλθῶν,”
510 2783 631 2819 αρτου
650 2771 843 2818 μετρητοῦ
862 2766 927 2807 καὶ
945 2761 1113 2815 κοτύλης
1130 2760 1383 2816 κερᾰσματος,
1411 2763 1458 2805 τοὶ
1478 2769 1550 2816 τῆς

102 2821 304 2872 βασιλείας
324 2816 619 2864 ἀπαλλάττεται
640 2819 844 2876 σύμβολα,
873 2840 939 2864 και
960 2822 1016 2870 εἰς
1033 2836 1165 2875 χωρον
1182 2823 1233 2877 τῆ
1249 2818 1345 2877 τύχῃ
1366 2836 1551 2875 φερωνυ-
