1832 3250
205 995 207 997 ,
235 965 266 999 C

287 181 353 232 64
668 189 1040 236 CONSTANTINI
1076 192 1338 240 MANAssIs

1386 246 1411 268 9

420 296 557 350 ἅπλῶς
575 298 693 343 εἲπεΐν
711 298 767 351 ὥς
785 301 826 344 ἓν
840 305 996 359 βραχεῖ,
1029 302 1121 360 γόος
1139 314 1290 362 κατεῖχε
1307 305 1450 360 πάντα,

420 368 486 408 καὶ
504 371 584 409 πᾶν
605 367 734 410 δεινὸν
755 371 822 411 καὶ
845 374 923 412 πᾶν
943 372 1084 430 πικρὸν
1108 376 1312 429 κατέκλυζε
1333 377 1406 432 τὴν
1423 375 1551 420 πόλιν.

419 433 462 475 αἱ
478 440 608 490 χεῖρες
629 435 986 493 λυθροστᾶλακτοι,
1020 440 1256 497 φονόβαπτα
1271 444 1322 486 τὰ
1342 447 1460 503 ξίφη·

416 500 462 543 τὸ
481 499 652 545 δάπεδον
668 502 896 562 ἠρύθρωτο,
931 513 1219 552 συνεπατοῦντο
1235 513 1383 568 βρέφη.

287 565 395 612 1450
416 566 470 618 ὥς
495 569 541 611 δέ
557 570 649 613 ποτ’
670 572 941 629 ἐκορέσθησαν
961 572 1199 631 ἁρπάζοντες
1219 578 1448 633 κτιννύντες,

417 638 512 693 πυρὶ
530 637 811 695 παραδιδόασι,
845 647 1071 698 πιμπριῦσιν
1092 644 1169 686 ἀπὸ
1188 644 1359 703 βάθρων

416 703 489 758 τὴν
508 706 599 760 πρὶν
619 706 659 747 ἔν
676 705 811 750 πόλεσι
830 707 1032 765 λαμπράν,
1065 710 1137 765 τὴν
1154 715 1502 772 περιλαλουμένην.

487 772 553 813 Τὰ
572 774 645 826 μὲν
663 774 765 816 κατὰ
782 775 851 817 τὸν
869 775 1041 830 πόλεμον
1059 784 1237 822 τοιοῦτον
1256 780 1343 836 ἴσχε
1363 781 1530 841 τρόπον·

416 835 443 892 ἦ
460 836 559 894 τύχη
583 842 608 882 δ
613 841 625 856 ’
647 841 894 896 ε’γκοτήσασα
913 842 1105 897 καθάπαξ
1119 847 1318 906 Μενελάῳ

285 903 393 947 1455
420 905 556 957 ἄλλοις
575 916 723 959 καινοῖς
743 909 810 952 τὸν
827 909 980 953 τάλανα
1000 915 1219 966 καταπιὲζει
1239 914 1426 970 μόχθοις.

422 975 488 1015 καὶ
508 972 626 1016 πάλιν
645 980 768 1027 πλοῦς
782 977 1046 1036 μακρότερος,
1077 981 1338 1038 ναυστόλησις
1359 984 1487 1044 ἑτέρα,

418 1043 484 1083 καὶ
504 1040 614 1084 πόνοι
636 1045 883 1099 διαδέχονται
901 1043 995 1097 τοὺς
1011 1050 1272 1106 παλαιτέρους
1286 1053 1364 1094 νέοι

417 1111 483 1150 καὶ
502 1113 626 1153 πλοῦν
644 1111 712 1153 τὸν
725 1110 1036 1167 Ἱῖλλησπόντιον
1056 1115 1260 1172 Αἰγύπτια
1281 1118 1444 1175 πελάγη.

417 1176 574 1233 ἀπαίρει
596 1179 696 1235 πρὸς
714 1179 786 1235 τὴν
803 1182 1022 1237 Αἴγυπτον,
1056 1184 1186 1234 δεινὰς
1202 1193 1342 1242 μετρεῖ
1353 1183 1579 1242 θαλάσσας,

282 1241 391 1286 1460
416 1246 481 1285 καὶ
499 1249 735 1299 χειμασθεὶς
753 1250 818 1290 καὶ
835 1253 1054 1303 κυμανθεὶς
1071 1251 1228 1305 ἀνέμοις
1249 1254 1501 1312 βαρυθρόοις

411 1310 527 1367 μόγις
545 1316 720 1371 καταίρει
742 1315 843 1371 πρὸς
863 1316 1001 1371 αὐτήν.
1066 1318 1188 1362 ἄνεισι
1208 1320 1309 1376 πρὸς
1323 1324 1512 1378 Πρωτέα,

413 1377 581 1435 εὑρίσκει
599 1383 665 1423 καὶ
689 1382 761 1436 τὴν
775 1381 957 1426 σύνοικον
974 1384 1058 1426 ἓκεῖ
1070 1386 1173 1428 κατὰ
1195 1387 1266 1440 τὴν
1286 1388 1474 1445 Μέμφιν,

411 1448 477 1487 καὶ
499 1450 691 1498 ’ξενισθεὶς
711 1452 777 1491 καὶ
797 1452 981 1505 τιμηθεὶς
1001 1452 1194 1506 λαμβάνει
1215 1454 1287 1508 τὴν
1298 1453 1480 1511 Ἑλένην,

411 1516 476 1555 καὶ
493 1515 594 1567 μετὰ
611 1514 976 1569 μόχθουςῖκανοὺς
996 1519 1143 1575 φθάνει
1166 1521 1266 1578 πρὸς
1284 1522 1356 1577 τὴν
1371 1525 1559 1582 πατρίδα,

279 1577 384 1622 1465
408 1581 511 1634 μετὰ
531 1582 604 1637 τὴν
627 1585 779 1640 Τροίας
799 1584 947 1628 ἅλωσιν
964 1584 1104 1641 ι’)’γδοον
1122 1587 1208 1638 ἕτος
1226 1590 1375 1646 τρέχων

408 1648 511 1691 κατὰ
527 1649 599 1703 τὴν
617 1650 898 1707 περιπλάνησιν
917 1648 1068 1707 τῆν’ἕπὶ
1089 1655 1158 1696 τὸν
1174 1658 1361 1711 Πρωτέα.

406 1714 575 1772 εὖρίσκει
598 1720 664 1759 καὶ
681 1718 751 1760 τὸν
772 1718 965 1773 σύναιμον
983 1721 1138 1772 ἀθλίως
1159 1722 1338 1766 ὀλωλότα

408 1781 515 1842 δόλῳ
536 1787 724 1841 κακίστης
746 1786 949 1842 γυναικός,
983 1789 1138 1845 ἐχίδνης
1156 1793 1409 1844 μοιχαλίδος·

364 1920 452 1956 1446
469 1919 512 1956 τὸ
531 1923 609 1978 πᾶν
628 1925 768 1980 κατεῖχε
784 1925 883 1980 ,ΑΒΚ
959 1968 977 1982 η
1036 1927 1124 1962 1453
1145 1928 1280 1964 τοῦτον
1299 1926 1382 1974 ἔσχε-
1393 1926 1462 1965 τὸν
1477 1927 1619 1979 τρόποι
1640 1929 1710 1966 AM

362 1967 450 2003 1461
471 1979 637 2013 κατερρει
653 1970 699 2015 R,
724 1982 868 2016 ανερρει
889 1970 929 2006 Μ
951 1981 1090 2007 ανεισιν
1108 1973 1160 2014 εἰς
1176 1973 1208 2009 Α

271 2089 343 2123 bat.
390 2089 504 2124 infans
528 2090 588 2135 qui
612 2093 814 2136 gestabatur
836 2092 873 2127 in
898 2092 1007 2138 ulnis,
1041 2095 1085 2129 ad
1109 2095 1277 2140 parietem
1304 2096 1520 2132 allidebatur.
1565 2099 1606 2131 ut
1624 2096 1706 2132 sim-

270 2134 408 2179 pliciter
426 2147 466 2169 ac
484 2137 640 2170 breviter
662 2138 788 2182 dicam,
821 2138 949 2173 eiulatu
974 2146 1096 2174 cuncta
1121 2141 1356 2186 replebantur,
1384 2142 1492 2175 omnis
1521 2140 1708 2186 calamitas,

270 2179 378 2213 omnis
396 2181 567 2214 acerbitas
583 2184 702 2216 urbem
717 2183 916 2218 invadebat.
947 2196 1064 2218 manus
1081 2197 1201 2220 cruore
1218 2186 1404 2231 stillabant,
1420 2186 1526 2231 gladii
1539 2187 1708 2237 sanguine

266 2224 368 2257 tincti
399 2231 513 2269 erant,
545 2227 777 2270 pavimentum
807 2230 975 2264 rubedine
1005 2230 1187 2273 infectum,
1226 2231 1376 2266 infantes
1407 2231 1704 2276 proculcabuntur.

266 2270 404 2303 tandem
427 2281 502 2303 cum
524 2272 656 2315 rapinis
680 2278 716 2307 et
743 2275 906 2308 caedibus
931 2280 1047 2309 essent
1066 2276 1202 2319 satiati,
1233 2278 1352 2310 urbem
1374 2276 1448 2320 igni
1470 2277 1611 2310 tradunt
1627 2281 1664 2311 et
1683 2288 1706 2312 a

266 2315 498 2348 fundamentis
523 2322 680 2361 exurunt,
700 2318 795 2362 prius
815 2319 908 2353 inter
925 2320 1008 2354 alias
1027 2320 1239 2365 splendidam
1263 2327 1299 2355 et
1315 2322 1443 2366 passim
1461 2321 1643 2356 celebrem.

356 2360 435 2393 Hoc
456 2362 555 2395 modo
580 2361 704 2396 bellum
728 2363 819 2397 istud
846 2369 899 2398 est
923 2370 1067 2409 gestum.
1116 2372 1288 2400 caeterum
1311 2367 1450 2400 fortuna
1468 2365 1625 2400 Menelao
1646 2379 1704 2402 se-

264 2404 331 2438 mel
351 2405 529 2448 indignata
549 2407 648 2440 novis
671 2407 746 2441 aliis
767 2409 927 2444 miserum
948 2410 1123 2444 laboribus
1154 2411 1329 2456 opprimit.
1383 2422 1516 2445 rursum
1537 2411 1705 2456 navigare

263 2455 403 2484 coactus
422 2456 477 2484 est
494 2450 597 2485 multo
616 2453 799 2487 remotius:
824 2455 911 2488 aliae
935 2455 1110 2490 molestiae
1132 2456 1199 2489 iam
1222 2462 1301 2490 ante
1325 2455 1497 2490 infelicem
1515 2456 1704 2502 excipiunt,

264 2495 421 2529 nimirum
445 2496 736 2540 Hellesponticam
754 2499 1007 2543 navigationem
1028 2501 1237 2545 Aegyptium
1259 2513 1365 2535 mare.
1412 2513 1489 2535 nam
1507 2502 1704 2546 Aegyptum

264 2551 386 2574 versus
410 2540 533 2574 solvit:
566 2543 710 2586 navigat
732 2544 925 2588 periculosa
955 2557 1018 2589 per
1036 2545 1131 2589 loca,
1160 2551 1196 2580 et
1216 2557 1236 2581 a
1258 2547 1520 2590 tempestatibus
1540 2546 1703 2581 fluctibus

263 2586 447 2630 ventisque
468 2587 632 2631 gravibus
650 2587 797 2622 iactatus
818 2590 877 2623 vix
901 2590 944 2623 ad
966 2602 1040 2624 eam
1058 2591 1211 2635 appellit.
1258 2591 1438 2625 adscendit
1454 2592 1498 2626 ad
1518 2591 1702 2626 Proteum:

268 2631 403 2665 invenit
419 2631 470 2664 ibi
491 2632 669 2676 coniugem
687 2633 723 2666 in
742 2636 826 2668 urbe
843 2635 1077 2679 Memphitica,
1100 2636 1319 2680 hospitioque
1336 2642 1496 2680 acceptus
1515 2637 1703 2671 honorifice

268 2677 395 2722 recipit
410 2676 588 2711 Helenam.
635 2679 756 2713 multos
778 2679 925 2724 denique
943 2685 1024 2724 post
1044 2680 1178 2714 labores
1201 2681 1238 2714 in
1254 2681 1401 2726 patriam
1417 2681 1616 2725 revertitur,
1638 2693 1700 2716 au-

268 2733 346 2756 num
369 2721 436 2756 iam
459 2728 539 2766 post
556 2724 814 2767 occupationem
840 2725 971 2759 Troiae
993 2730 1150 2760 octavum
1177 2738 1283 2770 agens
1304 2726 1340 2760 in
1363 2727 1603 2770 aberratione,
1633 2738 1702 2771 qua

268 2768 313 2801 ad
330 2767 490 2802 Proteum
516 2769 697 2812 pergebat.
742 2769 877 2804 invenit
898 2775 969 2804 tum
989 2772 1130 2805 fratrem
1149 2770 1179 2805 A
1204 2783 1434 2806 amemnonem
1451 2771 1576 2806 misere
1592 2771 1700 2806 truci-

267 2813 383 2847 datum
396 2813 679 2849 sceleratissimae
694 2816 811 2854 uxoris
827 2816 961 2862 fraude,
979 2827 1068 2862 quae
1085 2828 1181 2851 moec
1205 2829 1227 2852 a
1244 2821 1320 2853 erat
1336 2821 1372 2852 et
1388 2816 1523 2863 vipera.
1567 2816 1702 2852 invenit
