1832 3250
282 649 312 682 C

274 1580 305 1615 D

341 191 402 238 16
712 190 1079 236 CONSTANTINI
1109 191 1369 238 MANASSIS

466 306 581 347 τοῦτο
603 303 667 347 καὶ
685 300 808 358 μόνον
830 299 1006 360 φεῦγοιτε
1015 335 1028 355 ,
1061 300 1202 347 τούτου
1222 303 1279 359 μὴ
1298 301 1486 361 ψαῦσητέ
1495 322 1581 360 μοι.
1628 328 1633 346 ;

465 370 491 425 ἦ
512 374 662 424 ψαῦσις
679 372 787 428 φέρει
807 371 879 425 τὴν
900 369 1063 428 φθοράν
1071 402 1086 424 ,
1114 374 1181 414 καὶ
1196 372 1267 426 τὴν
1279 373 1404 428 χολὴν
1419 372 1446 428 ἢ
1464 378 1607 429 γεῦσις.

466 437 516 479 ἂν
537 436 676 479 τούτου
695 436 819 491 μόνον
840 437 1035 494 γεύσησθε
1049 470 1059 487 ,
1092 444 1236 493 πτῶμα
1258 445 1440 484 neceto-‘h
1457 441 1581 497 μέγα·
1618 461 1628 465 ·

359 504 440 547 295
466 508 614 561 πικρῶς
630 504 706 561 γὰρ
727 505 971 561 ὄπωροδοτεῖ
984 508 1050 548 καὶ
1072 505 1251 549 θάνατον
1269 506 1417 564 ἐκφύει.

465 571 513 612 ἂν
532 570 647 614 τοῦτό
665 589 734 626 μοι
757 571 1009 629 φυλάξησθε,
1045 572 1245 630 pungne-9⁶
1262 575 1421 631 κέντρον
1436 573 1589 630 πότμου

463 640 528 681 καὶ
548 639 777 694 πλατυσμὸν
797 639 1040 696 κερδάνησθε
1065 643 1165 696 ζωῆς
1186 640 1482 684 ἀκαταλύτου.”

517 700 597 748 Ἠν
618 711 764 758 ταῦτα,
798 710 864 749 καὶ
883 707 1105 764 πεφόβηντο
1126 709 1194 750 τὸν
1213 708 1328 765 λόγον
1347 710 1384 751 οἶ
1403 707 1601 768 γενάρχαι,

461 772 532 826 τὴν
555 774 715 828 ἀπειλὴν
733 773 948 830 ὖπέτρεμον
957 807 970 826 ,
1003 774 1246 832 ὕπέφρισσον
1262 776 1307 818 τὸ
1328 776 1450 834 ῥῆμα,

357 842 438 881 8οΟ
463 844 528 881 καὶ
546 841 590 882 τὸ
608 842 731 898 φυτὸν
754 840 807 891 ὡς
830 842 1013 895 ἔχθιστον
1032 843 1109 884 ἀπὸ
1130 847 1265 897 ψυχῆς
1285 842 1484 899 ἓστύγουν.

463 907 554 949 ἀλλ’
581 906 601 949 ὅ
623 909 759 951 Σατάν
781 909 1022 962 ἓβάσκαινεν,
1055 909 1195 966 ἴβρυχε
1214 911 1306 961 τοὺς
1325 910 1512 965 ὀδόντας,

464 973 520 1024 ὥς
540 975 734 1031 ἀφριστὴς
756 975 980 1030 ἔθύμαινεν,
1015 975 1069 1027 ὥς
1091 977 1299 1034 ἄγριόὸους
1319 977 1482 1034 κάπρος.

462 1043 618 1094 βλέπειν
637 1044 706 1085 οὐκ
725 1043 860 1100 ἔφερεν
881 1045 1025 1094 αὐτοὺς
1039 1049 1225 1099 βιοῦντας
1245 1043 1300 1095 ὥς
1319 1046 1516 1101 ἀγγέλους.

465 1111 530 1150 καὶ
548 1111 675 1152 τοίνυν
695 1110 860 1167 ὄργανον
876 1112 1000 1154 ἀὐτοῦ
1016 1116 1087 1165 τῆς
1107 1115 1400 1166 κακομηχανίας

358 1176 438 1218 305
464 1175 531 1217 τὸν
552 1176 643 1233 ὅφιν
661 1178 728 1220 τὸν
750 1177 959 1233 δολόμητιν
979 1181 1043 1221 καὶ
1063 1179 1219 1222 σκολιὸν
1237 1178 1416 1235 εὑρίσκει.

461 1243 633 1286 θωπεύει
653 1246 724 1300 τὴν
741 1245 973 1303 προμήτορα
981 1277 994 1298 ,
1030 1249 1197 1288 δείκνυσι
1212 1247 1283 1301 τὴν
1301 1245 1474 1303 ὀπώραν,

461 1312 585 1365 καλὴν
602 1314 696 1354 ἰδεῖν
705 1343 718 1364 ,
752 1314 986 1369 ἐπέραστον,
1018 1312 1240 1368 γεύσασθαι
1259 1331 1482 1369 νεκταρεαν.

461 1377 560 1420 εἶδεν
576 1380 697 1433 ἐκείνη
715 1379 783 1421 τὸν
799 1378 972 1435 καρπόν·
1005 1375 1054 1434 ἦν
1073 1378 1093 1422 ὃ
1114 1380 1263 1436 καρπὸς
1279 1379 1436 1437 ὡραῖος,

453 1447 605 1501 χαρίεις
622 1441 671 1500 ἦν
687 1449 742 1496 εἷς
759 1445 897 1502 ὅρασιν
916 1449 981 1488 καὶ
999 1446 1207 1497 κάλλιστος
1227 1449 1281 1497 εἷς
1298 1453 1440 1503 γεῦσιν.

352 1514 433 1554 310
456 1510 637 1554 ὗπέσαινε
657 1513 728 1567 τὴν
747 1512 898 1569 ὅρασιν,
925 1513 1059 1569 ἔθελγε
1074 1514 1148 1568 τὴν
1171 1516 1351 1570 καρδίαν,

459 1578 568 1635 ἐῴκει
583 1579 865 1636 -ιθέλξικάρδιον
885 1582 1160 1636 γλυκυθυμίαν
1183 1580 1347 1632 στάζειν.

458 1645 574 1696 ἔδειξε
596 1651 733 1689 τοῦτον
750 1646 770 1689 ὃ
789 1646 944 1699 Σατάν,
979 1650 1043 1689 καὶ
1066 1647 1134 1689 τὸν
1151 1652 1224 1689 τοῦ
1243 1647 1362 1691 δόλου
1381 1645 1534 1706 σκύφον

456 1714 630 1769 ἓπὲχρισε
652 1713 878 1768 γλυκάζοντι
895 1715 1021 1768 μέλιτι
1043 1717 1259 1765 κολακείας.

458 1783 614 1836 εἵρπυσε
635 1779 791 1837 δράκων
810 1780 831 1823 ὃ
851 1780 995 1833 δεινός,
1030 1780 1202 1838 ἓσύριξεν
1221 1779 1415 1832 ὖποῦλως.

417 1872 485 1907 292
506 1871 659 1916 φεύγητε
683 1873 788 1907 MRR
888 1875 954 1909 299
975 1871 1199 1920 ὑπέφριττον
1220 1871 1422 1919 ὖπέτρεμον
1444 1873 1478 1909 R
1574 1876 1639 1911 301
1662 1872 1746 1922 ἐβοὶ·

416 1927 541 1962 σκηνεν
562 1917 634 1952 MR
720 1918 788 1953 302
810 1916 987 1963 ἀφριστήρ
1010 1920 1040 1954 Α
1127 1917 1309 1964 α’γριοόδης
1333 1917 1438 1955 MRR
1525 1921 1593 1956 303
1607 1919 1746 1962 αὐτοὺς

417 1960 485 1996 οὐκ
506 1960 608 2007 ἔφερε
630 1963 668 1997 Μ
799 1975 834 1998 v.
859 1965 926 1999 307
950 1974 1003 1998 om
1027 1965 1066 1999 M
1206 1966 1273 2000 309
1294 1964 1356 1999 καὶ
1375 1963 1586 2010 κάλλιστος]
1609 1967 1746 2010 χαρίεις

414 2002 462 2051 ἦν
483 2008 549 2042 RR
680 2009 748 2044 310
769 2005 913 2043 ἐπένευε
934 2009 1003 2044 ΑΜ
1133 2010 1201 2045 318
1220 2007 1390 2054 ὑπέχρισε
1410 2010 1464 2055 R,
1488 2007 1626 2056 ἐπέχριε
1642 2012 1745 2048 AMR

417 2052 485 2087 314
504 2050 638 2097 ἤρπυζε
660 2059 696 2088 et
716 2051 872 2098 ἐσύριζεν
893 2054 966 2089 MR

329 2143 438 2178 quam,
460 2131 525 2165 hoc
545 2131 674 2176 fugite=
698 2144 742 2166 ne
763 2131 846 2166 illud
865 2130 948 2172 mihi
973 2129 1168 2176 attigeritis.
1214 2129 1286 2167 eius
1310 2135 1484 2168 contactus
1509 2131 1683 2168 interitum
1709 2138 1746 2168 et

327 2182 446 2222 gustus
470 2176 517 2210 fel
538 2188 664 2211 merum
686 2178 819 2211 afferet.
864 2176 988 2210 iccirco
1011 2177 1041 2210 si
1063 2178 1106 2211 de
1129 2177 1194 2211 hoc
1215 2178 1435 2221 gustaveritis
1448 2204 1458 2221 ‚
1491 2179 1598 2213 ruetis
1619 2179 1655 2212 in
1681 2190 1741 2212 en«

326 2229 395 2263 tem
417 2222 559 2255 ruinam.
604 2222 693 2255 idem
714 2222 745 2255 si
767 2221 979 2265 vitaveritis,
1003 2221 1170 2256 stimulum
1192 2223 1310 2256 mortis
1334 2223 1505 2267 effugietis
1528 2228 1564 2257 et
1584 2235 1659 2268 amp
1674 2224 1741 2258 itu-

326 2267 439 2304 dinem
467 2266 559 2300 vitae
590 2278 659 2322 non
685 2267 854 2301 finiendae
882 2265 1105 2301 lucrabimini.
1152 2268 1222 2301 fert
1251 2267 1340 2302 enim
1370 2269 1516 2302 fructum
1537 2279 1685 2302 amarum
1707 2272 1744 2302 et

325 2318 466 2346 mortem
487 2308 617 2355 ipsam‚'

413 2356 628 2390 Eveniebant
656 2353 741 2389 haec
770 2355 838 2390 ita:
866 2357 1112 2395 reverebantur
1136 2356 1223 2390 hanc
1246 2357 1433 2391 orationem
1455 2360 1611 2391 auctores
1633 2357 1743 2391 nostri

324 2401 479 2447 generis3
501 2402 655 2434 arborem
677 2399 795 2443 istam,
816 2400 911 2435 velut
932 2401 1204 2445 infestissimam,
1229 2414 1270 2436 ex
1290 2402 1400 2436 animo
1425 2403 1579 2438 oderant.
1624 2413 1743 2436 verum

322 2446 500 2481 invidebat
519 2445 683 2479 Satanas:
716 2446 884 2480 fremebat
905 2447 1081 2490 dentibus,
1113 2446 1221 2480 instar
1242 2447 1318 2491 apri
1339 2447 1525 2491 spumantis
1549 2451 1585 2481 et
1605 2447 1743 2481 efferati

323 2490 610 2527 excandescebat:
633 2488 751 2524 videre
774 2502 842 2524 non
864 2496 1000 2535 poterat
1022 2496 1060 2525 ut
1082 2491 1276 2535 angelorum
1297 2503 1390 2526 more
1413 2492 1584 2526 viverent.
1624 2492 1743 2537 itaque

321 2536 507 2571 sceleratae
539 2535 793 2576 machinationis
825 2544 906 2569 suae
935 2535 1192 2570 instrumentum
1221 2542 1414 2581 serpentem
1436 2536 1684 2575 fraudulentum
1706 2540 1743 2572 et

321 2587 510 2615 tortuosum
531 2581 674 2615 invenit.
705 2580 860 2614 adulatur
880 2580 1008 2625 primae
1031 2581 1199 2615 hominum
1225 2582 1342 2615 matri:
1364 2582 1510 2615 fructum
1533 2583 1743 2620 demonstrat

322 2628 486 2671 adspectu
507 2626 703 2669 iucundum,
733 2631 870 2670 gustatu
892 2637 1050 2670 suavem,
1081 2632 1287 2661 nectareum.
1332 2627 1484 2667 intuetur
1505 2627 1651 2661 fructum
1672 2626 1741 2669 illa,

324 2671 384 2717 qui
405 2676 554 2705 maturus
577 2675 668 2713 erat,
691 2675 806 2715 gratus
830 2671 1023 2715 adspectui,
1058 2673 1165 2707 bonus
1188 2673 1230 2706 ad
1252 2673 1469 2712 vescendum.
1515 2671 1688 2706 arridebat
1708 2671 1741 2704 is

324 2715 429 2751 oculis
440 2741 450 2760 ,
471 2726 530 2749 cor
551 2715 776 2750 demulcebat:
800 2712 980 2750 videbatur
998 2716 1207 2760 dulcedinem
1222 2718 1386 2762 quandam
1403 2716 1498 2750 cordi
1515 2722 1645 2761 gratam
1664 2715 1739 2750 stil-

323 2761 407 2798 lare.
448 2761 596 2795 ostendit
613 2765 648 2794 et
665 2761 809 2795 Satanas
832 2759 882 2794 eis
904 2760 1058 2805 poculum
1081 2761 1224 2806 fraudis,
1246 2766 1349 2807 atque
1370 2761 1450 2795 illud
1474 2761 1564 2796 dulci
1585 2766 1739 2795 assenta-

324 2806 427 2840 tionis
449 2805 547 2842 melle
567 2802 713 2842 inunxit.
758 2806 919 2851 serpebat
940 2802 997 2840 ille
1020 2807 1122 2842 draco
1145 2806 1362 2852 ingeniosus,
1393 2806 1552 2846 sibilabat
1581 2805 1739 2841 molliter.
