1832 3250
456 189 830 238 comPENDIUM
875 191 1223 238 CHRONICUM.

249 307 297 352 τὸ
319 307 364 352 δὲ
383 309 455 363 τῆς
473 303 601 363 λύπης
619 304 747 350 αἶ’τιον
763 309 838 362 τῆς
856 309 1000 349 τοῦτον
1017 304 1265 364 πικρανάσης

251 375 274 419 ὅ
296 372 577 430 Παλαμήδους
597 372 722 432 φόνος
739 367 790 430 ἦν
811 374 959 425 ἀδίκως
979 374 1189 426 ὀλωλότος.

250 443 298 489 τὸ
318 444 364 487 δ’
386 442 496 494 ὅπως
512 443 666 500 γέγονε,
700 444 768 485 καὶ
787 443 848 493 τίς
867 440 889 484 ὃ
907 441 1180 495 συσκευάσας,
1214 442 1327 495 λέξω.

309 509 362 556 Ὅ
382 509 580 567 νησιώτης
589 510 809 561 Ὀδυσσεὺς
824 510 928 554 κατὰ
949 515 1023 554 τοῦ
1042 510 1324 566 Παλαμήδους

117 578 225 624 1285
250 577 452 623 ἄσπονδον
469 586 589 635 μῖσος
608 578 747 638 ξ’τρεφε
772 581 840 622 καὶ
864 577 1024 637 φθόνον
1046 581 1088 622 ἐκ
1114 581 1297 636 καρδίας,

248 646 310 691 ὅτι
332 647 444 705 παρὰ
460 654 545 698 τοῖς
555 646 751 704 ’Ἕλλησιν
768 642 819 703 ἦν
839 645 1122 703 Παλαμήδους
1144 648 1257 698 κλέος

247 717 316 759 καὶ
334 715 479 767 πάντες
498 713 639 774 οἷάπερ
662 720 749 775 θεῷ
764 716 1023 775 προσέχοντες
1038 717 1172 773 ἐκείνῳ

249 784 472 842 καρδιακὴν
493 783 567 840 τὴν
586 784 687 842 πρὸς
704 784 827 827 αὐτὸν
843 783 1072 842 ·ι“ιπέ’τρεφονΙ
1086 782 1271 841 ἀγάπην.-

250 854 317 895 nal
337 852 416 910 γὰρ
435 853 614 910 προέγνω
634 857 708 896 τοῦ
728 857 872 907 λοιμοῦ
890 852 936 896 τὸ
956 854 1075 908 βέλος
1094 852 1139 895 τὸ
1157 849 1382 910 πυρφόρον,

118 920 228 963 1290
248 921 316 964 καὶ
334 925 433 964 πᾶσι
454 919 725 979 προεμήνυσεν
735 919 945 977 ιΕλλήνων
965 919 1264 979 στρατιάρχαις,

249 989 319 1032 καὶ
335 987 496 1032 πάντων
511 988 664 1033 τούτων
682 993 741 1047 τῷ
760 994 872 1048 κακῷ
887 994 1039 1047 πικρῶς
1054 990 1339 1045 δαμαζομένων

249 1056 396 1108 ἐκεῖνος
419 1055 648 1115 διετήρησεν
661 1057 864 1113 ’Έλληνας
882 1057 1154 1114 ἀπημάντους,

249 1123 296 1168 τὸ
317 1126 392 1180 μὲν
406 1123 694 1180 ὕποτιθέμενος
707 1129 773 1169 καὶ
792 1125 924 1183 λόγοις
945 1128 1203 1184 καταρτίζων,

251 1192 299 1238 τὸ
323 1194 368 1236 δὲ
387 1195 455 1237 καὶ
475 1193 707 1251 πράγμασιν
728 1196 864 1246 αὐτοῖς
885 1194 1085 1238 διδάσκων
1102 1195 1148 1238 τὸ
1174 1192 1395 1253 συμφέρον.

119 1261 226 1305 1295
250 1261 294 1304 ἔκ
313 1259 457 1305 τούτου
476 1264 609 1306 τοίνυν
628 1263 848 1314 Ὀδυσσεὺς
862 1262 1020 1319 ἐτήκετο
1043 1267 1101 1322 τῷ
1117 1262 1275 1321 φθόνῳ,

250 1330 409 1385 βλέπων
426 1328 766 1388 ὗπερφιλούμενον
784 1336 882 1375 πᾶσι
903 1332 972 1375 τὸν
992 1330 1266 1386 Παλαμήδην,

253 1397 375 1441 αὐτὸν
399 1398 443 1441 δὲ
458 1398 713 1454 νομιζόμενον
735 1398 790 1450 ὡς
814 1401 881 1442 ἵνα
901 1405 981 1443 τῶν
1000 1405 1072 1443 τοῦ
1092 1398 1291 1455 πλήθους.

252 1467 437 1509 ἐντεῦθεν
455 1466 599 1517 δόλους
619 1467 737 1524 ἤρτυε
762 1470 828 1510 καὶ
850 1470 1202 1525 μηχανορραφιάς,

253 1535 320 1577 καὶ
339 1533 595 1588 συνεσκεύαζε
613 1535 769 1589 βουλὰς
789 1535 952 1593 πλήρεις
967 1537 1250 1593 συκοφαντίας.

120 1603 230 1646 1300
253 1606 327 1646 τοῦ
344 1603 417 1657 μὲν
441 1597 512 1646 οὗν
529 1602 831 1661 καρτερόχειρος
854 1603 1052 1661 παρόντος
1066 1605 1276 1658 Ἀχιλλέως

251 1668 483 1728 ἠπράκτουν
502 1671 553 1714 τὰ
572 1670 830 1725 βουλεύματα
848 1672 994 1722 παιδὸς
1010 1676 1084 1713 τοῦ
1099 1674 1323 1728 Λαερτίου,

252 1740 321 1782 καὶ
341 1743 421 1782 πᾶν
442 1739 489 1782 τὸ
509 1737 771 1796 τυρευόμενον
792 1739 896 1782 κατὰ
918 1744 990 1782 τοῦ
1009 1739 1293 1795 Παλαμήδους

251 1809 319 1850 καὶ
336 1806 776 1865 μηχανορραφοῦμενον
795 1803 845 1863 ἦν
864 1806 920 1859 ὥς
938 1806 1116 1865 ἀράχνης
1134 1813 1264 1863 νῆμα·

253 1872 310 1926 ὥς
328 1875 372 1918 δ’
390 1876 610 1931 Ἀχιλλεῦς
626 1877 848 1920 ἀπέσταλτο
869 1877 944 1920 σῦν
962 1876 1098 1928 ἄλλοις
1120 1877 1347 1934 ἀριστεῦσιν

1496 190 1563 239 57

211 2005 300 2041 1285
314 2000 478 2042 ἄσπετον
496 2008 528 2041 A
687 2007 774 2042 1291
799 2005 920 2054 τούτῳ
939 2006 1114 2054 interpres
1252 2007 1342 2043 1292
1363 2003 1565 2051 συνετήρη-

209 2060 273 2086 σευ
293 2051 358 2087 ΑΒ.
493 2051 582 2088 1304
603 2051 791 2099 βασιλεῦσι
809 2053 841 2089 Α

117 2174 191 2199 mos
214 2165 340 2200 erexit.
386 2165 514 2201 doloris
538 2170 650 2202 autem
672 2178 787 2210 causa,
812 2165 872 2212 qui
896 2166 987 2201 hunc
1010 2166 1248 2210 exacerbarat,
1272 2168 1349 2200 erat
1372 2164 1568 2201 Palamedis

117 2210 244 2246 caedes
259 2210 389 2246 iniuste
410 2212 538 2248 necati.
584 2213 694 2248 dicam
713 2225 799 2247 vero
823 2212 882 2257 qui
901 2213 966 2246 hoc
988 2214 1128 2256 factum,
1151 2217 1187 2246 et
1207 2211 1284 2266 quis
1308 2216 1429 2246 auctor
1445 2211 1567 2246 fuerit.

208 2255 355 2300 Ulysses
373 2269 418 2292 ex
434 2257 545 2293 insula
562 2264 662 2294 natus
680 2260 847 2294 adversus
862 2258 1078 2293 Palamedem
1094 2257 1208 2292 odium
1222 2256 1436 2303 implacabile
1453 2257 1570 2291 alebat

119 2305 157 2337 et
172 2300 338 2336 invidiam
356 2315 400 2338 ex
417 2303 485 2338 imo
503 2305 608 2339 corde
627 2310 846 2350 conceptam3
864 2304 970 2348 idque
987 2309 1174 2349 propterea
1192 2305 1284 2348 quod
1303 2304 1393 2349 apud
1412 2304 1570 2337 Graecos

118 2346 319 2382 Palamedes
336 2348 493 2394 floreret,
511 2351 672 2395 quodque
691 2351 806 2385 cuncti
827 2351 871 2384 ad
893 2350 1004 2395 ipsum
1022 2349 1166 2384 intentis
1189 2349 1322 2394 animis,
1343 2355 1505 2393 tanquam
1525 2350 1570 2383 ad

119 2392 231 2437 deum,
252 2393 372 2428 intimo
392 2395 545 2440 pectoris
566 2407 682 2430 amore
700 2396 869 2430 hominem
888 2395 1209 2440 complecterentur.
1256 2407 1333 2429 nam
1353 2406 1570 2439 praecogno-

118 2443 220 2473 verat
233 2439 344 2484 pestis
358 2441 512 2475 ardentis
526 2441 644 2486 telum,
667 2453 810 2487 eamque
829 2441 895 2476 toti
912 2443 1124 2476 Graecorum
1143 2441 1312 2475 exercitui
1333 2440 1569 2486 praedixerat.

120 2494 265 2529 cumque
283 2496 400 2520 omnes
418 2488 462 2522 ab
486 2487 552 2521 hoc
572 2487 660 2522 malo
683 2489 809 2522 acerbe
831 2487 1090 2532 affligerentur,
1113 2487 1190 2533 ipse
1214 2488 1370 2521 Graecos
1393 2486 1531 2520 illaesos
1550 2497 1572 2520 a

119 2533 222 2574 peste
246 2537 467 2576 servaverat,
498 2534 624 2578 partim
652 2532 703 2568 eis
733 2533 913 2568 consulens
946 2538 982 2567 et
1002 2533 1157 2567 homines
1177 2532 1334 2567 oratione
1352 2532 1571 2575 confirmans,

120 2573 247 2627 partim
266 2575 344 2620 ipsa
365 2588 406 2611 re
427 2579 555 2613 docens
579 2578 662 2624 quid
686 2579 900 2624 potissimum
923 2580 1144 2614 conduceret.
1191 2578 1272 2612 hinc
1292 2578 1400 2623 igitur
1422 2577 1570 2622 Ulysscs

119 2619 256 2654 invidia
279 2621 471 2668 flagrabat,
499 2635 574 2659 cum
603 2623 821 2659 Palamedem
849 2625 1073 2659 vehementer
1093 2624 1192 2668 diligi
1216 2631 1394 2666 cerneret,
1428 2635 1467 2657 se
1485 2635 1571 2657 vero

119 2663 244 2699 haberi
260 2668 420 2720 tanquam
437 2679 541 2704 unum
556 2671 600 2704 de
621 2669 735 2715 plebe.
770 2683 813 2705 ex
832 2683 873 2704 eo
892 2676 1047 2716 tempore
1068 2671 1208 2705 fraudes
1231 2681 1272 2703 ac
1293 2668 1487 2704 molitiones
1506 2680 1570 2703 ne-

120 2711 238 2745 ctebat
247 2711 458 2758 consiliaque
469 2714 656 2750 calumniae
669 2715 772 2761 plena
782 2717 942 2762 parabat.
961 2728 1080 2751 verum
1099 2715 1260 2760 quamdiu
1276 2717 1440 2750 robustus
1450 2714 1566 2749 Achil-

120 2755 171 2790 lea
190 2756 331 2800 aderat,
353 2757 438 2791 nihil
457 2760 599 2805 efficere
623 2761 766 2796 consilia
788 2761 851 2796 filii
870 2762 1009 2796 Laertia
1030 2766 1210 2807 poterant,
1244 2773 1309 2796 nec
1329 2772 1446 2795 eorum
1469 2759 1569 2804 quic-

119 2811 222 2846 quam
246 2812 335 2846 quae
358 2808 479 2839 contra
491 2803 708 2842 Palamedem
729 2808 971 2842 struebantur:
1005 2819 1082 2842 nam
1129 2808 1263 2841 uodcun
1288 2818 1332 2841 ue
1352 2807 1568 2847 nectebatur,

120 2851 200 2882 erat
214 2845 328 2884 instar
341 2847 434 2884 telae
449 2860 610 2887 araneae.
655 2863 775 2889 verum
789 2858 1013 2901 posteaquam
1019 2853 1106 2890 Ach'
1133 2864 1171 2889 es
1182 2864 1257 2890 cum
1287 2852 1407 2888 ucibus
1420 2850 1567 2886 caeteris

1585 723 1690 759 1³27
