1924 3242
437 151 929 233 CHRONOGRAPHIL
943 186 1368 232 COMPENDIARIA.
1557 181 1623 230 43

112 324 127 344 ι
174 302 305 361 ms}
325 300 588 360 ἀνεχώρησεν,
616 295 665 345 οὗ
687 298 1023 360 ἀναχωρήσαντος
1042 301 1202 360 Πέτρος
1223 300 1244 345 ὅ
1266 300 1458 360 Κναφεῦς
1476 316 1624 358 τυραν-

0 393 15 425 >54
173 375 292 424 ναῦς
317 375 378 430 τῷ
401 369 542 430 θρόνῳ
574 369 840 426 ἔπεπήδησεν·
877 369 985 422 ὅστις
1005 370 1250 428 Μαρτόριος
1265 375 1423 428 πρῶτος
1441 367 1624 426 ἔπενόησε

173 440 220 484 τὸ
239 438 371 498 μύρον
393 441 435 483 ἓν
455 444 506 498 τῇ
525 441 712 499 ἐκκλησίᾳ
731 441 793 481 ἐπὶ
811 438 960 489 παντὸς
978 443 1052 481 τοῦ
1072 442 1174 482 λαοῦ
1195 436 1430 495 ἇγιάζεσθαι
1445 471 1459 491 ‚
1497 440 1563 482 καὶ
1585 439 1626 482 ἔν

174 507 323 566 ἑκάστῃ
352 509 448 566 εὗχῇ
473 508 546 563 τὴν
568 507 761 551 θεοτόκον
784 506 1055 562 ὀνομάζεσθαι
1065 539 1078 559 ,
1112 510 1178 550 καὶ
1203 509 1244 550 ἐν
1268 507 1378 566 πάσῃ
1401 506 1560 559 συνάξει
1581 507 1630 550 τὸ

117 575 380 632 ’ὄσῦμβολον
407 581 480 633 τῆς
507 578 676 627 πίστεως
707 578 917 633 λέγεσθαι,
964 574 1158 632 πρότερον
1189 575 1246 631 μὴ
1279 576 1488 633 λεγόμενον
1518 578 1554 619 εἳ
1571 575 1631 631 μὴ

174 645 285 698 ἅπαξ
306 650 380 689 τοῦ
402 647 586 689 ἐνιαυτοῦ
611 646 651 688 ἐν
675 650 726 703 τῇ
745 644 899 702 μεγάλῃ
925 647 1174 702 παρασκευῇ.
1243 646 1310 687 καὶ
1334 643 1536 702 Βαρνάβα
1558 647 1633 687 τοῦ

175 712 402 758 ἀποστόλου
434 714 480 758 τὸ
512 716 704 769 λείψανον
732 713 880 772 εὖρέθη
914 712 993 755 ὑπὸ
1021 713 1185 770 δένδρον
1210 715 1421 771 κερασίαν,
1456 713 1546 767 ἕχον
1570 714 1634 755 ἐπὶ

175 781 357 837 στήθους
375 783 421 826 τὸ
443 783 547 826 κατὰ
567 786 796 827 Ματθαῖον
818 783 1044 838 εὐαγγέλιον
1065 779 1303 839 ἲδιόγραφον
1323 786 1397 824 τοῦ
1418 780 1634 838 Βαρνάβα.

175 851 219 902 ἐξ
237 845 287 906 ἧς
307 850 551 910 προφάσεως
576 850 870 909 παραγεγόνασι
891 848 1069 907 Κύπριοι
1101 854 1176 893 τοῦ
1207 850 1265 905 μὴ
1287 854 1413 893 τελεῖν
1444 848 1523 892 ὑπὸ
1539 849 1628 892 Ἆν-
1654 848 1684 885 0

122 917 351 974 1οτιόχειαν
371 919 445 975 τὴν
468 919 563 963 κατ’
590 919 736 970 αὐτοὺς
755 917 1015 978 μητρόπολιν.
1065 916 1162 976 ὅπερ
1188 918 1414 975 εὐαγγέλιον
1438 918 1636 961 &nore-9⁸¹2»

173 988 287 1045 παρὰ
309 987 499 1044 Ζήνωνος
521 989 562 1031 ἓν
583 993 642 1046 τῷ
668 990 852 1046 παλατίῳ
883 990 939 1039 εἷς
968 987 1038 1030 τὸν
1066 987 1164 1030 ναὸν
1192 992 1266 1030 τοῦ
1285 986 1398 1044 ἁγίου
1422 986 1633 1045 Στεφάνου

173 1055 484 1113 ἀναγινώσκεται
505 1057 598 1100 κατ’
623 1057 804 1100 ἐνιαυτὸν
823 1061 874 1114 τῇ
894 1055 988 1117 ἁγίᾳ
1010 1054 1165 1113 μεγάλῃ
1187 1056 1360 1114 πέμπτῃ.

309 1125 436 1170 Μετὰ
463 1127 508 1168 δὲ
535 1123 708 1179 Ζήνωνα
741 1127 998 1180 ἐβασίλευσεν
1018 1123 1282 1176 Ἀναστάσιος
1310 1123 1331 1167 ὃ
1354 1125 1531 1182 Δι’κορος
1553 1122 1632 1166 ἀπὸ

175 1195 403 1248 σελεντίων,
436 1198 518 1237 τῶν
544 1193 777 1251 Ἀκεφάλων
806 1196 872 1236 καὶ
903 1193 1026 1244 αὐτὸς
1047 1193 1126 1245 ὤν,
1162 1192 1229 1248 ἴτη
1253 1191 1324 1249 ιγ’·
1359 1193 1404 1244 ὃς
1424 1191 1501 1236 εἶδε
1524 1191 1631 1235 καθ’

124 1273 167 1309 15
176 1260 326 1313 ὕπνους
344 1260 521 1320 φοβερόν
539 1279 629 1304 τινα
647 1266 698 1318 τῇ
713 1265 818 1319 χειρὶ
837 1263 1055 1315 κατέχοντα
1083 1259 1238 1304 κώδικα
1267 1262 1538 1319 γεγραμμένον
1567 1262 1636 1304 καὶ

175 1331 342 1388 λέγοντα
363 1331 476 1390 αὐτῷ
491 1329 611 1372 “Mod
637 1331 705 1373 διὰ
724 1330 798 1385 τὴν
820 1330 1007 1372 ἀπιστίαν
1025 1346 1099 1372 σου
1122 1329 1332 1386 ἄπαλείφω
1351 1334 1423 1385 τῆς
1437 1334 1512 1385 σῆς
1534 1331 1637 1384 ζωῆς

110 1451 118 1457 ,
177 1398 246 1455 ἴτη
270 1399 368 1442 ιδ’.”
438 1401 505 1442 καὶ
525 1403 709 1456 βροντῶν
728 1400 794 1440 καὶ
818 1398 1035 1454 ἀστραπῶν
1055 1397 1168 1454 παρὰ
1190 1397 1235 1439 τὸ
1254 1397 1451 1440 παλάτιον
1473 1398 1636 1453 γενομέ-

175 1484 270 1520 νων,
297 1469 365 1511 καὶ
389 1472 463 1511 τοῦ
479 1468 680 1521 βασιλέως
699 1464 934 1520 μονωτάτου
956 1466 1298 1523 καταλειφθέντος
1318 1468 1386 1508 καὶ
1410 1466 1488 1508 ἀπὸ
1511 1465 1635 1508 τόπου
1659 1471 1691 1506 D

178 1538 235 1587 εἲς
253 1535 378 1579 τόπον
399 1534 637 1594 φεύγοντος,
671 1536 712 1577 ἓν
733 1533 790 1577 ἕνὶ
807 1539 888 1577 τῶν
907 1536 1172 1577 κοιτωνίσκων
1196 1533 1369 1589 (’Ώατον
1393 1536 1435 1577 δὲ
1457 1535 1638 1591 ἐλέγετο)

123 1605 397 1659 Ξοκατέλαβεν
420 1603 543 1647 αὗτὸν
560 1601 587 1658 ἦ
607 1601 706 1660 ὀργή
716 1635 729 1654 ,
764 1601 864 1645 ὥστε
893 1603 1094 1659 αἰφνίδιον
1114 1601 1329 1658 εὑρεθῆναι
1350 1602 1501 1660 νεκρόν.
1537 1605 1641 1661 φασὶ

181 1674 226 1716 δὲ
238 1673 342 1728 μετὰ
358 1671 404 1715 τὸ
423 1675 601 1729 ταφῆναι
616 1671 718 1725 μεθ’
741 1669 895 1727 ἡμέρας
912 1675 1016 1724 βοᾶν
1028 1668 1250 1724 “il-evictam&
1264 1688 1313 1724 με
1331 1673 1395 1714 καὶ
1418 1672 1638 1721 avosgauP

179 1745 260 1785 τῶν
287 1741 573 1798 μνημοναρίων
605 1740 650 1782 δὲ
680 1737 869 1782 εἰπόντων
891 1737 1046 1788 “ἇ’λλος
1073 1737 1276 1793 βασιλεύει
1286 1739 1323 1791 ,²²
1355 1741 1475 1782 εἷπεῖν
1492 1738 1640 1783 “ovid-‘fv

275 1850 319 1886 17
340 1846 424 1894 περὶ
434 1848 454 1883 ?

181 1940 438 1988 perversitatem
454 1939 654 1985 episcopatu
670 1950 745 1974 sese
761 1939 909 1983 abdicat,
932 1939 1114 1984 statimque
1128 1939 1253 1974 Petrus
1270 1938 1449 1984 Cnapheus
1463 1937 1643 1983 tyrannice

180 1999 220 2022 se
234 1986 270 2021 in
284 1986 398 2021 sedem
413 1986 501 2020 illam
516 1986 666 2021 intrusit.
713 1986 898 2030 Martyrius
920 1985 986 2019 olei
1010 1985 1178 2019 unctionis
1202 1985 1487 2019 consecrationem
1503 1983 1643 2018 solemni

181 2033 251 2068 ritu
263 2032 299 2066 in
313 2038 498 2077 conspectu
514 2031 628 2076 populi
644 2031 782 2076 peragi,
817 2036 853 2065 et
866 2032 902 2064 in
917 2042 1118 2076 unaquaque
1134 2032 1330 2076 precatione
1348 2031 1402 2064 dei
1416 2030 1531 2064 matris
1545 2041 1642 2063 men-

180 2078 306 2114 tionem
320 2078 410 2122 fieri,
431 2089 563 2112 necnon
577 2077 613 2111 in
630 2077 781 2121 quolibet
796 2082 964 2111 conventu
979 2077 1167 2120 symbolum
1184 2076 1262 2111 fidei
1278 2075 1427 2119 recitari,
1442 2075 1532 2121 quod
1573 2075 1643 2108 rius

182 2123 317 2159 nonnisi
330 2135 452 2168 magna
465 2133 650 2169 parasceue
664 2123 766 2157 semel
781 2134 868 2156 anno
886 2122 1063 2157 dicebatur
1074 2149 1085 2165 ,
1109 2122 1237 2168 primus
1252 2122 1410 2156 instituit.
1456 2121 1537 2155 item
1584 2132 1642 2155 ar-

183 2170 294 2205 tabae
309 2169 454 2216 apostoli
470 2179 604 2214 corpus,
628 2168 662 2202 in
678 2169 773 2203 cuius
787 2174 926 2214 pectore
941 2168 1110 2202 Matthaei
1125 2167 1338 2212 evangelium
1353 2167 1492 2214 propria
1507 2167 1641 2201 Barna-

182 2216 250 2252 bae
270 2227 370 2250 manu
392 2212 569 2250 exaratum
588 2219 681 2256 erat,
718 2215 781 2248 sub
804 2215 927 2248 arbore
953 2225 1068 2248 ceraso
1087 2213 1259 2248 inventum
1274 2218 1339 2250 est.
1384 2214 1447 2247 hac
1463 2212 1642 2247 occasione

185 2261 309 2307 Cyprii
329 2273 350 2295 a
370 2261 507 2307 propria
530 2260 708 2305 metropoli
724 2260 905 2294 Antiochia
925 2271 963 2293 se
988 2264 1194 2295 exemerunt.
1241 2259 1451 2304 evangelium
1466 2270 1487 2292 a
1501 2258 1643 2293 Zenone

183 2307 219 2342 iu
232 2307 355 2388 templlo
370 2306 480 2341 sancti
494 2306 662 2352 Stephani
684 2306 721 2340 in
746 2306 875 2351 palatio
900 2305 1099 2341 collocatum
1122 2305 1266 2350 singulis
1288 2306 1385 2340 annis
1409 2315 1532 2351 magna
1556 2304 1643 2339 feria

209 2351 301 2387 :unm
370 2353 448 2387 'tun

184 2363 208 2399 q
277 2364 380 2433 Pei?
375 2397 545 2432 Zenonem
566 2397 600 2432 iu
623 2397 798 2444 imperium
816 2397 978 2431 suffectus
998 2400 1050 2431 est
1065 2396 1264 2431 Anastasius
1280 2395 1427 2430 Dicorus
1447 2408 1467 2430 e
1484 2396 1645 2431 Silentia-

188 2442 259 2486 riis,
280 2444 525 2490 Aoephalorum
539 2448 655 2478 sectae
670 2448 705 2478 et
719 2444 792 2490 ipse
807 2443 972 2477 addictus.
1017 2443 1179 2487 regnavit
1195 2453 1300 2477 annos
1315 2442 1491 2477 tredecim.
1539 2443 1568 2476 is
1583 2454 1646 2488 per

189 2489 339 2535 quietem
355 2489 438 2524 vidit
451 2489 633 2524 terribilem
650 2489 770 2534 virum,
794 2489 852 2535 qui
872 2489 1022 2524 codicem
1037 2489 1196 2534 scriptum
1211 2499 1311 2522 manu
1327 2489 1473 2530 ferebat,
1497 2488 1646 2534 dixitque

190 2535 261 2590 ipsi
280 2531 302 2546 ‘⁸
314 2545 357 2569 eu
403 2539 519 2581 ropter
542 2540 631 2570 tuam
648 2536 751 2570 fidem
775 2546 969 2581 perversam
990 2535 1087 2569 deleo
1103 2535 1147 2568 de
1161 2535 1233 2569 vita
1249 2538 1307 2568 tua
1322 2545 1427 2568 annos
1442 2535 1648 2579 quatuorde-

190 2576 294 2615 c1m.”
335 2591 390 2614 mu
403 2580 448 2614 tis
470 2592 573 2626 porro
589 2581 749 2616 tonitruis
766 2581 1022 2626 fulgoribusque
1039 2591 1112 2614 cum
1128 2584 1327 2625 quateretur
1342 2580 1502 2625 palatium
1515 2606 1525 2622 ‚
1559 2580 1650 2614 solus

190 2626 375 2672 imperator
393 2625 529 2660 relictus
549 2627 626 2662 binc
650 2633 752 2672 atque
775 2627 853 2661 inde
875 2638 1073 2673 pererrans,
1109 2626 1292 2661 subsidium
1314 2625 1378 2660 sibi
1400 2626 1435 2659 in
1450 2630 1545 2659 tanto
1562 2626 1649 2660 malo

191 2681 331 2718 parans,
345 2671 480 2705 tandem
494 2681 567 2706 cum
582 2672 618 2706 in
633 2673 820 2708 cubiculum
836 2673 962 2707 Oatum
979 2673 1105 2707 dictum
1121 2683 1159 2706 se
1174 2671 1384 2713 contulisset,
1401 2671 1535 2705 divinae
1548 2670 1647 2705 iusti-

191 2718 262 2752 tiae
301 2727 404 2751 cenas
418 2716 523 2761 dedit,
538 2717 586 2752 ita
600 2722 640 2752 ut
654 2719 814 2753 exanimis
830 2718 1005 2752 confertim
1021 2717 1200 2752 corruerit.
1224 2717 1371 2751 nonnulli
1388 2717 1524 2751 tradunt
1539 2717 1647 2761 primo

191 2774 255 2808 sep
291 2767 389 2797 turae
403 2761 460 2797 die
474 2762 589 2808 elapso
604 2775 722 2798 vocem
736 2764 919 2799 intonuisse
940 2760 960 2774 “
971 2762 1170 2798 miseremini
1185 2762 1263 2807 mei,
1280 2767 1316 2797 et
1330 2768 1447 2808 portas
1461 2758 1648 2796 reserate.'’

191 2811 230 2842 at
243 2808 308 2843 illis
322 2807 381 2853 qui
395 2807 588 2866 sepulturae
603 2819 717 2844 curam
731 2811 897 2854 gerebant
919 2809 1109 2845 dicentibus
1131 2805 1152 2819 “
1164 2809 1248 2843 alius
1275 2819 1364 2843 nunc
1386 2809 1570 2854 imperator
1593 2818 1649 2841 re-

193 2865 266 2890 rum
282 2854 434 2900 potitur,
447 2851 457 2865 '
481 2854 656 2900 respondit
677 2851 790 2890 “nihil
813 2855 891 2890 mihi
915 2866 1016 2890 curae
1040 2858 1109 2890 est:
1135 2854 1167 2890 in
1189 2854 1424 2891 monasterium
1441 2853 1600 2890 abducite
1615 2856 1650 2888 et
