1832 3250
331 204 394 250 30
710 207 1077 255 CONSTANTINI
1088 204 1095 207 ⁴
1106 212 1372 259 'MANASSIS

214 320 243 353 P
268 321 312 357 14
463 314 948 376 ὄρχηστοφιλοπαίγμονα,
980 324 1105 375 ζῶντα
1124 328 1437 385 γυναικομίμοις,

461 385 586 425 αὐτοῦ
605 387 974 443 καταφρονήσαντες
995 389 1050 441 ὥς
1071 397 1408 451 μαλακοκαρδιόυ,

444 451 642 506 ,ἐπῆλθον
653 454 1002 511 ἐκστρατεύσαντες
1020 460 1061 500 ἓν
1075 464 1228 520 βριαρᾷ
1250 461 1412 519 δυνάμει
1421 494 1435 514 ,

351 520 432 560 630
457 521 524 561 καὶ
546 523 835 574 συμπλακέντες
854 529 913 581 τῷ
933 531 1093 584 στρατῷ
1113 533 1170 584 τῷ
1190 533 1261 570 τοῢ
1281 529 1600 586 Σαρδαναπάλου

459 587 654 641 (κάκεῖνος
675 589 751 648 γὰρ
771 591 995 645 ἀναμαθών
1016 594 1088 647 τὴν
1108 594 1260 648 τόλμαν
1280 601 1359 638 τῶν
1379 600 1600 641 Χαλδαίων

460 655 531 697 οὐκ
550 655 719 713 ἤνεγκεν,
755 659 846 702 ἀλλ’
873 659 1047 715 ἐπεμψεν
1070 661 1220 718 ἄνδρας
1243 662 1501 719 ἀξιομάχους)

454 724 669 780 ἐτρέψαντο
690 725 759 768 τὸν
779 727 1010 784 στρατηγόν,
1038 728 1212 785 ἥττησαν
1232 732 1335 773 κατὰ
1350 730 1508 788 κράτος,

456 794 520 833 καὶ
540 796 716 847 νικηθεὶς
738 793 758 836 ὅ
781 797 1000 852 στρατηγὸς
1016 796 1176 853 ἔφευγεν
1196 798 1274 840 ἀνὰ
1294 797 1450 855 κράτος.
1492 830 1496 831 ⁷

347 857 428 899 635
454 858 548 916 ὅπερ
568 859 621 911 ὥς
640 861 735 917 ἔγνω
758 864 946 915 δείλαιος,
980 865 1198 922 ἀπορηθεὶς
1218 867 1260 908 ἐκ
1280 865 1451 919 πάντων,

453 928 583 983 πυρὰν
604 928 744 985 ὑφῆψε
764 931 934 987 λιπαρὰν
950 931 1064 982 ὕλαις
1086 931 1283 990 ἀφθόνοις
1303 935 1480 991 θρέψας,

459 997 524 1036 καὶ
543 996 615 1046 τὰς
627 1002 782 1053 χρυσᾶς
801 1000 1030 1054 συναγαγών
1051 1002 1116 1042 καὶ
1136 1000 1431 1057 λιθοστρώτους
1449 1001 1583 1051 κλίνας

457 1065 523 1104 καὶ
546 1064 639 1114 τοὺς
659 1067 858 1116 ποικίλους
878 1068 1114 1120 στολισμούς
1135 1070 1200 1110 καὶ
1222 1067 1396 1111 τάλαντα
1413 1069 1580 1125 χρυσίου

458 1133 523 1171 καὶ
542 1136 621 1172 πᾶν
641 1130 776 1183 ἁπλῶς
793 1136 993 1187 βασίλειον
1009 1134 1102 1177 ὅσον
1123 1137 1164 1177 ἓν
1186 1136 1369 1189 ἱματίοις,

348 1196 430 1239 640
456 1197 551 1240 ὅσον
571 1200 610 1241 ἓν
627 1199 778 1243 σκεύεσι
791 1209 976 1257 χρυσοῖς,
1005 1203 1045 1244 ἓν
1064 1204 1212 1254 λίθοις,
1238 1205 1279 1244 ἓν
1299 1201 1537 1260 μαργάροις,

457 1267 559 1308 κατὰ
575 1271 703 1323 πυρᾶς
721 1266 898 1322 ἠκόντισε
916 1267 1045 1311 πάντα
1064 1274 1134 1323 τῆς
1153 1268 1388 1322 πολυξύλου,

451 1336 517 1375 καὶ
539 1338 760 1377 τελευταῖον
788 1334 941 1377 ἔαυτόν.
1002 1336 1215 1389 κάντεῦθεν
1240 1337 1278 1378 οἳ
1297 1328 1498 1380 Χαλδαῖοι

447 1401 550 1443 κατὰ
572 1402 721 1455 πολλὴν
738 1402 810 1456 τὴν
826 1402 962 1444 ἄδειαν
983 1401 1173 1460 ἐκράτουν
1187 1404 1423 1459 Ἀσσυρίων,
1446 1434 1448 1436 v

451 1470 515 1510 καὶ
538 1468 610 1522 τὴν
629 1468 756 1524 ἀρχὴν
777 1471 831 1518 εἷς
847 1468 1011 1520 ἑαυτοῦς
1027 1473 1230 1524 μεθίστων
1245 1473 1311 1512 καὶ
1327 1471 1372 1513 τὸ
1386 1469 1546 1528 κράτος.

341 1534 422 1577 645
513 1536 623 1578 Μετ’
642 1536 874 1592 Ἀσσυρίους
891 1538 987 1587 τέως
1006 1538 1048 1579 δ’
1070 1533 1139 1580 οὖν
1153 1541 1356 1595 Δκατῆρξαν
1377 1539 1414 1580 οἱ
1434 1540 1636 1580 Χαλδαῖοι
1642 1570 1657 1590 ,

452 1604 516 1644 καὶ
535 1603 579 1644 τὸ
600 1608 672 1657 τῆς
689 1602 809 1657 τύχης
829 1606 1005 1659 παίγνιον
1025 1607 1092 1646 καὶ
1114 1604 1236 1658 κύβος
1253 1609 1332 1647 τῶν
1350 1604 1592 1663 πραγμάτων

450 1670 586 1720 ἄλλοις
605 1672 802 1724 ἕμπαΐξαν
823 1672 966 1721 ἱκανῶς
983 1673 1189 1725 μετέπεσεν
1209 1675 1264 1721 εἷς
1286 1672 1445 1723 ἄλλους.

450 1736 566 1792 ἡνίκα
586 1739 628 1779 δὲ
647 1739 847 1792 συνέβαινε
868 1742 994 1780 ταῦτα
1012 1746 1094 1789 τοῖς
1104 1741 1347 1796 Ἀσσυρίοις,

447 1798 645 1860 Ἑβραίων
665 1807 859 1860 ἐκυρίευεν
879 1804 905 1847 ὃ·
920 1807 1107 1859 βασιλεὺς
1117 1807 1268 1857 Ὀζίας,

341 1873 422 1914 650
449 1873 619 1926 ἕβδομος
637 1871 691 1914 ὢν
706 1872 783 1914 ἀπὸ
805 1873 943 1927 Δαβὶδ
962 1877 1034 1916 τοῦ
1049 1870 1414 1930 προφητικωτάτου.

405 2000 473 2035 633
495 1998 584 2039 τούς
606 1998 828 2044 στρατηγοὺς
847 2001 887 2035 Μ
1020 2013 1057 2036 v.
1075 2001 1142 2037 634
1165 2013 1217 2035 om
1240 2001 1309 2035 AM
1442 1997 1510 2033 644
1524 1997 1680 2043 μετῆγον
1701 1998 1740 2032 Μ

406 2046 472 2080 645
493 2042 692 2090 ἐκράτησαν
713 2046 895 2080 Χαλδαῖοι
915 2045 954 2080 Μ
1007 2087 1010 2089 ,

314 2156 577 2200 Anacyndaraxi
591 2157 707 2200 filium,
723 2169 801 2191 esse
816 2157 983 2191 hominem
999 2157 1164 2191 eiusmodi
1181 2158 1241 2202 qui
1255 2167 1434 2202 porcorum
1448 2155 1740 2200 iumentorumque

315 2214 409 2235 more
424 2201 571 2244 viveret,
591 2202 806 2236 saltationum
823 2208 926 2247 atque
946 2203 1099 2236 ludorum
1116 2203 1286 2237 studiosus
1305 2206 1408 2245 esset,
1429 2213 1470 2235 ac
1486 2200 1643 2234 mulieres
1660 2202 1737 2235 imi—

314 2252 465 2290 taretur,
494 2246 588 2290 ipsos
618 2259 659 2280 eo
686 2252 878 2292 contempto
904 2253 1063 2292 tanquam
1081 2247 1171 2281 molli
1189 2249 1292 2281 corde
1311 2246 1489 2291 praedito,
1519 2246 1740 2290 expeditione

313 2297 474 2336 suscepta
488 2291 571 2324 forti
586 2303 657 2325 cum
675 2293 828 2326 exercitu
842 2293 990 2336 venisse,
1010 2303 1175 2337 manuque
1194 2304 1268 2326 cum
1288 2291 1513 2336 Sardanapali
1531 2291 1638 2324 milite
1654 2303 1739 2326 con-

313 2343 407 2371 serta
428 2337 463 2370 in
484 2338 599 2379 sugam
618 2337 766 2370 vertisse
786 2338 916 2381 ducem,
940 2350 980 2371 ac
1002 2338 1038 2371 vi
1055 2339 1098 2371 de
1117 2338 1314 2372 adversario
1333 2337 1479 2371 victoria
1496 2335 1624 2380 potitos
1646 2348 1737 2371 esse.

299 2381 405 2426 'quod
423 2393 496 2415 cum
517 2381 620 2415 miser
640 2382 883 2425 intellexisset,
913 2383 1095 2417 destitutus
1118 2385 1160 2416 ab
1187 2383 1340 2416 omnibus
1364 2381 1525 2426 pinguem
1546 2391 1664 2424 rogum
1680 2383 1737 2415 in-
1787 2404 1791 2407 -

313 2427 441 2470 cendit,
462 2427 602 2470 copiosa
619 2427 761 2460 materie
782 2428 955 2471 nutritum,
979 2427 1196 2472 collectisque
1213 2427 1345 2462 lectulis
1365 2426 1477 2460 aureis
1495 2430 1532 2459 et
1549 2427 1738 2471 gemmatis,

309 2473 460 2516 itemque
475 2472 580 2505 variis
596 2472 799 2506 indumentis
819 2477 855 2506 et
875 2473 1012 2507 talentis
1034 2473 1119 2516 auri,
1139 2473 1229 2506 omni
1247 2473 1393 2516 denique
1414 2470 1623 2515 supellectile
1640 2473 1739 2516 regia

309 2518 458 2552 vestium
485 2528 710 2561 vasorumque
740 2528 917 2551 aureorum
940 2530 979 2551 ac
1002 2529 1223 2562 gemmarum,
1261 2517 1438 2559 unionum,
1463 2527 1596 2550 necnon
1617 2522 1739 2550 cuncta

300 2564 348 2596 ‘in
368 2574 488 2606 rogum
509 2563 552 2596 de
578 2561 679 2606 lignis
698 2561 809 2595 multis
834 2568 1040 2596 exstructum
1060 2563 1205 2606 abiecit,
1243 2575 1283 2596 ac
1306 2563 1444 2596 tandem
1462 2573 1500 2595 se
1518 2562 1594 2606 ipse
1611 2561 1654 2595 iis
1671 2562 1736 2595 im-

311 2609 439 2652 posuit.
487 2607 648 2652 deinceps
670 2607 835 2641 Chaldaei
856 2607 942 2641 citra
964 2619 1094 2641 omnem
1114 2613 1238 2642 metum
1258 2607 1410 2651 Assyriis
1430 2607 1667 2651 imperabant,
1697 2618 1738 2641 ac

310 2664 451 2698 regnum
468 2658 740 2697 potestatemque
759 2653 794 2685 in
812 2664 850 2686 se
867 2654 1134 2686 transferebant.

398 2698 511 2742 Atque
535 2698 571 2730 in
591 2698 679 2731 hunc
704 2698 836 2731 modum
858 2704 936 2742 post
957 2698 1117 2741 Assyrios
1139 2697 1304 2731 Chaldaei
1321 2699 1423 2731 rebus
1445 2697 1547 2741 potiti
1569 2700 1671 2740 sunt,
1702 2699 1738 2730 et

310 2745 468 2778 fortunae
492 2742 674 2777 ludibrium
692 2753 873 2787 rerumque
894 2743 969 2777 alea
996 2754 1070 2776 cum
1093 2743 1168 2776 aliis
1189 2743 1273 2776 satis
1293 2742 1476 2784 illusisset,
1510 2743 1554 2776 ad
1575 2741 1660 2776 alios
1681 2741 1736 2775 in-

310 2789 463 2823 clinavit.
509 2799 576 2832 quo
597 2794 709 2822 autem
728 2793 881 2832 tempore
901 2788 1053 2832 Assyriis
1075 2788 1160 2822 haec
1186 2788 1406 2830 accidebant,
1438 2787 1610 2821 Hebraeis
1632 2786 1737 2819 Ozias

308 2846 370 2869 rex
390 2835 602 2880 imperabat,
634 2845 657 2871 a
672 2833 806 2870 Davide
831 2834 982 2871 maximo
998 2838 1079 2870 vate
1102 2833 1280 2879 septimus.
1319 2832 1512 2869 Chaldaeis
1541 2832 1633 2867 inter
1652 2830 1738 2866 alios
