1924 3242
306 167 308 169 ’
353 172 418 217 22
743 171 975 216 GEORGII
999 171 1378 217 ACROPOLITAE

352 280 470 325 πάνυ.
524 283 704 326 ἐντεῦθεν
727 281 934 340 ἔφυσιῶθη
955 283 1001 326 τὸ
1023 287 1102 327 τῶν
1121 283 1364 342 Βουλγάρων
1385 289 1524 343 φῦλον,
1557 286 1663 330 λείαν
1680 273 1779 328 πολ-ἰ

359 350 433 404 λὴν
452 351 494 392 ἐκ
514 354 592 399 τῶν
607 349 812 404 Ῥωμαίων
835 353 1028 408 κερδῆσαν
1038 383 1051 404 ,
1088 352 1190 395 ἀλλὰ
1221 353 1269 407 δὴ
1301 354 1367 394 καὶ
1399 354 1441 396 ἐκ
1466 357 1545 396 τῶν
1563 357 1780 414 βασιλικῶν

241 424 270 458 Ρ
294 426 335 461 11
359 415 606 476 παρασήμων
633 418 685 460 τὰ
709 417 934 476 τιμιώτερα.
999 417 1073 471 τάς
1091 437 1133 462 τε
1152 420 1228 476 γὰρ
1250 424 1323 462 τοῦ
1341 422 1534 474 βασιλέως
1554 422 1783 478 πυραμίδας

360 482 598 537 ἀνελάβοντο
628 488 694 527 καὶ
729 485 876 543 φιάλας
899 490 977 529 τῶν
998 486 1198 542 ἐπισήμων
1220 489 1285 529 καὶ
1304 492 1443 544 χρῆμα
1464 490 1518 538 εἷς
1537 492 1694 542 πλῆθος
1715 490 1782 530 καὶ

359 550 479 593 αὐτὸν
509 551 558 605 δὴ
584 553 653 595 τὸν
679 554 883 608 βασιλικὸν
915 553 1108 611 σταυρόν·
1142 559 1221 597 τῶν
1251 554 1358 605 τινὸς
1386 555 1462 612 γὰρ
1496 555 1615 598 αὐτὸν
1649 555 1814 612 ἶερέωνό

357 617 550 674 ῥίψαντος
576 620 678 673 μετὰ
704 621 845 678 μικρὸν
873 622 1040 678 ἐφεῦρον
1071 623 1111 664 ἐν
1141 626 1199 679 τῷ
1227 627 1419 680 ποταμῷ,
1462 624 1504 664 ἐκ
1532 626 1688 679 χρυσοῦ·
1710 622 1783 676 μέν

357 688 727 745 κατεσκευασμένον,
763 689 934 745 φέροντα
955 690 996 730 δὲ
1014 689 1135 742 μέσον
1158 691 1200 731 ἐκ
1221 694 1294 732 τοῦ
1314 688 1425 744 ἆγίου
1446 688 1580 741 ξύλου,
1615 690 1656 731 ἔν
1678 683 1798 751 ᾧπέρ

358 751 379 794 ὃ
401 752 592 810 δεσπότης
625 754 869 812 προσηλώθη
891 755 1090 813 Χριστός,
1133 759 1188 807 εἷς
1207 761 1383 813 σταυροῦ
1403 761 1539 812 σχῆμα
1561 757 1785 810 τετυπωμέ-

357 837 448 872 νον,
490 820 622 876 θήκας
655 817 697 864 δὲ
726 823 871 879 μικρὰς
902 823 1138 877 παμπόλλας
1168 824 1328 878 ἔχοντα,
1376 826 1416 867 ἓν
1449 822 1508 875 οἶς
1540 812 1711 879 λείψανἰί
1743 839 1786 866 τε

359 886 544 943 πρόσεστι
560 893 638 938 τῶν
656 892 992 948 περιφανεστέρων
1006 890 1233 948 μαρτύρων,
1266 896 1338 946 τῆς
1354 891 1604 949 θεομήτορος
1620 891 1666 934 τὸ
1683 889 1788 947 ’γάλα
1798 885 1842 934 10

361 957 426 996 καὶ
447 957 568 1012 μέρος
588 974 624 1020 τι
645 962 715 1011 τῆς
736 957 858 1012 ζώνης
880 959 1001 1013 αὐτῆς
1023 962 1087 1001 καὶ
1110 960 1213 1002 ἄλλα
1234 963 1409 1012 πλεῖστα,
1443 958 1572 1002 ὁπόσα
1592 963 1672 1002 τῶν
1693 959 1788 1001 εὔα-

358 1026 439 1077 γιῦν
459 1019 720 1079 καθειστήκει.
789 1024 809 1067 ὅ
839 1027 910 1080 μὲν
941 1021 1010 1068 οὖν
1039 1028 1228 1081 βασιλεὺς
1254 1026 1458 1078 Ἷσαάκιος
1493 1029 1547 1077 εἷς
1575 1027 1646 1082 τὴν
1667 1027 1787 1068 Κων-

358 1093 563 1133 σταντίνου
597 1090 680 1135 οἷον
711 1093 840 1150 φυγὰς
861 1093 997 1151 ᾤχετο.
1065 1095 1187 1150 (12)
1223 1097 1404 1137 ἐντεῦθεν
1437 1095 1508 1137 οὗκ
1539 1095 1651 1150 ὀλίγα
1682 1091 1789 1150 πρά-

306 1163 336 1198 Β
358 1174 494 1213 γματα
509 1157 717 1213 Ῥωμαίοις
740 1162 780 1204 ἐκ
799 1160 1044 1217 Βουλγάρων
1064 1160 1249 1218 ὑπῆρχεν.
1298 1162 1399 1204 ἀλλὰ
1421 1164 1487 1204 καὶ
1506 1165 1580 1204 τοῦ
1594 1161 1790 1214 βασιλέως

353 1225 560 1268 Ἶσαακίου
600 1226 676 1268 ὑπὸ
717 1232 789 1269 τοῦ
822 1229 998 1284 ἀδελφοῦ
1032 1229 1155 1270 αὐτοῦ
1180 1229 1352 1278 Ἀλεξίου
1385 1229 1691 1285 τυφλωθὲντος,
1725 1228 1789 1270 καὶ
1801 1229 1844 1265 15

358 1293 482 1334 αὐτοῦ
504 1294 546 1335 δὲ
567 1298 645 1335 τῶν
660 1293 888 1347 Ῥωμαϊκῶν
913 1294 1122 1351 σκήπτρων
1143 1295 1423 1350 ἐπειλημμένον
1434 1327 1447 1347 ,
1494 1293 1656 1352 πόλεμοι
1680 1293 1790 1349 πάμ-

357 1363 497 1400 πολλοι
525 1357 608 1410 τοῒς
634 1359 843 1414 Ῥωμαίοις
877 1362 987 1418 παρὰ
1022 1366 1100 1404 τῶν
1139 1361 1383 1419 Βουλγάρων
1415 1363 1588 1419 ἐγένοντο
1621 1363 1709 1419 περὶ
1740 1361 1792 1404 τὰ

359 1426 459 1482 μέρη
479 1431 550 1481 τῆς
577 1427 927 1478 Φιλιππουπόλεως
948 1431 1012 1470 καὶ
1032 1425 1198 1484 Βερόης,
1223 1430 1323 1472 ἔνθα
1344 1432 1409 1472 καὶ
1432 1429 1452 1472 ὃ
1474 1427 1791 1487 πρωτοστράτωρ

360 1493 577 1549 Καμύτζης
605 1494 681 1537 ὑπὸ
713 1500 791 1538 τῶν
821 1495 1065 1552 Βουλγάρων
1092 1495 1195 1539 ἑάλω
1227 1496 1470 1551 μαχόμενος,
1514 1501 1588 1539 τοῦ
1617 1497 1794 1553 ἀδελφοῦ

359 1566 433 1603 τοῦ
446 1562 567 1604 Ἀσὰν
583 1561 776 1605 Ἰωάννου
795 1561 881 1606 τότε
905 1563 1184 1620 κατάρχοντος.
1228 1563 1248 1606 ὃ
1268 1566 1344 1621 γὰρ
1369 1566 1564 1619 &qam-9224,-
1578 1563 1697 1606 Ἀσὰν
1717 1561 1847 1605 ‹515020

361 1627 473 1683 ἴσχεν
495 1629 715 1687 ἀδελφούς,
760 1625 814 1672 ὧν
846 1629 866 1672 ὁ
893 1632 966 1684 μὲν
985 1632 1143 1688 Πέτρος
1173 1633 1345 1674 ἐκαλεῖτο
1372 1630 1392 1673 ὃ
1416 1633 1458 1674 δὲ
1476 1630 1690 1685 Ἰωάννης·
1724 1632 1812 1673 καὶ·

449 1747 472 1780 2
496 1744 644 1790 εἰληφός
659 1747 690 1780 D
803 1747 825 1782 5
848 1745 892 1790 δὴ
918 1759 970 1781 om
994 1748 1024 1781 D
1160 1749 1181 1782 6
1203 1746 1256 1792 ἐν]
1282 1746 1398 1784 αὐτὸν
1421 1746 1460 1783 ἐν
1481 1749 1513 1782 D
1647 1749 1670 1783 7
1693 1744 1732 1782 ἐν
1747 1767 1791 1773 -

449 1791 604 1834 Χριστός
627 1803 677 1824 om
701 1792 731 1824 D
836 1793 856 1826 9
879 1793 1068 1836 προσῆσαν
1091 1792 1246 1835 λείψανα
1271 1791 1383 1837 ἁγίων
1406 1791 1612 1838 μαρτύρων,
1636 1790 1679 1828 τὸ
1696 1791 1791 1836 γάλα

451 1847 490 1868 τε
506 1837 568 1891 τῆς
584 1835 810 1880 θεομήτορος
826 1837 856 1870 D
944 1840 989 1892 ‘il
1007 1837 1068 1895 {eal
1086 1835 1468 1894 ἄλλα-καθειστήγει
1484 1850 1535 1872 om
1551 1838 1583 1871 D
1654 1838 1696 1873 13
1712 1835 1793 1892 οἷον

451 1882 792 1967 ἵέἵαέοέωέἷεξιου
823 1882 1279 1972 ἐέσῆἶῖῗσὲἧῗέιῖἕὲιῗμω
1312 1896 1445 1963 αέῗέρ
1461 1882 1793 1962 ἔντῖύέἓνΒὲἳῖἵέἒ

449 1969 533 2011 περὶ
557 1969 732 2014 Βέρροιαν
755 1972 785 2004 D
923 1973 965 2006 19
988 1974 1137 2012 w3vom
1159 1973 1190 2006 D
1303 1976 1349 2011 20
1372 1962 1397 2008 δ’
1416 1972 1486 2019 γὰρ
1509 1970 1609 2007 Ἀσάν
1631 1968 1700 2016 εἶχε
1722 1969 1792 2007 δύο

452 2012 654 2060 ἀδελφούς,
680 2014 822 2061 Πέτρον
843 2016 905 2051 καὶ
927 2014 1096 2063 Ἰωάννην
1118 2018 1162 2052 D.

362 2115 459 2161 pauci
474 2116 646 2151 admodum
660 2118 755 2151 fuere
771 2120 805 2151 et
820 2128 956 2163 prorsus
972 2118 1061 2152 nudi.
1098 2119 1161 2152 hac
1176 2118 1319 2152 victoria
1333 2118 1460 2163 praeda
1473 2117 1653 2162 spoliisque
1669 2117 1793 2150 Roma-

363 2172 476 2193 norum
494 2162 628 2205 Bulgari
644 2163 736 2196 nimis
753 2167 787 2196 et
801 2159 980 2196 insolenter
996 2164 1121 2197 animos
1137 2165 1369 2197 sublevarunt:
1394 2163 1516 2208 quippe
1532 2174 1573 2196 ex
1588 2161 1671 2208 ipsis
1686 2161 1794 2206 impe-

362 2206 494 2244 ratoriis
508 2206 688 2250 insignibus
704 2208 903 2253 pretiosiora
919 2208 1186 2252 conquisierant,
1210 2213 1244 2242 et
1258 2212 1391 2253 praeter
1411 2219 1452 2241 ea
1470 2208 1577 2251 regias
1593 2206 1795 2252 pyramidas,

360 2250 487 2294 phialas
504 2251 671 2294 celebres,
706 2253 868 2297 pecuniae
890 2254 956 2286 vim
979 2253 1180 2295 immensam,
1225 2253 1328 2298 ipsam
1343 2253 1441 2285 etiam
1456 2251 1702 2296 imperatoriam
1717 2259 1794 2284 cru-

364 2305 445 2337 cem,
470 2306 564 2339 quam
579 2297 734 2330 sacerdos
751 2298 930 2339 abiecerat,
956 2310 1021 2331 non
1037 2298 1138 2331 multo
1154 2305 1230 2342 post
1245 2298 1277 2330 in
1294 2297 1428 2330 flumine
1443 2297 1625 2336 offendunt,
1651 2307 1692 2329 ex
1711 2306 1793 2330 auro

364 2345 576 2382 compactam,
596 2340 630 2373 in
645 2341 753 2374 medio
770 2354 811 2374 ex
826 2348 1037 2376 sacrosancto
1053 2343 1144 2386 ligno
1155 2368 1164 2381 ‚
1189 2343 1241 2375 cui
1260 2342 1410 2375 Christus
1427 2342 1577 2375 dominus
1593 2341 1715 2374 affixus
1731 2352 1794 2385 pe-

365 2385 538 2428 penderat,
560 2386 591 2418 in
608 2386 737 2419 modum
754 2386 861 2420 crucis
876 2388 1048 2420 efformato
1065 2388 1349 2432 complectentem,
1374 2398 1435 2420 nec
1451 2399 1515 2420 non
1531 2397 1653 2431 parvas
1670 2390 1704 2419 et
1720 2385 1795 2430 plu·-

363 2429 462 2462 rimas
480 2430 594 2463 thecas
610 2431 796 2472 habentem,
825 2430 859 2463 in
876 2432 994 2474 quibus
1010 2432 1225 2465 celebriorum
1240 2436 1421 2475 martyrum
1439 2432 1611 2476 reliquiae,
1636 2431 1795 2476 deiparae

364 2474 436 2517 lac,
463 2475 723 2508 zonaefeiusdem
737 2487 834 2520 pars,
871 2481 904 2509 et
926 2476 1049 2520 reliqua
1075 2477 1195 2517 multa,
1226 2488 1310 2520 quae
1334 2477 1456 2510 sanctis
1481 2477 1593 2510 loculis
1617 2486 1794 2509 asservan-

365 2525 420 2552 tur
431 2546 440 2559 ,
473 2520 732 2556 continebantur.
797 2521 976 2565 imperator
1007 2532 1087 2564 ergo
1117 2521 1261 2555 Isaacius
1289 2521 1417 2565 Cpolim
1442 2521 1572 2565 fugiens
1597 2532 1634 2554 se
1655 2519 1793 2565 recepit.

366 2564 460 2608 (12)
490 2565 566 2598 hinc
589 2565 794 2598 detrimentis
817 2566 977 2610 noxisque
998 2577 1062 2599 non
1089 2566 1203 2609 paucis
1232 2567 1396 2600 Romanos
1428 2566 1565 2610 Bulgari
1596 2565 1795 2599 affecerunt.'

364 2610 422 2643 sed
438 2615 471 2643 et
489 2610 689 2654 imperatore
704 2611 828 2644 Isaacio
853 2622 873 2643 a
895 2611 999 2644 fratre
1015 2611 1130 2644 Alexio
1153 2611 1332 2644 obcaecato
1344 2637 1353 2654 ‚
1391 2623 1495 2656 eoque
1511 2610 1653 2644 Romani·
1664 2608 1794 2655 imperii

366 2654 511 2688 habenas
526 2656 735 2695 moderante,
770 2655 878 2690 multis
903 2656 1035 2700 praeliis
1056 2666 1174 2689 versus
1196 2656 1454 2701 Philippopolim
1472 2657 1700 2700 Berotmque,
1736 2652 1793 2686 ubi

363 2703 590 2743 protostrator
607 2701 786 2744 Camytzes
801 2701 991 2746 depugnans
1006 2712 1026 2734 a
1040 2701 1196 2744 Bulgaris
1212 2706 1328 2745 captus
1345 2706 1407 2745 est,
1432 2701 1555 2734 Ioanne
1570 2699 1671 2734 Asani
1688 2700 1794 2732 fratre

364 2750 445 2779 tunc
459 2744 665 2788 dominante,
689 2747 858 2779 Romanos
872 2745 1009 2788 Bulgari
1024 2748 1200 2780 vexarunt,
1245 2748 1375 2780 Asanus
1391 2747 1475 2780 enim
1492 2746 1575 2779 duos
1594 2742 1706 2778 habuit
1720 2743 1794 2775 fra-

365 2794 451 2825 tres:
487 2790 543 2824 uni
558 2802 674 2825 nomen
692 2791 757 2824 fuit
771 2791 896 2834 Petro,
931 2790 1027 2824 alteri
1042 2790 1169 2825 Ioanni.
1215 2789 1354 2825 Ioannes
1379 2802 1480 2837 penes
1502 2790 1591 2825 illum
1612 2787 1794 2830 residebat,

1910 0 1924 101 2<-v†-*7'!
