1858 3236
305 211 370 258 98
693 213 1068 257 CONSTANTINI
1108 213 1372 259 MANAssls

439 326 534 377 τοὺς
560 325 754 375 δυνατοὺς
774 327 839 367 καὶ
861 324 1111 384 προῦχοντας
1128 329 1193 370 καὶ
1218 327 1313 378 τοὺς
1335 327 1645 387 εὐπορωτέρους.

440 394 537 436 ὅθεν
557 395 623 435 καὶ
652 394 763 444 τέλος
786 395 930 450 εὕρατο
957 394 1144 446 κατάξιον
1162 401 1233 439 τοῦ
1254 398 1369 450 βίον·

439 460 670 519 φαρμάκοις
686 461 762 519 γὰρ
780 462 976 520 ἀπέρρηξε
1002 463 1140 518 ψυχὴν
1160 464 1233 519 τὴν
1252 461 1470 520 μιαιφόνον

301 532 411 575 2250
432 533 497 572 καὶ
517 530 590 584 τὴν
610 529 714 583 ζωὴν
739 531 1007 588 κατέστρεψεν
1023 531 1167 589 ἀώρως
1187 534 1253 573 καὶ
1275 531 1351 588 πρὸ
1371 530 1536 589 χρόνου,

440 600 501 648 ὁὶς
513 596 558 648 ’ἐξ
578 596 782 655 κρατήσας
803 598 904 641 ἔτεσι
929 604 1002 641 τοῦ
1023 601 1230 652 βασιλείου
1254 598 1440 656 κράτους.

247 674 279 708 D
501 664 717 719 ιΡωμαιίυν
739 670 764 710 (5
769 666 781 682 ²
807 661 901 721 ἦρξε
919 667 1011 721 μετ’
1039 667 1161 710 αὐτὸν
1182 669 1385 723 movim}
1410 665 1432 708 ὃ
1446 667 1651 726 τριγέρων,

439 733 484 785 ὃς
502 734 606 789 μηδὲ
627 733 797 791 φθάσας
823 735 982 790 ἀγαγεῖν
999 737 1054 785 εἷς
1072 737 1300 788 βασιλείους
1322 733 1475 789 δόμους

434 802 528 852 τοὺς
545 805 695 852 παῖδας
712 802 737 857 ἢ
760 803 832 857 τὴν
850 803 1024 858 γαμετὴν
1046 802 1419 859 ἀνόμωςᾶνῃρέθη.

300 871 410 914 2255
473 866 560 912 Ἷῖῖν
580 870 625 912 δέ
648 888 708 920 τις
728 870 944 921 Ἰουλιανὸς
966 872 1110 921 Δι’διος
1128 872 1387 927 κεκλημένος·

435 934 574 988 οὗτος,
603 936 657 988 ὡς
685 936 825 993 λόγος,
862 938 979 981 ὤνιον
1000 938 1193 994 ἐκτήσατο
1215 939 1261 981 τὸ
1281 940 1441 996 στέφος,

433 1007 528 1057 τοὺς
548 1004 837 1063 ταγματάρχας
860 1012 932 1049 τοῦ
955 1012 1132 1063 στρατοῦ
1148 1006 1355 1064 χρήμασιν
1378 1005 1647 1064 ὗποφθείρας.

433 1075 537 1116 ἀλλὰ
558 1075 636 1130 γὰρ
660 1074 732 1115 οὐκ
751 1074 938 1117 ἀπώνατο
955 1080 1028 1131 τῆς
1043 1077 1249 1129 βασιλείου
1270 1073 1406 1129 τύχης,
1453 1108 1467 1117 .

433 1141 617 1199 Σεβήρου
641 1143 683 1183 δὲ
704 1146 777 1184 τοῦ
795 1144 959 1196 Λιᾏ-ὐος
979 1142 1276 1193 ἐπαναστάντος
1297 1141 1427 1200 τούτῳ

293 1214 406 1255 2260
420 1212 627 1267 μαχαίρας
651 1209 766 1267 ἔργον
788 1213 933 1266 γίνεται
954 1214 1020 1253 καὶ
1040 1210 1291 1267 κακιγκάκως
1311 1209 1494 1264 θνήσκει,

430 1280 535 1333 μηδὲ
559 1276 799 1334 γευσάμενος
823 1279 965 1332 σχεδὸν
988 1284 1061 1321 τοῦ
1078 1281 1238 1333 με’λιτος
1259 1282 1332 1320 τοῦ
1349 1276 1536 1335 κράτους,

431 1345 504 1389 δύο
532 1348 598 1388 καὶ
617 1344 756 1399 μόνοις
775 1347 948 1400 ἰντυχιὺν
966 1348 1065 1401 μησὶ
1089 1352 1160 1401 τῆς
1182 1348 1405 1400 βασιλείας.

428 1413 454 1469 ἦ
476 1415 520 1456 δὲ
537 1412 757 1468 πολῦζηλος
780 1414 902 1455 αὐτὸν
922 1414 1174 1456 ἀπολιποῦσα
1190 1412 1290 1468 τύχη

426 1480 596 1539 Σεβήρῳ
615 1483 880 1538 προσεγέλασε
900 1484 966 1524 καὶ
983 1482 1167 1540 χαροπόν
1185 1484 1320 1524 ε’νεῖἇε.

174 1556 203 1590 Ρ
222 1555 266 1590 47
290 1553 400 1594 2265
496 1554 654 1592 Τοῦτον
675 1548 811 1592 ἀκούω
835 1552 1056 1604 δείμασθαι
1078 1550 1247 1606 λουτρὸν
1269 1549 1314 1591 τὸ
1333 1551 1407 1590 τοῦ
1426 1546 1671 1597 Ζευξίππου,

428 1617 474 1660 τὸ
498 1619 600 1673 με’γα
624 1619 690 1659 καὶ
714 1619 956 1674 περίπυστον
980 1623 1052 1672 τῆς
1072 1619 1319 1670 Βυζαντίὸος
1343 1619 1505 1669 θαῦμα,

428 1688 494 1728 καὶ
522 1690 640 1728 τοῦτο
665 1686 716 1740 δὴ
742 1686 787 1728 τὸ
810 1687 987 1743 θέατρον
1008 1686 1055 1730 τὸ
1078 1691 1149 1741 τῆς
1166 1686 1430 1742 ψυγαγωγιάς
1441 1716 1454 1736 ,

380 1827 471 1861 2251
493 1827 560 1870 τῆς
582 1827 769 1872 βασιλείας
791 1825 928 1870 κράτος
951 1828 1019 1863 RR
1166 1829 1258 1865 2259
1277 1826 1347 1874 γὰρ
1371 1830 1438 1865 RB.
1574 1829 1669 1864 2260
1689 1841 1753 1864 κα-

378 1871 594 1953 ἰιιῖὶιέιᾞῦῶς
631 1873 690 1917 M,
709 1873 921 1916 παραυτίκα
946 1874 976 1909 Α
1106 1884 1143 1910 v,
1162 1876 1254 1910 2262
1275 1887 1343 1911 om.
1366 1876 1451 1921 RR,
1471 1878 1553 1922 post
1574 1876 1668 1912 2256
1682 1888 1753 1921 .Ρο-

287 2042 481 2090 patrissans
497 2070 506 2087 ,
532 2055 597 2078 nec
616 2042 803 2090 quidquam
829 2044 962 2080 habens
985 2042 1097 2080 simile
1118 2043 1239 2081 Marco
1272 2044 1383 2092 patri,
1415 2055 1437 2080 a
1466 2055 1534 2092 quo
1576 2050 1756 2081 rocreatus

288 2095 326 2124 et
344 2089 523 2124 institutus
547 2091 675 2124 fuerat.
726 2091 856 2136 quippe
885 2091 996 2125 mimis
1029 2104 1168 2136 semper
1196 2092 1436 2127 delectabatur
1461 2098 1498 2126 et
1526 2092 1756 2137 gadiatorum

289 2135 498 2180 spectaculis
535 2140 571 2169 et
596 2135 804 2171 mulierculis
835 2142 872 2170 et
907 2137 994 2171 viris
1021 2137 1157 2172 nefaria
1180 2137 1464 2183 perpetrantibus
1482 2149 1523 2172 ac
1541 2137 1754 2172 temulentis.

288 2180 454 2214 caedibus
480 2181 583 2215 etiam
608 2192 687 2216 sese
715 2182 917 2227 polluebat,
949 2183 1104 2217 homines
1134 2190 1297 2228 potentes
1325 2182 1477 2216 illustres
1510 2188 1547 2217 et
1571 2183 1755 2228 opulentos

285 2226 402 2270 gladio
422 2226 607 2270 perimens.
656 2233 870 2273 quapropter
893 2229 1022 2262 exitum
1043 2229 1102 2263 illa
1119 2230 1259 2272 dignum
1278 2228 1354 2261 vita
1376 2227 1522 2272 reperit.
1568 2240 1647 2263 nam
1666 2229 1752 2262 hau-

286 2271 353 2306 stis
374 2272 520 2305 venenis
539 2272 752 2316 inquinatam
772 2274 938 2308 caedibus
962 2275 1109 2308 animam
1132 2274 1288 2316 efflavit,
1316 2285 1358 2307 ac
1378 2273 1522 2308 vivendi
1544 2274 1647 2308 finem
1671 2280 1752 2309 ante

286 2322 422 2362 tempus
444 2317 551 2360 fecit,
576 2330 651 2351 cum
675 2318 821 2363 imperio
841 2320 883 2353 12
906 2320 1005 2353 annis
1027 2320 1159 2365 potitus
1175 2319 1313 2353 fuisset.

377 2362 539 2396 Praefuit
559 2368 672 2397 autem
695 2365 860 2398 Romanis
882 2372 963 2410 post
980 2365 1093 2409 ipsum
1116 2364 1263 2399 maxima
1275 2363 1393 2408 gravis
1410 2369 1553 2398 senecta
1570 2364 1750 2409 Pertinax,

284 2407 346 2453 qui
368 2420 443 2442 cum
464 2409 608 2442 necdum
632 2408 668 2442 in
691 2408 855 2454 palatium
876 2422 957 2444 suos
981 2411 1110 2445 liberos
1131 2416 1168 2445 et
1192 2420 1334 2444 uxorem
1361 2409 1588 2455 deduxisset,
1617 2411 1752 2446 nefarie

284 2454 354 2489 fuit
372 2454 614 2498 interemptus.

373 2499 465 2533 Erat
485 2501 564 2533 dum
589 2499 713 2534 Didius
736 2499 875 2544 quidam
896 2500 1074 2544 Iulianus,
1110 2512 1212 2545 quem
1243 2500 1358 2545 pretio
1381 2505 1567 2534 mercatum
1589 2513 1667 2535 esse
1690 2514 1748 2536 co—

283 2556 403 2579 ronam
418 2545 648 2590 imperialem,
672 2546 817 2579 ducibus
837 2546 1012 2590 copiarum
1030 2546 1215 2591 largitione
1234 2546 1407 2590 corruptis
1419 2572 1428 2589 ,
1451 2547 1651 2591 perhibent.
1688 2550 1748 2581 sed

282 2591 445 2626 fortunae
467 2590 588 2635 regiae
607 2591 756 2624 fructum
777 2591 903 2625 nullum
923 2592 1025 2626 tulit:
1045 2592 1174 2636 quippe
1191 2593 1325 2625 Severo
1347 2592 1433 2625 Afro
1457 2593 1663 2626 seditionem
1687 2595 1747 2627 ad-

283 2647 407 2671 versus
429 2636 542 2682 ipsum
558 2636 754 2671 concitante
774 2635 889 2681 gladio
911 2641 1054 2671 necatus
1079 2643 1134 2671 est
1152 2642 1189 2671 et
1212 2637 1320 2671 malus
1337 2637 1426 2672 male
1445 2638 1563 2682 periit,
1588 2649 1663 2672 cum
1683 2639 1749 2672 mel

283 2681 423 2727 imperii
448 2683 695 2728 propemodum
723 2694 794 2717 non
826 2684 1059 2727 degustasset.
1107 2683 1174 2716 hoc
1202 2683 1304 2717 modo
1326 2684 1466 2717 fortuna
1492 2683 1668 2719 invidiosa
1688 2684 1746 2718 Iu—

283 2727 376 2763 liano
399 2729 539 2762 deserto
559 2728 694 2761 Severo
718 2728 857 2772 arrisit,
881 2739 1027 2772 eumque
1049 2727 1147 2763 vultu
1170 2728 1272 2762 hilari
1296 2729 1466 2773 respexit.

375 2774 478 2808 Hunc
498 2773 600 2808 audio
625 2773 784 2808 balneum
806 2773 982 2819 Zeuxippi
1001 2774 1200 2808 condidisse
1219 2785 1378 2818 magnum
1399 2774 1482 2808 illud
1502 2776 1539 2808 et
1556 2773 1743 2808 celeberri·

281 2830 371 2853 mum
393 2819 612 2864 Byzantinae
636 2819 732 2853 urbis
754 2819 973 2862 miraculum,
998 2819 1150 2864 itemque
1171 2819 1308 2865 plenum
1330 2820 1413 2854 illud
1437 2820 1660 2854 admirandae
1680 2831 1744 2854 vo—

276 2863 421 2911 luptatis
445 2878 486 2902 ac
511 2864 752 2902 delectationis
772 2868 883 2912 opus,
905 2866 999 2912 quod
1023 2865 1107 2901 totis
1130 2865 1269 2912 oppidis
1294 2870 1330 2901 et
1354 2865 1554 2903 nationibus
1578 2877 1743 2901 recrean—
