1898 3242
285 206 384 252 262
671 204 1046 250 CONSTANTINI
1087 204 1351 248 MANAsffls
1377 175 1382 181 ’

283 321 393 362 6160
413 321 479 362 καὶ
501 319 708 374 βασιλείας
727 317 800 361 ,τὸν
825 317 981 372 μαστὸν
1000 321 1058 376 τῷ
1076 316 1262 375 δράκοντι
1279 307 1476 376 παρεῖχεν.

418 389 499 430 ἐπεὶ
517 387 594 443 γὰρ
617 384 830 440 ἐπελάβετο
850 384 1097 445 πραγμάτων
1113 385 1355 442 τηλικούτων

416 454 634 512 ἄνθρωπος
655 454 767 506 νέος,
804 454 979 511 ἄβρυλος
992 487 1004 506 ,
1040 455 1263 511 ἀγέρωχος,
1290 454 1492 510 αὐθάδης,

416 521 471 572 ὡς
492 521 598 572 οἶνος
618 521 860 578 νεοπάτητος
884 521 1057 580 ὑβρίζων
1080 525 1147 565 καὶ
1168 522 1390 578 καχλάζων,

416 594 488 645 τῆς
505 589 630 645 τύχης
652 591 724 646 τὴν
745 592 945 646 εὐμένειαν
968 592 1040 634 οὐκ
1064 591 1200 644 ἴσχυσε
1223 589 1442 645 βαστάσαι,

281 657 392 700 6165
413 659 632 702 κάντεῦθεν
650 662 706 710 εἷς
725 658 1019 717 βαθύκρημνον
1045 660 1279 714 ἐξεκυλίσθη
1297 657 1400 714 χάος
1413 673 1425 683 ·

415 725 611 782 μόλιβδος
627 728 704 784 γὰρ
727 727 1010 786 βαρύφορτος,
1047 729 1194 784 φασίν,
1224 728 1427 784 εὖημέρια,

416 794 491 840 κᾶν
512 795 583 838 οὐκ
606 794 745 855 ἐντύχῃ
768 800 949 853 κραταιῷ
971 800 1028 854 τῷ
1052 796 1212 852 φέροντι
1231 796 1276 838 τὸ
1298 794 1440 852 βάρος,

234 869 264 902 C
421 861 629 918 κύμβαχον
650 864 775 922 ῥίπτει
796 865 900 906 κατὰ
918 869 991 920 γῆς
1009 866 1154 908 ἐκεῖνον
1170 866 1236 907 καὶ
1259 865 1480 920 συμπνίγει.

419 933 485 973 καὶ
504 936 645 989 πρῶτα
666 933 738 987 μὲν
760 933 854 983 τοὺς
874 938 946 987 τῆς
967 933 1095 990 ἀρχῆς
1114 931 1346 989 προάρχους
1360 934 1435 989 ἱκαὶ
1459 931 1714 991 προβούλους

283 1001 395 1042 6170
413 1004 677 1057 βαρβαρικῶς
699 999 856 1052 ἐκόλαζε
878 1001 930 1045 τὰ
950 998 1169 1056 παιδογόνα
1195 1001 1360 1054 τέμνων,

420 1066 521 1111 ὥστε
542 1069 717 1119 πολλοὺς
746 1069 1000 1125 ἃμείψαντας
1016 1068 1089 1123 τὴν
1105 1073 1185 1111 τῶν
1211 1069 1388 1125 ἀρρένων
1407 1066 1530 1125 φύσιν

418 1134 740 1193 ῆμιανθρώπους
763 1139 945 1193 γίνεσθαι
964 1139 1031 1179 καὶ
1051 1137 1109 1190 μὴ
1126 1136 1327 1193 γνωστοὺς
1343 1141 1392 1192 τῇ
1414 1135 1544 1192 φύσει.
1589 1135 1597 1144 ”

418 1203 546 1255 οὕτως
567 1205 694 1255 εὐθὺς
716 1205 795 1247 ἀπὸ
814 1209 1005 1261 γραμμῆς
1024 1203 1185 1261 πρώτης
1205 1204 1327 1254 κακὸς
1343 1203 1471 1261 ἐφάνη
1485 1219 1496 1229 ·

418 1272 513 1322 τοὺς
532 1273 609 1330 γὰρ
628 1272 990 1328 πονηρογνώμονας
1007 1274 1073 1314 καὶ
1095 1270 1500 1328 κακεντρεχεστάτους

284 1339 393 1385 6175
419 1340 481 1381 ἐπὶ
499 1346 616 1394 μιᾶς,
652 1339 706 1391 ὡς
722 1342 925 1395 λέγουσιν,
962 1339 1114 1397 ἡμέρας
1136 1338 1334 1396 γνώσεταί
1349 1357 1421 1390 τις.

419 1407 554 1450 ἔπειτα
575 1407 907 1465 προσλαβόμενος
928 1407 1220 1463 νηπιοβούλους
1240 1410 1390 1458 παῖδας

422 1478 488 1517 καὶ
509 1475 811 1537 πρωτοβούλοις
826 1475 1035 1534 χριόμενος
1047 1475 1188 1530 νήπιος
1205 1482 1290 1526 τοῖς
1308 1477 1475 1531 νηπίοις,

421 1543 609 1602 καθάπερ
629 1547 723 1602 πρὶν
744 1544 764 1586 ὃ
785 1544 975 1599 Ῥωβοὰμ
997 1543 1017 1585 ὃ
1045 1548 1310 1598 Σολομῶντος
1328 1542 1456 1599 γόνος,

421 1612 495 1662 τὰς
513 1615 758 1666 βασιλίσσας
781 1615 931 1663 ἐξωθεῖ
946 1613 1068 1667 Ζωὴν
1088 1615 1155 1654 καὶ
1183 1610 1416 1668 Θεοδώραν,

233 1686 264 1718 Ι)
290 1681 407 1724 6180
424 1682 490 1722 καὶ
509 1680 749 1736 νησιώτιδας
769 1682 896 1730 αὐτὰς
915 1682 1086 1735 θέμενος
1108 1681 1319 1737 ἀποκείρει.

426 1748 522 1805 ὅπερ
545 1750 698 1799 δεινοὺς
726 1747 898 1807 ἐξήγειρε
919 1750 1142 1805 φλοίσβους
1163 1753 1220 1806 τῷ
1241 1745 1499 1805 ταλαιπώρῳ,

425 1815 480 1867 ὥς
499 1816 645 1871 ἄνεμος
663 1817 859 1860 ἕπιπεσιὺν
880 1816 1074 1874 θαλάσσῃ
1098 1814 1348 1874 σκαφηπλόῳ

382 1933 474 1967 6160
495 1932 614 1976 μαζὸν
635 1934 676 1969 Μ
775 1934 778 1935 ’
815 1935 909 1970 6163
929 1932 1117 1980 ἐμβρύζων
1139 1933 1203 1969 καὶ
1226 1931 1410 1977 κοχλάζων
1436 1932 1475 1968 Μ
1575 1931 1666 1966 6166
1688 1930 1754 1975 βα-

379 1977 578 2036 θῦφῦρτῑζς
604 1981 638 2014 R
729 1981 820 2015 6168
853 1980 1038 2036 συντρίβει
1062 1981 1132 2014 ΑΜ
1233 1980 1324 2014 6169
1354 1978 1486 2022 πρῶτοι
1509 1974 1576 2033 μὲν
1599 1971 1669 2031 οτξν
1691 1975 1756 2011 AR

381 2025 474 2059 6170
497 2023 649 2060 ἐκολασε
671 2025 711 2060 Μ
850 2028 938 2062 6171
965 2025 1197 2068 αλλάξαντας
1219 2025 1259 2060 Μ
1383 2024 1475 2058 6172
1498 2034 1567 2066 την
1588 2031 1702 2067 φυσιν
1725 2021 1755 2057 Α

384 2070 476 2106 6175
501 2069 577 2107 ἀπὸ
601 2073 632 2106 Α
770 2073 862 2107 6182
885 2071 1113 2118 σκαφοπλόῳ
1137 2073 1182 2117 R,
1230 2067 1484 2121 σκαφοπλώτῳ
1506 2067 1538 2103 Α

289 2170 452 2214 quiddam
475 2173 569 2216 quod
603 2184 841 2207 aerumnarum
873 2173 907 2207 ei
939 2173 1114 2208 variarum
1142 2172 1240 2217 origo
1263 2171 1354 2212 fuit3
1388 2181 1478 2215 quae
1499 2168 1657 2205 nimirum
1678 2179 1753 2202 ser-

289 2221 429 2260 pentem
444 2217 481 2250 in
496 2218 575 2252 sinu
590 2230 652 2252 suo
669 2219 801 2253 foverit
817 2222 853 2252 et
865 2219 1005 2264 imperii
1020 2230 1197 2253 mammam
1213 2216 1355 2252 draconi
1375 2214 1590 2260 praebuerit.
1626 2214 1754 2249 etenim

288 2266 515 2307 posteaquam
542 2268 715 2298 tantarum
748 2276 865 2299 rerum
887 2265 1220 2299 administrationem
1242 2273 1429 2307 aggressus
1452 2265 1507 2295 est
1529 2260 1630 2294 homo
1652 2260 1754 2294 iuve-

290 2307 343 2341 nis
359 2334 369 2351 ‚
395 2320 521 2353 expers
545 2310 701 2353 consilii,
723 2310 846 2353 ferox,
867 2316 1051 2345 contumax
1067 2337 1076 2355 ,
1099 2310 1203 2344 musti
1221 2306 1373 2344 recentis
1398 2307 1436 2340 in
1459 2317 1589 2340 morem
1611 2306 1755 2339 fervens

291 2357 327 2386 et
350 2353 540 2399 ebulliens,
568 2357 730 2389 fortunae
760 2355 936 2400 propitiae
962 2356 1212 2401 benignitatem
1246 2355 1341 2388 ferre
1362 2365 1432 2387 non
1451 2351 1585 2397 potuit,
1604 2352 1755 2396 ideoque

290 2400 469 2434 confusum
493 2412 534 2434 ac
556 2401 766 2446 profundum
789 2401 826 2434 in
848 2402 1093 2448 praecipitium
1117 2402 1299 2446 prolapsus
1322 2404 1389 2433 est.
1437 2410 1515 2432 nam
1539 2396 1757 2442 prosperitas

290 2450 362 2488 est,
385 2451 425 2480 ut
445 2446 563 2490 aiunt,
589 2447 766 2480 consimile
794 2446 956 2490 quiddam
975 2448 1076 2491 gravi
1094 2447 1254 2492 plumbo3
1274 2448 1310 2478 et
1327 2444 1358 2478 si
1383 2444 1555 2478 hominem
1575 2444 1755 2477 robustum

289 2502 358 2524 non
377 2491 617 2535 nanciscatur,
641 2492 701 2536 qui
720 2492 819 2527 oneri
844 2493 989 2526 ferendo
1009 2505 1073 2537 par
1092 2493 1159 2537 sit,
1178 2501 1322 2538 pronum
1345 2489 1382 2526 in
1399 2494 1528 2523 terram
1546 2487 1758 2534 praecipitat

289 2541 326 2570 et
357 2537 521 2581 proterit.
569 2538 714 2582 primum
741 2537 850 2581 igitur
882 2538 1074 2572 Michaelus
1107 2537 1246 2583 imperii
1282 2547 1447 2580 proceres
1476 2540 1513 2569 et
1538 2532 1756 2571 consiliarios

288 2581 466 2627 principes
487 2583 704 2618 barbaricum
726 2583 762 2617 in
790 2595 919 2617 morem
943 2584 1151 2628 genitalibus
1176 2582 1325 2618 exsectis
1350 2581 1511 2615 multavit
1526 2607 1535 2624 ‚
1568 2592 1637 2625 quo
1658 2580 1753 2613 facto

288 2639 311 2662 a
332 2628 444 2673 prima
462 2629 564 2673 quasi
585 2629 678 2663 linea
703 2640 741 2663 se
770 2629 965 2674 improbum
993 2629 1207 2671 declaravit:
1237 2627 1367 2673 quippe
1390 2627 1579 2661 sceleratos
1601 2624 1756 2660 homines

289 2677 326 2708 et
348 2675 393 2708 ad
412 2675 578 2709 malitiam
596 2674 756 2709 sollertes
775 2675 833 2709 vel
851 2687 920 2709 uno
945 2676 1023 2720 quis
1051 2676 1127 2719 die,
1152 2686 1217 2708 ceu
1238 2674 1309 2708 dici
1333 2672 1535 2715 consuevit,
1557 2669 1754 2716 agnoverit.

286 2719 414 2754 deinde
437 2721 624 2755 iuvenibus
646 2720 796 2765 puerilia
814 2721 959 2755 consilia
984 2720 1252 2765 suggerentibus
1272 2719 1444 2754 adiunctis
1467 2718 1537 2752 sibi
1565 2730 1606 2751 ac
1621 2715 1753 2771 primo-

286 2777 362 2799 rum
381 2765 420 2800 in
441 2766 722 2800 consiliariorum
752 2778 930 2800 numerum
961 2767 1099 2809 relatis,
1129 2766 1275 2811 perinde
1301 2777 1342 2806 ac
1362 2765 1562 2802 Roboamus
1586 2762 1666 2797 olim
1685 2760 1753 2794 So-

286 2811 430 2847 lomonis
449 2812 546 2847 filius
569 2824 647 2846 sese
670 2814 838 2857 gerebat,
870 2812 969 2848 Zoen
999 2818 1036 2846 et
1058 2813 1281 2846 Theodoram
1303 2811 1443 2856 reginas
1468 2809 1576 2844 eiecit
1600 2811 1637 2842 et
1656 2817 1754 2859 rasps

284 2859 455 2902 quandam
479 2857 518 2895 in
547 2858 693 2895 insulam
725 2858 909 2903 relegavit.
958 2870 1000 2893 ea
1017 2870 1074 2893 res
1103 2857 1327 2903 gravissimas
1351 2857 1476 2891 misero
1498 2856 1619 2890 turbas
1644 2852 1754 2895 dedu,
