1832 3250
221 755 252 790 B

202 1634 246 1680 :c

274 229 338 278 68
655 220 1023 280 CONSTANTINI
1059 220 1333 266 MANAssss

404 341 430 398 ἦ
449 339 560 391 πόλις
575 338 701 393 ’Άλβα
721 337 850 394 γέγονε
871 335 1037 394 λαμπρὰ
1057 337 1125 378 καὶ
1142 335 1445 393 τρισευὸαΙμων.

276 411 383 456 1540
405 408 492 454 τότε
514 408 552 450 δ’
574 407 740 457 Αἲνείας
757 409 808 462 τῇ
829 409 943 462 φωνῇ
961 408 1011 461 τῇ
1023 405 1119 463 θείᾳ
1135 403 1387 458 πεπεισμένος

404 479 487 520 ἐκεῖ
500 476 668 527 πολίζειν
687 473 835 531 ἤρξατο
855 470 970 514 πόλιν
987 473 1229 514 Λαουινιάν.

403 546 473 588 καί
486 561 524 586 τι
544 543 688 597 συνέβη
704 539 943 595 θαυμαστὸν
960 537 1229 596 ἄξιαφήγητόν
1245 555 1300 580 τε.

389 604 544 669 ῥπρῶτα
559 611 631 665 μὲν
649 614 728 667 πῦρ
746 606 972 662 αὐτόματος
990 611 1060 661 τῆς
1077 604 1205 660 νάπης
1221 601 1412 659 ἀνεδόθη,

404 679 536 722 ἔπειτα
553 677 672 729 λύκος
688 679 866 732 ἓκπηὸῶν
885 675 1011 729 ποθὲν
1028 673 1107 715 ἀπὸ
1130 675 1337 729 ὃρυμῶνος

272 749 377 795 1545
400 747 499 801 ὕλην
516 746 640 802 ’ξηρὰν
658 749 716 803 τῷ
736 742 904 797 στόματι
921 739 1138 795 λαμβάνων
1155 742 1340 783 ἐπετίθει.

403 815 517 864 ἀετὸς
534 810 847 870 πτερυσσόμενος
857 843 870 862 ,
904 809 1012 866 ὅρνις
1027 809 1335 865 μεγαλοπτέρυξ,

401 889 484 932 τοῖς
503 881 685 938 πτέρυξιν
709 880 861 922 ἀνέκαιε
881 877 927 921 τὸ
951 881 1030 933 πῦρ
1052 877 1328 933 ἀναρριπίζων.

405 948 567 1004 ἀλώπηξ
590 949 635 990 ὁέ
648 965 708 998 τις
726 946 870 1004 δολερὰ
887 943 1041 994 τούτοις
1058 944 1320 998 άντιζηλοῢσα

400 1019 465 1060 καὶ
485 1024 568 1067 τοῖς
589 1013 806 1058 ἀνάπτουσι
827 1014 872 1056 τὸ
892 1017 971 1070 πῦρ
993 1011 1352 1065 ἄντιπαλαμωμὲνη

270 1086 378 1131 1550
401 1083 598 1139 σβεννύειν
617 1083 801 1126 ἔσπευδεν
821 1081 918 1123 αὐτὸ
939 1082 1005 1122 καὶ
1024 1079 1240 1136 μαρασμὸν
1260 1077 1430 1133 ἐπάγειν,

402 1153 472 1207 τὴν
490 1153 628 1208 κέρκον
648 1150 915 1207 ὃιαβρέχουσα
936 1146 1079 1202 λιβάσι
1090 1147 1300 1201 ποταμίοις

399 1222 466 1263 καὶ
484 1218 608 1276 ταύτῃ
626 1219 913 1275 ὁιαρραίνουσα
929 1216 1001 1271 τὴν
1016 1214 1242 1271 ξυλοφάγον
1259 1210 1405 1271 φλόγα.

399 1288 494 1330 ποτὲ
510 1288 582 1341 μὲν
604 1281 673 1329 οὖν
692 1286 729 1329 οἳ
745 1286 932 1334 θέλοντες
951 1282 1137 1325 ἀνάπτειν
1158 1280 1412 1337 ἐπεκράτουν,

399 1356 493 1397 ποτὲ
510 1355 553 1396 ‹5’
572 1355 727 1396 ἐκείνων
742 1356 879 1409 περιῆν
894 1350 920 1405 ἡ
936 1351 1116 1393 θέλουσα
1133 1347 1331 1404 σβεννύειν
1342 1361 1356 1372 ·

267 1424 373 1467 1555
399 1423 509 1472 τέλος
529 1422 566 1463 οἱ
582 1422 656 1474 μὲν
671 1422 867 1474 ἐνίκησαν,
901 1417 927 1473 ἦ
945 1418 988 1459 (5²
1011 1417 1133 1474 ᾤχετο
1155 1420 1354 1473 φυγοῦσα.

397 1489 516 1533 ταῦτ’
540 1483 610 1530 οὖν
627 1489 794 1537 Λῗνειάς
814 1485 986 1528 κατιδὼν
1005 1487 1226 1541 ἐπίφθονον
1247 1483 1320 1538 τὴν
1340 1478 1454 1524 πόλιν

351 1600 357 1603 ,
397 1558 584 1613 γενέσθαι
605 1556 872 1612 προεφοίβασε
881 1585 894 1606 ,
929 1552 1059 1594 πολλὰ
1079 1553 1122 1594 δὲ
1144 1555 1387 1606 κυκηθεῖσαν

398 1623 514 1679 μόλις
532 1624 627 1665 ποτὲ
649 1625 715 1665 καὶ
737 1622 811 1665 σὺν
830 1627 1000 1678 μακροῖς
1017 1618 1211 1674 καμάτοις
1232 1615 1468 1672 ἐπαλλήλοις

397 1691 699 1747 καθυπερτέραν
713 1689 877 1732 ἔσεσθαι
895 1692 973 1731 τῶν
991 1685 1338 1741 ἐπιβουλευόντων.

265 1759 374 1804 1560
465 1761 550 1801 Καὶ
570 1762 698 1800 ταῦτα
719 1757 792 1810 μὲν
813 1754 1076 1812 ἐπράχθησαν
1095 1756 1258 1798 Αἷνειόυ
1278 1749 1501 1812 περιόντος·

398 1828 479 1869 ἐπεὶ
502 1825 543 1868 ‹5’
568 1826 713 1875 ἐκεῖνος
732 1824 838 1867 ἔλιπε
862 1823 932 1866 τὸν
950 1821 1166 1881 ταραχώδη
1190 1823 1295 1876 βίον,

354 1968 442 2003 1546
472 1964 580 2005 αἐτὸς
611 1961 652 2000 δὲ
680 1976 741 2000 πτ.
769 1965 855 2010 RR,
886 1961 1002 2004 αὐτὸς
1027 1961 1067 1998 δὲ
1094 1973 1158 1998 πτ.
1189 1964 1220 1998 A
1381 1960 1470 1997 1548
1491 1960 1648 2004 δολερῶς
1670 1959 1702 1995 Α

354 2015 441 2049 1551
466 2010 664 2054 ποταμίαις
695 2011 726 2044 Α
905 2010 995 2046 1552
1022 2007 1177 2047 ταύταις
1206 2007 1237 2042 Α
1419 2006 1509 2042 1556
1532 2003 1641 2041 τοῦτ’
1671 2006 1702 2042 Α

354 2059 441 2094 1557
463 2056 739 2104 παρεφοίβασεν
753 2056 785 2093 A
921 2056 1009 2092 1559
1025 2051 1343 2100 ἐπιβουλευμάτων
1360 2051 1395 2087 R

264 2191 348 2217 sane
365 2181 577 2226 splendidam
594 2185 698 2226 atque
716 2180 922 2226 opulentam,
945 2181 1200 2213 exstruxerunt.
1221 2176 1258 2211 id
1278 2187 1363 2211 vero
1382 2175 1549 2221 temporis
1565 2177 1702 2210 Aeneas

262 2226 402 2262 divinae
419 2228 498 2260 voci
519 2229 759 2272 obtemperans
778 2224 939 2271 oppidum
960 2223 1041 2258 istic
1058 2224 1207 2258 condere
1219 2249 1228 2266 ‚
1262 2223 1352 2267 quod
1371 2222 1520 2256 Lavinia
1541 2226 1700 2256 vocatum

262 2277 329 2316 est,
356 2272 484 2316 coepit.
522 2273 716 2317 acciditque
732 2272 853 2305 mirum
870 2270 1030 2314 quiddam
1052 2275 1088 2303 et
1107 2267 1426 2303 commemoratione
1445 2268 1599 2311 dignum.
1624 2266 1701 2312 pri-
1734 2290 1738 2292 -

261 2328 352 2352 mum
371 2322 495 2362 sponte
514 2328 576 2351 sua
598 2322 737 2353 exortus
755 2320 810 2351 est
830 2315 921 2361 ignis
939 2314 976 2349 in
995 2315 1096 2356 luc03
1130 2314 1255 2348 deinde
1284 2313 1384 2358 lupus
1409 2312 1566 2347 aiicunde
1582 2312 1698 2357 prosi-

261 2362 350 2397 liens
372 2375 392 2396 e
416 2374 534 2407 campo
555 2362 731 2396 materiem
748 2362 873 2396 siccam
892 2372 952 2394 ore
970 2361 1174 2405 prehensam
1191 2359 1228 2392 in
1244 2359 1358 2402 ignem
1379 2359 1546 2401 coniecit,
1584 2356 1700 2401 aquila

262 2407 394 2452 magnis
417 2408 478 2441 alis
497 2408 643 2442 vibratis
664 2409 778 2451 ignem
802 2406 987 2449 excitavit,
1020 2405 1141 2450 vulpes
1169 2404 1318 2448 denique
1337 2403 1557 2437 fraudulenta
1574 2403 1699 2448 cupide

261 2453 441 2488 conatibus
465 2453 598 2487 illorum
624 2454 786 2495 obstans,
822 2458 858 2486 et
885 2451 1000 2495 ignem
1024 2451 1252 2484 accendentes
1279 2449 1367 2483 dolis
1397 2449 1468 2483 suis
1495 2449 1699 2492 impediens,

260 2503 337 2533 tota
357 2498 394 2532 in
416 2510 458 2532 eo
479 2498 547 2532 fuit
568 2498 828 2542 exstinguendo,
852 2497 972 2542 petitis
991 2509 1010 2530 e
1030 2496 1169 2529 flumine
1188 2494 1301 2537 undis,
1323 2494 1447 2538 quibus
1466 2495 1607 2528 caudam
1624 2505 1698 2528 ma-

261 2545 458 2588 defecerat,
494 2544 661 2577 flammam
686 2547 840 2577 urentem
861 2553 1082 2587 respergens.
1129 2541 1195 2574 hoc
1222 2541 1322 2574 modo
1342 2540 1451 2573 fiebat
1477 2545 1516 2574 ut
1541 2550 1699 2573 nonnun-

260 2601 362 2635 quam
383 2589 434 2622 illi
453 2589 651 2632 superiores
671 2590 880 2630 evaderent,
913 2587 973 2632 qui
999 2587 1167 2621 flammam
1191 2586 1381 2619 accendere
1403 2584 1586 2628 volebant,
1610 2596 1698 2619 non-

261 2645 433 2679 nunquam
449 2634 571 2678 vulpes
588 2634 746 2668 vinceret
760 2633 1021 2677 restinguendo.
1067 2633 1205 2665 tandem
1224 2630 1291 2665 illis
1309 2630 1457 2664 victoria
1472 2630 1593 2674 potitis
1612 2630 1699 2664 haec

260 2681 345 2724 fuga
364 2679 433 2714 sibi
449 2679 631 2713 consuluit.
679 2679 765 2712 haec
783 2679 918 2712 Aeneas
938 2689 1014 2711 cum
1031 2677 1243 2721 aspexisset,
1275 2675 1451 2721 praedixit
1469 2677 1588 2710 urbem
1604 2674 1696 2709 illam

259 2725 413 2760 invidiae
430 2725 619 2769 expositam
636 2726 724 2767 fore,
742 2724 924 2768 multisque
941 2722 1052 2756 turbis
1068 2722 1275 2766 exagitatam
1292 2721 1351 2754 vix
1366 2721 1549 2766 aliquando
1565 2721 1696 2765 magnis

259 2776 297 2806 et
319 2770 572 2805 continentibus
598 2769 773 2804 laboribus
802 2772 1060 2803 consecuturam
1090 2771 1129 2801 ut
1154 2762 1416 2801 insidiatoribus
1443 2767 1516 2801 suis
1537 2765 1697 2812 superior

257 2816 459 2908 evadgltffue
477 2861 561 2897 haec
581 2860 717 2906 quidem
735 2859 846 2897 adhuc
862 2858 981 2896 Aenea
999 2857 1190 2905 superstite
1207 2857 1439 2904 contigerunt.
1486 2868 1562 2894 cum
1581 2858 1695 2893 autem
