1924 3242
338 190 431 236 116
721 188 954 233 GEORGII
979 189 1358 261 ACROPOLITAE
1391 194 1400 205 '

335 299 438 344 εἶδον
460 299 580 343 ἄστεα
601 301 666 342 καὶ
685 298 777 343 νόον
798 299 988 357 ἴγνωσαν.’
1048 302 1114 349 καὶ
1141 296 1244 356 ἦσαν
1273 302 1345 356 μέν
1375 301 1430 354 ὥς
1462 298 1756 359 ἆληθῶςοῦτοι

333 367 541 422 νοήμονες,
587 369 658 411 οὐκ
682 368 791 425 ὀρθὰ
816 370 859 411 δὲ
883 367 1075 425 ἐφρόνουν
1093 376 1177 419 τοῖς
1196 374 1274 412 τῶν
1290 369 1493 424 Ῥωμαίων
1514 371 1756 428 πράγμασιν,

334 438 463 479 αἰτίαν
485 435 636 488 ἔχοντες
655 436 700 478 τὸ
721 439 1114 493 παρευδοκιμηθῆναι
1135 438 1186 479 τὰ
1204 442 1342 495 πρῶτα
1363 439 1473 495 παρὰ
1492 444 1564 485 τοῦ
1578 440 1755 497 ἀδελφοὸ

331 505 397 545 καὶ
417 503 623 556 βασιλέως,
656 505 824 559 μηδενὸς
845 505 974 547 αὐτῶν
990 507 1044 554 εἷς
1063 506 1176 555 ἀξίαν
1194 506 1410 560 ἀνηγμένου
1427 508 1622 560 βασιλέως
1637 508 1756 550 ἀδελ-

283 575 313 609 C
335 577 425 626 φοῖς
449 572 753 626 διαπρέπουσαν.
808 571 903 615 ἐἶτα
935 574 1000 614 καὶ
1033 573 1143 628 παρὰ
1169 577 1240 614 τοῦ
1263 578 1447 630 γαμβροῦ
1476 577 1542 616 καὶ
1562 576 1785 628 βασιλέωςό

333 639 400 680 καὶ
418 639 607 695 φυγαδίαι
624 644 694 694 τῆς
707 638 911 693 Ῥωμαίων
930 641 1169 696 γεγενημένοι
1191 641 1290 697 πρὸς
1309 642 1453 691 αὐτοὺς
1469 643 1759 696 ἐδυσμέναινον.

332 707 399 747 καὶ
428 710 555 747 ταῦτα
581 709 652 759 μὲν
685 708 780 757 ἴσως
813 710 898 764 ἐρεῖ
919 725 979 757 τις
1009 709 1115 750 αἴτια
1145 706 1264 759 εἶναι,
1305 709 1350 751 τὸ
1373 711 1416 751 δὲ
1436 710 1585 764 ἀληθὲς
1605 709 1657 751 τὰ
1679 713 1758 756 τῶν

331 771 559 828 ἀνθρώπων
586 773 670 830 ἤθη
706 775 878 828 ἀβέβαια
909 775 1004 816 ὄντα
1034 778 1100 817 καὶ
1137 775 1290 818 ἄστατα
1325 775 1527 827 τοιούτους
1557 775 1759 832 τυγχάνειν

330 842 500 883 ἐποίουν.
566 845 632 884 καὶ
662 846 788 884 ταῦτα
821 844 892 897 μὲν
916 843 962 884 οὗ
984 842 1239 886 διελάνθανεν
1263 845 1355 886 οὐδὲ
1376 845 1443 886 τὸν
1463 846 1632 899 βασιλέα
1656 842 1758 886 Θεό-

331 910 481 964 δωρον·
515 908 612 960 τέως
641 905 710 952 οὖν
741 908 795 959 ὥς
825 913 989 960 οἰκείους
1018 916 1090 953 τοῦ
1121 913 1290 965 αἵματος
1320 915 1386 954 καὶ
1406 912 1452 954 τὸ
1475 917 1594 966 τιμᾶν
1615 911 1812 962 αὗτοὺςω

333 976 401 1017 διὰ
432 975 579 1026 παντὸς
610 976 869 1034 προελόμενος
901 980 1042 1033 ἐχρᾶτο
1077 979 1176 1035 πρὸς
1208 979 1451 1033 συμβουλάς.
1529 979 1758 1022 ὑπετίθεντο

329 1047 426 1098 γοῦν
449 1038 556 1098 οὗτοι
577 1043 630 1094 ὥς
649 1046 694 1086 οὗ
710 1046 840 1101 χρεών
860 1046 928 1088 τὸν
943 1048 1111 1100 βασιλέα
1132 1049 1366 1103 διαπερᾶσαι
1386 1047 1485 1104 πρὸς
1502 1047 1573 1102 τὴν
1591 1045 1760 1101 δυσμήν,

332 1109 393 1152 ὅτι
413 1127 454 1153 τε
472 1116 603 1162 κακῶς
621 1112 782 1168 πράττει
804 1114 853 1156 τὰ
876 1118 1041 1156 τοιαῦτα
1061 1115 1175 1170 μέρη,
1210 1117 1276 1156 καὶ
1298 1113 1352 1164 ὡς
1372 1121 1484 1156 νοσεῖ
1498 1115 1638 1168 σχεδὸν
1658 1115 1760 1156 ἀθε-

276 1186 309 1221 Ῑ)
333 1176 533 1233 ράπευτα,
579 1179 807 1236 στράτευμά
836 1198 877 1222 τε
909 1182 966 1234 μὴ
998 1181 1096 1234 ἔχειν
1122 1181 1190 1222 τὸν
1211 1183 1379 1234 βασιλέα
1401 1186 1600 1238 προσῆκον
1621 1180 1761 1239 πράξει

328 1250 537 1301 βασιλικῇ·
581 1245 602 1287 ὅ
633 1247 709 1303 γὰρ
731 1248 881 1300 χειμὼν
903 1246 1046 1289 ἐκώλυε
1068 1248 1140 1301 τὴν
1162 1247 1421 1304 συνάθροισιν
1440 1252 1518 1291 τῶν
1542 1248 1757 1302 δυνάμεων.
1771 1256 1815 1292 15

329 1314 397 1354 καὶ
416 1314 462 1354 τὸ
486 1315 726 1368 ἐπιδημῆσαι
746 1314 848 1356 κατὰ
865 1313 1004 1370 χώραν
1021 1315 1089 1356 τὸν
1108 1316 1275 1368 βασιλέα
1292 1318 1357 1357 καὶ
1377 1316 1434 1370 μὴ
1457 1315 1566 1366 ἄξιον
1583 1320 1655 1358 τοῦ
1670 1315 1762 1358 ὀνό-

328 1397 457 1434 ματος
488 1380 612 1422 αὐτοῦ’
633 1383 699 1423 καὶ
721 1386 791 1436 τῆς
813 1380 949 1438 φήμης
969 1381 1218 1438 ἐργάσασθαι
1239 1384 1285 1424 οὗ
1307 1387 1386 1425 τῶν
1409 1383 1673 1440 ἀφῃρημένων
1693 1385 1762 1426 καὶ

327 1446 450 1501 μόνον
468 1450 683 1502 βεβαίωσιν
712 1450 753 1490 ἐν
782 1456 863 1499 τοῖς
888 1451 1049 1506 ἐχθροῖς
1072 1457 1258 1501 ποιεῖται,
1295 1451 1397 1492 ἀλλὰ
1417 1454 1483 1492 καὶ
1507 1456 1585 1494 τῶν
1607 1455 1762 1508 περιλε-

326 1516 543 1570 λειμμένων
578 1517 788 1573 ἀφαίρεσιν
815 1517 939 1572 αὔξην
972 1535 1013 1560 τε
1043 1523 1121 1559 τῶν
1154 1516 1392 1561 ὑπεναντίων
1424 1523 1560 1575 πολλῷ
1587 1521 1757 1572 μείζονα,

328 1581 383 1632 ὥς
403 1586 469 1625 καὶ
489 1587 568 1626 τῶν
582 1582 811 1638 Ῥωμαϊκῶν
828 1584 1071 1642 πραγμάτων
1092 1585 1305 1628 ἐλάττωσιν
1328 1587 1373 1627 οὗ
1398 1585 1581 1642 σμικράν.
1631 1590 1814 1628 ταῦταΞΟ

327 1651 401 1704 μὲν
424 1646 531 1693 οὗτοι
540 1683 554 1704 ,
588 1650 610 1693 ὅ
633 1653 676 1694 δὲ
694 1653 745 1694 τὰ
766 1657 929 1695 πλεῖστα
951 1655 1224 1707 πεποθημένος
1247 1654 1356 1710 αὐτῷ
1373 1652 1602 1705 Μουζάλων
1623 1655 1663 1694 Γ
1659 1652 1759 1710 enip-

326 1734 436 1773 γιος,
469 1719 540 1772 τὴν
570 1724 642 1761 τοῦ
669 1719 842 1775 μεγάλου
873 1722 1105 1774 δομεστίκου
1139 1719 1305 1775 δύναμιν
1331 1723 1634 1777 περιεζωσμένος
1640 1753 1653 1772 ,
1687 1722 1760 1774 τὴν

326 1786 538 1839 βασιλικὴν
558 1789 772 1843 περαίωσιν
791 1787 1045 1841 συνεβούλευε
1069 1790 1134 1829 καὶ
1157 1787 1303 1843 ταύτην
1323 1787 1542 1844 κατήπειγε,
1574 1789 1632 1844 μὴ
1649 1787 1759 1847 λάθῃ

417 1902 441 1937 6
462 1901 660 1947 φυγαδίαις
679 1905 716 1937 et
736 1900 985 1948 γεγενημένοις
1005 1903 1120 1949 vulgo.

326 2012 415 2047 que,
442 2005 482 2036 ut
505 2005 606 2048 poeta
629 2003 761 2047 cecinit,
796 2004 950 2039 viderunt
972 2005 1073 2039 urbes
1089 2006 1123 2038 et
1137 2015 1245 2039 mores
1262 2004 1424 2039 hominum
1441 2008 1679 2050 cognoverunt.
1723 2005 1759 2040 hi

326 2047 419 2090 licet,
442 2051 480 2082 ut
493 2060 610 2083 verum
626 2051 747 2093 fatear,
771 2050 868 2095 pleno
886 2055 1022 2095 pectore
1036 2055 1202 2095 saperent,
1220 2062 1284 2084 non
1301 2055 1393 2084 recte
1407 2055 1516 2084 tamen
1531 2051 1758 2084 Romanorum

326 2093 427 2126 rebus
443 2094 678 2137 consulebant,
709 2096 799 2140 quod
820 2096 959 2140 primum
982 2107 1001 2129 a
1023 2097 1127 2130 fratre
1141 2101 1176 2129 et
1190 2095 1390 2140 imperatore
1406 2096 1548 2139 neglecti
1563 2096 1649 2129 nullo
1666 2095 1758 2140 digni

324 2137 430 2172 habiti
444 2139 585 2172 fuissent
596 2151 743 2183 munere,
765 2141 854 2185 quod
870 2142 991 2175 fratres
1005 2140 1216 2186 imperatoris
1233 2141 1450 2182 condeceret;
1483 2141 1558 2174 dein
1576 2152 1636 2185 per
1651 2152 1758 2184 gene-

324 2192 398 2216 rum
414 2187 447 2216 et
461 2183 693 2228 imperatorem
708 2187 750 2219 ab
766 2186 837 2219 solo
854 2186 961 2230 patrio
977 2191 1126 2221 extorres
1137 2213 1145 2225 ,
1170 2186 1212 2219 ab
1236 2186 1284 2219 eis
1306 2190 1395 2219 totos
1415 2196 1452 2218 se
1472 2185 1755 2221 abalienaverant.

325 2232 362 2259 et
376 2227 436 2260 has
448 2228 579 2271 quidem
595 2241 712 2265 causas
721 2231 877 2265 Romanis
891 2231 965 2265 illos
979 2231 1220 2265 inimicissimos
1235 2230 1417 2264 reddidisse
1430 2230 1547 2274 aliquis
1562 2232 1651 2264 forte
1664 2231 1756 2265 dice-

323 2274 397 2304 ret:
420 2273 514 2305 nobis
535 2274 618 2307 satis
642 2276 808 2318 cognitum
828 2287 936 2310 mores
951 2277 1115 2310 hominum
1131 2276 1276 2310 incertos
1291 2279 1392 2319 atque
1406 2275 1576 2310 instabiles
1590 2275 1624 2309 iu
1640 2276 1757 2310 huius-

324 2315 415 2349 modi
441 2327 499 2351 eos
524 2317 700 2352 deduxisse
722 2320 927 2363 simultates,
961 2333 1047 2365 quae
1063 2332 1172 2366 neque
1192 2321 1424 2365 imperatorem
1439 2321 1654 2354 Theodorum
1667 2321 1758 2355 late-

323 2361 414 2395 bant.
460 2361 666 2396 nihilominus
682 2375 739 2397 eos
751 2390 760 2406 ,
785 2370 941 2409 tanquam
954 2367 1114 2410 sanguine
1129 2366 1319 2399 coniunctos
1331 2390 1341 2406 ,
1364 2369 1398 2399 et
1413 2365 1502 2409 quod
1517 2371 1679 2410 perpetuo
1696 2377 1761 2400 eos,

323 2405 503 2440 bonoribus
517 2408 740 2442 condecorare
756 2416 988 2454 proposuerat,
1012 2411 1153 2444 consiliis
1169 2411 1357 2444 adhibebat.
1392 2412 1623 2464 proponebant
1637 2411 1756 2456 itaquo

322 2450 371 2484 illi
388 2462 452 2485 non
466 2463 542 2486 esse
555 2464 679 2497 operae
692 2454 832 2499 pretium
847 2455 1078 2499 imperatorem
1092 2457 1124 2489 in
1139 2467 1292 2489 occasum
1308 2455 1478 2499 progredi,
1495 2456 1583 2500 quod
1598 2467 1660 2490 eae
1674 2467 1756 2501 par-

322 2499 376 2529 tes
389 2496 472 2530 male
484 2497 723 2532 afflictarentur
738 2503 772 2533 et
789 2500 916 2543 absque
930 2502 1073 2534 remedio
1089 2501 1302 2534 vehementer
1318 2501 1520 2535 laborarent.
1551 2501 1664 2546 copias
1679 2512 1755 2535 essa

318 2540 529 2586 imperatoris
544 2543 647 2578 exiles
661 2554 702 2576 ac
717 2548 833 2578 tenues
849 2556 910 2578 nec
924 2545 1017 2588 regio
1033 2550 1199 2590 apparatu
1214 2556 1385 2590 suppares,
1408 2556 1481 2579 cum
1495 2551 1627 2591 tempus
1640 2547 1755 2580 hiber-

320 2596 398 2619 num
410 2586 644 2631 impedimento
662 2594 751 2623 esset
765 2601 808 2623 ne
821 2595 1021 2634 cogerentur
1034 2591 1068 2623 in
1084 2601 1191 2624 unum.
1246 2595 1424 2633 praeterea
1445 2591 1700 2637 imperatorem,
1723 2591 1753 2625 si

321 2630 396 2664 loco
413 2637 586 2667 moveatur
607 2645 716 2680 neque
739 2635 860 2669 nomini
882 2646 942 2669 suo
962 2646 1071 2680 neque
1090 2636 1313 2680 expectationi
1326 2636 1497 2670 hominum.
1506 2636 1638 2680 dignum
1652 2636 1755 2680 quipf-

321 2675 412 2719 piam
426 2678 592 2721 conficiat,
617 2691 683 2713 non
698 2684 826 2714 tantum
841 2681 989 2715 hostibus
1003 2681 1112 2714 ablata
1127 2681 1330 2723 confirmare,
1353 2682 1411 2715 sed
1431 2685 1466 2715 et
1481 2682 1609 2726 reliqua
1625 2692 1750 2715 summo

319 2720 584 2758 adversariorum
606 2724 810 2759 incremento
832 2737 1008 2770 rerumque
1023 2726 1243 2760 Romanarum
1261 2726 1483 2760 imminutione
1502 2726 1695 2771 disperdere
1709 2736 1750 2759 ac

319 2765 492 2812 dissipare.
538 2772 574 2803 et
588 2769 672 2804 haec
687 2771 819 2815 quidem
834 2771 903 2805 isti.
947 2782 1064 2805 verum
1079 2771 1246 2815 Georgius
1262 2771 1395 2818 Muzalo
1411 2772 1561 2817 apprime
1575 2772 1628 2806 illi>
1637 2780 1748 2812 carus,

319 2810 377 2854 qui
391 2813 504 2858 magui
514 2813 687 2850 domestici
696 2827 835 2852 >munere
848 2815 1053 2861 iungebam,
1064 2843 1075 2860 ‚
1097 2816 1343 2863 imperatorium
1358 2828 1571 2863 progressum
1585 2827 1651 2851 nou
1667 2826 1748 2850 coa-
