<?xml version="1.0" encoding="UTF-8"?>
<!DOCTYPE html PUBLIC "-//W3C//DTD XHTML 1.0 Transitional//EN"
    "http://www.w3.org/TR/xhtml1/DTD/xhtml1-transitional.dtd">
<html xmlns="http://www.w3.org/1999/xhtml" xml:lang="en" lang="en">
 <head>
  <title>
</title>
<meta http-equiv="Content-Type" content="text/html;charset=utf-8" />
  <meta name='ocr-system' content='tesseract 3.04.00' />
  <meta name='ocr-capabilities' content='ocr_page ocr_carea ocr_par ocr_line ocrx_word'/>
</head>
<body>
  <div class='ocr_page' id='page_1' title='image "./corpusscriptorum06niebuoft_0430.png"; bbox 0 0 1924 3242; ppageno 0'>
   <div class='ocr_carea' id='block_1_1' title="bbox 341 177 1369 224">
    <p class='ocr_par' dir='ltr' id='par_1_1' title="bbox 341 177 1369 224">
     <span class='ocr_line' id='line_1_1' title="bbox 341 177 1369 224; baseline -0.005 0"><span class='ocrx_word' id='word_1_1' title='bbox 341 178 404 224; x_wconf 81' lang='lat'><em>28</em></span> <span class='ocrx_word' id='word_1_2' title='bbox 731 178 963 222; x_wconf 87' lang='lat' dir='ltr'><strong>GEORGII</strong></span> <span class='ocrx_word' id='word_1_3' title='bbox 988 177 1369 222; x_wconf 81' lang='lat' dir='ltr'><strong>ACROPOLITAE</strong></span> 
     </span>
    </p>
   </div>
   <div class='ocr_carea' id='block_1_2' title="bbox 219 286 1818 1626">
    <p class='ocr_par' dir='ltr' id='par_1_2' title="bbox 219 286 1818 1626">
     <span class='ocr_line' id='line_1_2' title="bbox 338 286 1768 346; baseline 0.001 -15"><span class='ocrx_word' id='word_1_4' title='bbox 338 290 412 345; x_wconf 80' lang='grc' dir='ltr'><em>τὴν</em></span> <span class='ocrx_word' id='word_1_5' title='bbox 433 289 556 332; x_wconf 80' lang='grc' dir='ltr'><em>αὗτοῦ</em></span> <span class='ocrx_word' id='word_1_6' title='bbox 577 287 724 346; x_wconf 74' lang='grc' dir='ltr'><em>ἀρχήν·</em></span> <span class='ocrx_word' id='word_1_7' title='bbox 759 287 802 331; x_wconf 61' lang='grc' dir='ltr'><em>ἔκ</em></span> <span class='ocrx_word' id='word_1_8' title='bbox 819 306 860 331; x_wconf 84' lang='grc' dir='ltr'><em>τε</em></span> <span class='ocrx_word' id='word_1_9' title='bbox 881 289 958 346; x_wconf 80' lang='grc' dir='ltr'><em>γὰρ</em></span> <span class='ocrx_word' id='word_1_10' title='bbox 979 293 1057 332; x_wconf 78' lang='grc' dir='ltr'><em>τῶν</em></span> <span class='ocrx_word' id='word_1_11' title='bbox 1073 288 1232 332; x_wconf 77' lang='grc' dir='ltr'><em>Ἰταλῶν</em></span> <span class='ocrx_word' id='word_1_12' title='bbox 1252 289 1323 332; x_wconf 82' lang='grc' dir='ltr'><em>οῧκ</em></span> <span class='ocrx_word' id='word_1_13' title='bbox 1345 289 1479 345; x_wconf 76' lang='grc' dir='ltr'><em>ὀλίγην</em></span> <span class='ocrx_word' id='word_1_14' title='bbox 1495 287 1634 346; x_wconf 82' lang='grc' dir='ltr'><em>χώραν</em></span> <span class='ocrx_word' id='word_1_15' title='bbox 1653 286 1768 344; x_wconf 57' lang='lat' dir='ltr'><em>lutri-7</em></span> 
     </span>
     <span class='ocr_line' id='line_1_3' title="bbox 339 354 1764 414; baseline -0.001 -14"><span class='ocrx_word' id='word_1_16' title='bbox 339 373 461 409; x_wconf 87' lang='grc' dir='ltr'><em>σατο,</em></span> <span class='ocrx_word' id='word_1_17' title='bbox 505 356 579 398; x_wconf 79' lang='grc' dir='ltr'><em>κάκ</em></span> <span class='ocrx_word' id='word_1_18' title='bbox 609 361 690 398; x_wconf 78' lang='grc' dir='ltr'><em>τῶν</em></span> <span class='ocrx_word' id='word_1_19' title='bbox 710 355 954 414; x_wconf 82' lang='grc' dir='ltr'><em>Βουλγάρων</em></span> <span class='ocrx_word' id='word_1_20' title='bbox 983 355 1153 412; x_wconf 79' lang='grc' dir='ltr'><em>πολλήν·</em></span> <span class='ocrx_word' id='word_1_21' title='bbox 1186 356 1258 412; x_wconf 83' lang='grc' dir='ltr'><em>τήν</em></span> <span class='ocrx_word' id='word_1_22' title='bbox 1278 374 1319 400; x_wconf 91' lang='grc' dir='ltr'><em>τε</em></span> <span class='ocrx_word' id='word_1_23' title='bbox 1341 357 1416 413; x_wconf 78' lang='grc' dir='ltr'><em>γὰρ</em></span> <span class='ocrx_word' id='word_1_24' title='bbox 1443 357 1670 399; x_wconf 79' lang='grc' dir='ltr'><strong><em>Θεσσαλίαν</em></strong></span> <span class='ocrx_word' id='word_1_25' title='bbox 1686 354 1764 414; x_wconf 68' lang='grc' dir='ltr'><em>ὑφ’</em></span> 
     </span>
     <span class='ocr_line' id='line_1_4' title="bbox 339 422 1766 482; baseline -0.001 -15"><span class='ocrx_word' id='word_1_26' title='bbox 339 424 480 467; x_wconf 71' lang='grc' dir='ltr'><em>ἑαυτὸν</em></span> <span class='ocrx_word' id='word_1_27' title='bbox 504 422 713 477; x_wconf 69' lang='grc' dir='ltr'><em>ἐποιήσατο</em></span> <span class='ocrx_word' id='word_1_28' title='bbox 728 424 892 481; x_wconf 77' lang='grc' dir='ltr'><em>Ἀχρίδα</em></span> <span class='ocrx_word' id='word_1_29' title='bbox 922 442 962 467; x_wconf 85' lang='grc' dir='ltr'><em>τε</em></span> <span class='ocrx_word' id='word_1_30' title='bbox 995 427 1060 467; x_wconf 81' lang='grc' dir='ltr'><em>καὶ</em></span> <span class='ocrx_word' id='word_1_31' title='bbox 1079 426 1291 482; x_wconf 85' lang='grc' dir='ltr'><em>Πρίλαπον</em></span> <span class='ocrx_word' id='word_1_32' title='bbox 1305 423 1496 478; x_wconf 79' lang='grc' dir='ltr'><em>Ἀλβανόν</em></span> <span class='ocrx_word' id='word_1_33' title='bbox 1517 441 1560 467; x_wconf 88' lang='grc' dir='ltr'><em>τε</em></span> <span class='ocrx_word' id='word_1_34' title='bbox 1579 426 1645 466; x_wconf 77' lang='grc' dir='ltr'><em>καὶ</em></span> <span class='ocrx_word' id='word_1_35' title='bbox 1669 423 1766 467; x_wconf 75' lang='grc' dir='ltr'><em>αὐτὸ</em></span> 
     </span>
     <span class='ocr_line' id='line_1_5' title="bbox 338 489 1764 548; baseline 0 -14"><span class='ocrx_word' id='word_1_36' title='bbox 338 492 384 534; x_wconf 83' lang='grc' dir='ltr'><em>τὸ</em></span> <span class='ocrx_word' id='word_1_37' title='bbox 406 489 650 547; x_wconf 75' lang='grc' dir='ltr'><em>Δυρράχιον,</em></span> <span class='ocrx_word' id='word_1_38' title='bbox 685 490 784 534; x_wconf 64' lang='grc' dir='ltr'><em>ἔνθα</em></span> <span class='ocrx_word' id='word_1_39' title='bbox 806 494 871 534; x_wconf 84' lang='grc' dir='ltr'><em>καὶ</em></span> <span class='ocrx_word' id='word_1_40' title='bbox 890 493 1047 548; x_wconf 78' lang='grc' dir='ltr'><strong><em>Πέτρον</em></strong></span> <span class='ocrx_word' id='word_1_41' title='bbox 1068 493 1168 546; x_wconf 78' lang='grc' dir='ltr'><em>μετὰ</em></span> <span class='ocrx_word' id='word_1_42' title='bbox 1190 493 1373 547; x_wconf 75' lang='grc' dir='ltr'><em>μεγίστης</em></span> <span class='ocrx_word' id='word_1_43' title='bbox 1393 495 1582 548; x_wconf 82' lang='grc' dir='ltr'><em>στρατιᾶς</em></span> <span class='ocrx_word' id='word_1_44' title='bbox 1601 493 1644 542; x_wconf 73' lang='grc' dir='ltr'><em>ἐξ</em></span> <span class='ocrx_word' id='word_1_45' title='bbox 1660 491 1764 534; x_wconf 70' lang='grc' dir='ltr'><em>Ἰτα-</em></span> 
     </span>
     <span class='ocr_line' id='line_1_6' title="bbox 339 556 1795 616; baseline 0.001 -17"><span class='ocrx_word' id='word_1_46' title='bbox 339 560 425 608; x_wconf 89' lang='grc' dir='ltr'><em>λίας</em></span> <span class='ocrx_word' id='word_1_47' title='bbox 446 556 674 614; x_wconf 76' lang='grc' dir='ltr'><em>ὁρμώμενον</em></span> <span class='ocrx_word' id='word_1_48' title='bbox 693 561 759 601; x_wconf 81' lang='grc' dir='ltr'><em>καὶ</em></span> <span class='ocrx_word' id='word_1_49' title='bbox 783 557 837 609; x_wconf 84' lang='grc' dir='ltr'><em>ὧς</em></span> <span class='ocrx_word' id='word_1_50' title='bbox 858 559 956 616; x_wconf 82' lang='grc' dir='ltr'><em>πρὸς</em></span> <span class='ocrx_word' id='word_1_51' title='bbox 978 561 1048 614; x_wconf 87' lang='grc' dir='ltr'><em>τὴν</em></span> <span class='ocrx_word' id='word_1_52' title='bbox 1069 557 1484 605; x_wconf 77' lang='grc' dir='ltr'><em>Κωνσταντινοῦπολιν</em></span> <span class='ocrx_word' id='word_1_53' title='bbox 1507 558 1795 613; x_wconf 77' lang='grc' dir='ltr'><em>πεποιημένον5</em></span> 
     </span>
     <span class='ocr_line' id='line_1_7' title="bbox 336 619 1765 684; baseline 0.003 -18"><span class='ocrx_word' id='word_1_54' title='bbox 336 626 408 680; x_wconf 86' lang='grc' dir='ltr'><em>τὴν</em></span> <span class='ocrx_word' id='word_1_55' title='bbox 432 627 588 678; x_wconf 79' lang='grc' dir='ltr'><em>δίοδον,</em></span> <span class='ocrx_word' id='word_1_56' title='bbox 633 619 942 683; x_wconf 69' lang='grc' dir='ltr'><em>ἀνηγορευμένον</em></span> <span class='ocrx_word' id='word_1_57' title='bbox 969 627 1068 684; x_wconf 83' lang='grc' dir='ltr'><em>πρὸς</em></span> <span class='ocrx_word' id='word_1_58' title='bbox 1096 631 1167 668; x_wconf 81' lang='grc' dir='ltr'><em>τοῦ</em></span> <span class='ocrx_word' id='word_1_59' title='bbox 1197 624 1310 668; x_wconf 71' lang='grc' dir='ltr'><em>πάντα</em></span> <span class='ocrx_word' id='word_1_60' title='bbox 1339 628 1403 668; x_wconf 81' lang='grc' dir='ltr'><em>καὶ</em></span> <span class='ocrx_word' id='word_1_61' title='bbox 1424 626 1607 680; x_wconf 79' lang='grc' dir='ltr'><strong><em>βασιλέα,</em></strong></span> <span class='ocrx_word' id='word_1_62' title='bbox 1641 625 1765 671; x_wconf 69' lang='grc' dir='ltr'><em>αὐτοῦ</em></span> 
     </span>
     <span class='ocr_line' id='line_1_8' title="bbox 219 685 1814 751; baseline 0.004 -23"><span class='ocrx_word' id='word_1_63' title='bbox 219 695 248 728; x_wconf 87' lang='grc' dir='ltr'><strong><em>Ρ</em></strong></span> <span class='ocrx_word' id='word_1_64' title='bbox 273 695 316 730; x_wconf 84' lang='grc'><em>14</em></span> <span class='ocrx_word' id='word_1_65' title='bbox 337 710 413 734; x_wconf 84' lang='grc' dir='ltr'><em>που</em></span> <span class='ocrx_word' id='word_1_66' title='bbox 434 694 682 748; x_wconf 76' lang='grc' dir='ltr'><em>γεγενημένον</em></span> <span class='ocrx_word' id='word_1_67' title='bbox 705 693 1070 751; x_wconf 84' lang='grc' dir='ltr'><em>προχειρωσάμενόν</em></span> <span class='ocrx_word' id='word_1_68' title='bbox 1090 711 1130 736; x_wconf 86' lang='grc' dir='ltr'><em>τε</em></span> <span class='ocrx_word' id='word_1_69' title='bbox 1155 695 1220 735; x_wconf 85' lang='grc' dir='ltr'><em>καὶ</em></span> <span class='ocrx_word' id='word_1_70' title='bbox 1243 685 1406 736; x_wconf 76' lang='grc' dir='ltr'><em>αὗτὸτό</em></span> <span class='ocrx_word' id='word_1_71' title='bbox 1425 691 1657 749; x_wconf 81' lang='grc' dir='ltr'><em>Δυρράχιον</em></span> <span class='ocrx_word' id='word_1_72' title='bbox 1675 709 1764 748; x_wconf 48' lang='grc' dir='ltr'><em>γενε</em></span> <span class='ocrx_word' id='word_1_73' title='bbox 1811 701 1814 705; x_wconf 78' lang='grc'>’</span> 
     </span>
     <span class='ocr_line' id='line_1_9' title="bbox 333 757 1764 818; baseline -0.001 -14"><span class='ocrx_word' id='word_1_74' title='bbox 333 762 454 812; x_wconf 85' lang='grc' dir='ltr'><em>ναιίος</em></span> <span class='ocrx_word' id='word_1_75' title='bbox 476 759 816 818; x_wconf 84' lang='grc' dir='ltr'><em>κατετροπώσατο.</em></span> <span class='ocrx_word' id='word_1_76' title='bbox 842 760 862 803; x_wconf 83' lang='grc' dir='ltr'>ὁ</span> <span class='ocrx_word' id='word_1_77' title='bbox 884 762 956 815; x_wconf 76' lang='grc' dir='ltr'><em>μὲν</em></span> <span class='ocrx_word' id='word_1_78' title='bbox 976 757 1046 803; x_wconf 73' lang='grc' dir='ltr'><em>οὖν</em></span> <span class='ocrx_word' id='word_1_79' title='bbox 1067 761 1203 818; x_wconf 75' lang='grc' dir='ltr'><em>ῥηθεὶς</em></span> <span class='ocrx_word' id='word_1_80' title='bbox 1219 762 1375 818; x_wconf 78' lang='grc' dir='ltr'><em>Πέτρος</em></span> <span class='ocrx_word' id='word_1_81' title='bbox 1391 759 1574 816; x_wconf 79' lang='grc' dir='ltr'><em>γαμβρὸς</em></span> <span class='ocrx_word' id='word_1_82' title='bbox 1591 757 1764 817; x_wconf 72' lang='grc' dir='ltr'><em>ὑπῆρχεν</em></span> 
     </span>
     <span class='ocr_line' id='line_1_10' title="bbox 334 827 1766 889; baseline 0 -20"><span class='ocrx_word' id='word_1_83' title='bbox 334 829 399 870; x_wconf 69' lang='grc' dir='ltr'><em>ἐπ’</em></span> <span class='ocrx_word' id='word_1_84' title='bbox 425 829 580 885; x_wconf 74' lang='grc' dir='ltr'><em>ἀδελφῇ</em></span> <span class='ocrx_word' id='word_1_85' title='bbox 611 833 683 871; x_wconf 76' lang='grc' dir='ltr'><em>τοῦ</em></span> <span class='ocrx_word' id='word_1_86' title='bbox 715 828 880 885; x_wconf 85' lang='grc' dir='ltr'><em>πρώτως</em></span> <span class='ocrx_word' id='word_1_87' title='bbox 911 827 1220 889; x_wconf 72' lang='grc' dir='ltr'><em>βασιλεύσαντος</em></span> <span class='ocrx_word' id='word_1_88' title='bbox 1249 830 1291 870; x_wconf 75' lang='grc' dir='ltr'><em>ἐκ</em></span> <span class='ocrx_word' id='word_1_89' title='bbox 1313 832 1385 870; x_wconf 80' lang='grc' dir='ltr'><em>τοῦ</em></span> <span class='ocrx_word' id='word_1_90' title='bbox 1403 829 1597 870; x_wconf 84' lang='grc' dir='ltr'><em>Λατίνων</em></span> <span class='ocrx_word' id='word_1_91' title='bbox 1618 828 1766 883; x_wconf 81' lang='grc' dir='ltr'><em>μέρους</em></span> 
     </span>
     <span class='ocr_line' id='line_1_11' title="bbox 335 893 1818 952; baseline -0.003 -14"><span class='ocrx_word' id='word_1_92' title='bbox 335 898 587 938; x_wconf 70' lang='grc' dir='ltr'><em>Βαλδουίνου</em></span> <span class='ocrx_word' id='word_1_93' title='bbox 609 899 673 938; x_wconf 84' lang='grc' dir='ltr'><em>καὶ</em></span> <span class='ocrx_word' id='word_1_94' title='bbox 694 901 766 938; x_wconf 80' lang='grc' dir='ltr'><em>τοῦ</em></span> <span class='ocrx_word' id='word_1_95' title='bbox 786 897 874 950; x_wconf 73' lang='grc' dir='ltr'><em>μετ’</em></span> <span class='ocrx_word' id='word_1_96' title='bbox 896 896 1015 938; x_wconf 78' lang='grc' dir='ltr'><em>αὐτὸν</em></span> <span class='ocrx_word' id='word_1_97' title='bbox 1031 897 1165 952; x_wconf 80' lang='grc' dir='ltr'><em>Ἐρρῆ,</em></span> <span class='ocrx_word' id='word_1_98' title='bbox 1187 898 1359 938; x_wconf 76' lang='grc' dir='ltr'><em>ἐκαλεῖτο</em></span> <span class='ocrx_word' id='word_1_99' title='bbox 1384 897 1427 938; x_wconf 75' lang='grc' dir='ltr'><em>δὲ</em></span> <span class='ocrx_word' id='word_1_100' title='bbox 1447 893 1474 950; x_wconf 78' lang='grc' dir='ltr'>ἦ</span> <span class='ocrx_word' id='word_1_101' title='bbox 1493 895 1624 937; x_wconf 75' lang='grc' dir='ltr'><em>αῧτῶν</em></span> <span class='ocrx_word' id='word_1_102' title='bbox 1644 895 1761 936; x_wconf 62' lang='grc' dir='ltr'><em>ἀδελὲ</em></span> <span class='ocrx_word' id='word_1_103' title='bbox 1774 898 1818 933; x_wconf 83' lang='grc'><em>10</em></span> 
     </span>
     <span class='ocr_line' id='line_1_12' title="bbox 336 958 1764 1021; baseline -0.001 -16"><span class='ocrx_word' id='word_1_104' title='bbox 336 963 394 1020; x_wconf 83' lang='grc' dir='ltr'><em>φὴ</em></span> <span class='ocrx_word' id='word_1_105' title='bbox 410 963 579 1006; x_wconf 85' lang='grc' dir='ltr'><em>Ἰολέντα</em></span> <span class='ocrx_word' id='word_1_106' title='bbox 589 996 602 1015; x_wconf 91' lang='grc'><em>,</em></span> <span class='ocrx_word' id='word_1_107' title='bbox 636 965 677 1014; x_wconf 72' lang='grc' dir='ltr'><em>ἐξ</em></span> <span class='ocrx_word' id='word_1_108' title='bbox 699 958 746 1018; x_wconf 73' lang='grc' dir='ltr'><em>ἧς</em></span> <span class='ocrx_word' id='word_1_109' title='bbox 767 966 903 1014; x_wconf 78' lang='grc' dir='ltr'><em>παῖδες</em></span> <span class='ocrx_word' id='word_1_110' title='bbox 921 968 979 1021; x_wconf 78' lang='grc' dir='ltr'><em>τῷ</em></span> <span class='ocrx_word' id='word_1_111' title='bbox 996 965 1141 1020; x_wconf 80' lang='grc' dir='ltr'><em>Πέτρῳ</em></span> <span class='ocrx_word' id='word_1_112' title='bbox 1163 964 1382 1019; x_wconf 85' lang='grc' dir='ltr'><em>γεγένηνται</em></span> <span class='ocrx_word' id='word_1_113' title='bbox 1403 969 1520 1020; x_wconf 82' lang='grc' dir='ltr'><em>τρεῖς,</em></span> <span class='ocrx_word' id='word_1_114' title='bbox 1550 961 1573 1004; x_wconf 81' lang='grc' dir='ltr'>ὅ</span> <span class='ocrx_word' id='word_1_115' title='bbox 1595 978 1635 1004; x_wconf 86' lang='grc' dir='ltr'><em>τε</em></span> <span class='ocrx_word' id='word_1_116' title='bbox 1661 962 1764 1003; x_wconf 85' lang='grc' dir='ltr'><em>Φίλ-</em></span> 
     </span>
     <span class='ocr_line' id='line_1_13' title="bbox 334 1025 1763 1088; baseline -0.001 -16"><span class='ocrx_word' id='word_1_117' title='bbox 334 1048 475 1082; x_wconf 84' lang='grc' dir='ltr'><em>ιππος,</em></span> <span class='ocrx_word' id='word_1_118' title='bbox 518 1029 538 1073; x_wconf 83' lang='grc' dir='ltr'><strong>ὅ</strong></span> <span class='ocrx_word' id='word_1_119' title='bbox 558 1030 796 1088; x_wconf 81' lang='grc' dir='ltr'><em>Ῥομπέρτος</em></span> <span class='ocrx_word' id='word_1_120' title='bbox 814 1033 879 1073; x_wconf 83' lang='grc' dir='ltr'><em>καὶ</em></span> <span class='ocrx_word' id='word_1_121' title='bbox 899 1030 920 1073; x_wconf 80' lang='grc' dir='ltr'><strong><em>ὃ</em></strong></span> <span class='ocrx_word' id='word_1_122' title='bbox 941 1025 1206 1082; x_wconf 75' lang='grc' dir='ltr'><em>Βαλὸουῗνος,</em></span> <span class='ocrx_word' id='word_1_123' title='bbox 1237 1025 1291 1073; x_wconf 79' lang='grc' dir='ltr'><em>ὧν</em></span> <span class='ocrx_word' id='word_1_124' title='bbox 1311 1029 1331 1073; x_wconf 85' lang='grc' dir='ltr'><strong>ὅ</strong></span> <span class='ocrx_word' id='word_1_125' title='bbox 1353 1031 1425 1084; x_wconf 77' lang='grc' dir='ltr'><em>μὲν</em></span> <span class='ocrx_word' id='word_1_126' title='bbox 1438 1029 1676 1086; x_wconf 85' lang='grc' dir='ltr'><em>Ῥομπέρτος</em></span> <span class='ocrx_word' id='word_1_127' title='bbox 1696 1031 1763 1071; x_wconf 81' lang='grc' dir='ltr'><em>καὶ</em></span> 
     </span>
     <span class='ocr_line' id='line_1_14' title="bbox 330 1092 1763 1154; baseline -0.001 -15"><span class='ocrx_word' id='word_1_128' title='bbox 330 1096 352 1139; x_wconf 83' lang='grc' dir='ltr'><em>ὃ</em></span> <span class='ocrx_word' id='word_1_129' title='bbox 373 1092 618 1149; x_wconf 76' lang='grc' dir='ltr'><em>Βαλὸουῗνος</em></span> <span class='ocrx_word' id='word_1_130' title='bbox 639 1103 710 1154; x_wconf 82' lang='grc' dir='ltr'><em>τῆς</em></span> <span class='ocrx_word' id='word_1_131' title='bbox 729 1100 1029 1141; x_wconf 88' lang='grc' dir='ltr'><em>Κωνσταντίνου</em></span> <span class='ocrx_word' id='word_1_132' title='bbox 1050 1097 1375 1153; x_wconf 79' lang='grc' dir='ltr'><em>βεβασιλεύκασι,</em></span> <span class='ocrx_word' id='word_1_133' title='bbox 1410 1102 1482 1140; x_wconf 81' lang='grc' dir='ltr'><em>τοῦ</em></span> <span class='ocrx_word' id='word_1_134' title='bbox 1503 1095 1662 1153; x_wconf 82' lang='grc' dir='ltr'><em>πρώτου</em></span> <span class='ocrx_word' id='word_1_135' title='bbox 1687 1095 1763 1138; x_wconf 78' lang='grc' dir='ltr'><em>αὗ-</em></span> 
     </span>
     <span class='ocr_line' id='line_1_15' title="bbox 333 1164 1763 1223; baseline -0.001 -16"><span class='ocrx_word' id='word_1_136' title='bbox 333 1170 413 1208; x_wconf 81' lang='grc' dir='ltr'><em>τῶν</em></span> <span class='ocrx_word' id='word_1_137' title='bbox 444 1166 620 1223; x_wconf 77' lang='grc' dir='ltr'><em>ἀδελφοῦ</em></span> <span class='ocrx_word' id='word_1_138' title='bbox 650 1171 722 1208; x_wconf 81' lang='grc' dir='ltr'><em>τοῦ</em></span> <span class='ocrx_word' id='word_1_139' title='bbox 746 1168 944 1207; x_wconf 81' lang='grc' dir='ltr'><em>Φιλίππου</em></span> <span class='ocrx_word' id='word_1_140' title='bbox 967 1170 1024 1223; x_wconf 70' lang='grc' dir='ltr'><em>τῷ</em></span> <span class='ocrx_word' id='word_1_141' title='bbox 1048 1167 1209 1222; x_wconf 74' lang='grc' dir='ltr'><em>ἀδελφῷ</em></span> <span class='ocrx_word' id='word_1_142' title='bbox 1222 1164 1447 1222; x_wconf 86' lang='grc' dir='ltr'><em>Ῥομπέρτῳ</em></span> <span class='ocrx_word' id='word_1_143' title='bbox 1469 1169 1541 1218; x_wconf 83' lang='grc' dir='ltr'><em>τῆς</em></span> <span class='ocrx_word' id='word_1_144' title='bbox 1558 1164 1763 1217; x_wconf 79' lang='grc' dir='ltr'><em>βασιλείας</em></span> 
     </span>
     <span class='ocr_line' id='line_1_16' title="bbox 333 1225 1815 1289; baseline -0.002 -15"><span class='ocrx_word' id='word_1_145' title='bbox 333 1233 710 1289; x_wconf 76' lang='grc' dir='ltr'><em>παραχωρήσαντος.</em></span> <span class='ocrx_word' id='word_1_146' title='bbox 774 1231 951 1288; x_wconf 75' lang='grc' dir='ltr'><em>ὑπῆρχον</em></span> <span class='ocrx_word' id='word_1_147' title='bbox 972 1234 1017 1274; x_wconf 79' lang='grc' dir='ltr'><em>δέ</em></span> <span class='ocrx_word' id='word_1_148' title='bbox 1030 1250 1142 1289; x_wconf 87' lang='grc' dir='ltr'><em>σφισι</em></span> <span class='ocrx_word' id='word_1_149' title='bbox 1160 1235 1227 1274; x_wconf 86' lang='grc' dir='ltr'><em>καὶ</em></span> <span class='ocrx_word' id='word_1_150' title='bbox 1246 1233 1429 1288; x_wconf 77' lang='grc' dir='ltr'><em>ἀδελφαί,</em></span> <span class='ocrx_word' id='word_1_151' title='bbox 1455 1225 1510 1272; x_wconf 77' lang='grc' dir='ltr'><em>ὧν</em></span> <span class='ocrx_word' id='word_1_152' title='bbox 1527 1233 1601 1284; x_wconf 85' lang='grc' dir='ltr'><em>μία</em></span> <span class='ocrx_word' id='word_1_153' title='bbox 1613 1232 1815 1287; x_wconf 60' lang='grc' dir='ltr'><em>Μαρίαὲὄ</em></span> 
     </span>
     <span class='ocr_line' id='line_1_17' title="bbox 282 1293 1762 1355; baseline -0.001 -15"><span class='ocrx_word' id='word_1_154' title='bbox 282 1301 313 1335; x_wconf 85' lang='grc' dir='ltr'><strong><em>Β</em></strong></span> <span class='ocrx_word' id='word_1_155' title='bbox 333 1295 395 1354; x_wconf 73' lang='grc' dir='ltr'><em>ἦν,</em></span> <span class='ocrx_word' id='word_1_156' title='bbox 420 1295 448 1355; x_wconf 81' lang='grc' dir='ltr'><em>ᾗ</em></span> <span class='ocrx_word' id='word_1_157' title='bbox 468 1299 651 1354; x_wconf 82' lang='grc' dir='ltr'><em>συνεζύγη</em></span> <span class='ocrx_word' id='word_1_158' title='bbox 674 1299 695 1341; x_wconf 84' lang='grc' dir='ltr'><strong>ὅ</strong></span> <span class='ocrx_word' id='word_1_159' title='bbox 719 1300 907 1353; x_wconf 76' lang='grc' dir='ltr'><em>βασιλεὺς</em></span> <span class='ocrx_word' id='word_1_160' title='bbox 929 1298 1168 1355; x_wconf 80' lang='grc' dir='ltr'><em>Θεόδωρος.’</em></span> <span class='ocrx_word' id='word_1_161' title='bbox 1219 1297 1239 1341; x_wconf 84' lang='grc' dir='ltr'><strong>ὃ</strong></span> <span class='ocrx_word' id='word_1_162' title='bbox 1260 1299 1332 1352; x_wconf 79' lang='grc' dir='ltr'><em>μὲν</em></span> <span class='ocrx_word' id='word_1_163' title='bbox 1352 1293 1420 1340; x_wconf 74' lang='grc' dir='ltr'><em>οὗν</em></span> <span class='ocrx_word' id='word_1_164' title='bbox 1441 1299 1637 1351; x_wconf 69' lang='grc' dir='ltr'><em>δηλωθεὶς</em></span> <span class='ocrx_word' id='word_1_165' title='bbox 1661 1296 1762 1339; x_wconf 86' lang='grc' dir='ltr'><em>Θεό-</em></span> 
     </span>
     <span class='ocr_line' id='line_1_18' title="bbox 332 1363 1761 1423; baseline -0.001 -15"><span class='ocrx_word' id='word_1_166' title='bbox 332 1369 482 1423; x_wconf 71' lang='grc' dir='ltr'><em>δωρος,</em></span> <span class='ocrx_word' id='word_1_167' title='bbox 517 1366 657 1416; x_wconf 75' lang='grc' dir='ltr'><em>καθὼς</em></span> <span class='ocrx_word' id='word_1_168' title='bbox 678 1365 865 1423; x_wconf 80' lang='grc' dir='ltr'><em>εῗρήκειν,</em></span> <span class='ocrx_word' id='word_1_169' title='bbox 899 1366 944 1408; x_wconf 85' lang='grc' dir='ltr'><em>τὸ</em></span> <span class='ocrx_word' id='word_1_170' title='bbox 974 1368 1115 1408; x_wconf 79' lang='grc' dir='ltr'><em>οῗκεῖον</em></span> <span class='ocrx_word' id='word_1_171' title='bbox 1137 1365 1383 1423; x_wconf 78' lang='grc' dir='ltr'><em>παραλαβών</em></span> <span class='ocrx_word' id='word_1_172' title='bbox 1403 1363 1630 1421; x_wconf 81' lang='grc' dir='ltr'><em>στράτευμα</em></span> <span class='ocrx_word' id='word_1_173' title='bbox 1653 1365 1761 1407; x_wconf 81' lang='grc' dir='ltr'><em>ἀντι-</em></span> 
     </span>
     <span class='ocr_line' id='line_1_19' title="bbox 330 1430 1761 1491; baseline -0.001 -15"><span class='ocrx_word' id='word_1_174' title='bbox 330 1432 511 1476; x_wconf 79' lang='grc' dir='ltr'><em>τάττεται</em></span> <span class='ocrx_word' id='word_1_175' title='bbox 532 1438 589 1491; x_wconf 76' lang='grc' dir='ltr'><em>τῷ</em></span> <span class='ocrx_word' id='word_1_176' title='bbox 608 1434 752 1491; x_wconf 85' lang='grc' dir='ltr'><em>Πέτρῳ</em></span> <span class='ocrx_word' id='word_1_177' title='bbox 774 1432 917 1490; x_wconf 83' lang='grc' dir='ltr'><em>μικρὸν</em></span> <span class='ocrx_word' id='word_1_178' title='bbox 947 1431 1267 1490; x_wconf 80' lang='grc' dir='ltr'><em>ὖπερπηδήσαντι</em></span> <span class='ocrx_word' id='word_1_179' title='bbox 1298 1433 1342 1475; x_wconf 82' lang='grc' dir='ltr'><em>τὸ</em></span> <span class='ocrx_word' id='word_1_180' title='bbox 1372 1430 1606 1489; x_wconf 77' lang='grc' dir='ltr'><em>Δυρράχιον</em></span> <span class='ocrx_word' id='word_1_181' title='bbox 1633 1433 1698 1474; x_wconf 82' lang='grc' dir='ltr'><em>καὶ</em></span> <span class='ocrx_word' id='word_1_182' title='bbox 1720 1432 1761 1475; x_wconf 72' lang='grc' dir='ltr'><em>ἓν</em></span> 
     </span>
     <span class='ocr_line' id='line_1_20' title="bbox 328 1499 1760 1558; baseline -0.003 -14"><span class='ocrx_word' id='word_1_183' title='bbox 328 1508 418 1551; x_wconf 84' lang='grc' dir='ltr'><em>ταῖς</em></span> <span class='ocrx_word' id='word_1_184' title='bbox 450 1506 522 1544; x_wconf 77' lang='grc' dir='ltr'><em>τοῦ</em></span> <span class='ocrx_word' id='word_1_185' title='bbox 551 1502 745 1554; x_wconf 81' lang='grc' dir='ltr'><em>Ἀλβανοῦ</em></span> <span class='ocrx_word' id='word_1_186' title='bbox 778 1502 1017 1556; x_wconf 77' lang='grc' dir='ltr'><em>δυσχωρίαις</em></span> <span class='ocrx_word' id='word_1_187' title='bbox 1048 1502 1298 1558; x_wconf 81' lang='grc' dir='ltr'><em>γεγενημένῳ.</em></span> <span class='ocrx_word' id='word_1_188' title='bbox 1365 1504 1500 1542; x_wconf 79' lang='grc' dir='ltr'><em>νικῶσι</em></span> <span class='ocrx_word' id='word_1_189' title='bbox 1533 1504 1628 1554; x_wconf 79' lang='grc' dir='ltr'><em>γοῦν</em></span> <span class='ocrx_word' id='word_1_190' title='bbox 1658 1499 1760 1540; x_wconf 80' lang='grc' dir='ltr'><em>κατὰ</em></span> 
     </span>
     <span class='ocr_line' id='line_1_21' title="bbox 295 1564 1815 1626; baseline -0.003 -15"><span class='ocrx_word' id='word_1_191' title='bbox 295 1573 298 1576; x_wconf 77' lang='grc'><strong><em>’</em></strong></span> <span class='ocrx_word' id='word_1_192' title='bbox 330 1567 477 1626; x_wconf 80' lang='grc' dir='ltr'><em>κράτος</em></span> <span class='ocrx_word' id='word_1_193' title='bbox 507 1570 544 1611; x_wconf 82' lang='grc' dir='ltr'><em>οἱ</em></span> <span class='ocrx_word' id='word_1_194' title='bbox 573 1573 645 1611; x_wconf 80' lang='grc' dir='ltr'><em>τοῦ</em></span> <span class='ocrx_word' id='word_1_195' title='bbox 668 1570 882 1623; x_wconf 82' lang='grc' dir='ltr'><em>Κομνηνοῦ</em></span> <span class='ocrx_word' id='word_1_196' title='bbox 902 1564 1120 1626; x_wconf 72' lang='grc' dir='ltr'><em>’Θεοδώρου</em></span> <span class='ocrx_word' id='word_1_197' title='bbox 1138 1569 1183 1612; x_wconf 84' lang='grc' dir='ltr'><em>τὸ</em></span> <span class='ocrx_word' id='word_1_198' title='bbox 1205 1573 1283 1611; x_wconf 81' lang='grc' dir='ltr'><em>τῶν</em></span> <span class='ocrx_word' id='word_1_199' title='bbox 1303 1568 1495 1610; x_wconf 87' lang='grc' dir='ltr'><em>Λατίνων</em></span> <span class='ocrx_word' id='word_1_200' title='bbox 1517 1565 1815 1623; x_wconf 75' lang='grc' dir='ltr'><em>στράτευμα,20</em></span> 
     </span>
    </p>
   </div>
   <div class='ocr_carea' id='block_1_3' title="bbox 416 1703 1795 2137">
    <p class='ocr_par' dir='ltr' id='par_1_3' title="bbox 416 1703 1795 2137">
     <span class='ocr_line' id='line_1_22' title="bbox 419 1703 1760 1765; baseline -0.003 -22"><span class='ocrx_word' id='word_1_201' title='bbox 419 1710 439 1744; x_wconf 86' lang='grc'><strong>1</strong></span> <span class='ocrx_word' id='word_1_202' title='bbox 463 1706 731 1765; x_wconf 64' lang='grc' dir='ltr'><em>προσεκτήσατο</em></span> <span class='ocrx_word' id='word_1_203' title='bbox 753 1707 824 1752; x_wconf 78' lang='grc' dir='ltr'><em>γὰρ</em></span> <span class='ocrx_word' id='word_1_204' title='bbox 848 1706 917 1743; x_wconf 79' lang='lat' dir='ltr'><em>ov’u</em></span> <span class='ocrx_word' id='word_1_205' title='bbox 942 1706 1065 1753; x_wconf 80' lang='grc' dir='ltr'><em>ὀλίγην</em></span> <span class='ocrx_word' id='word_1_206' title='bbox 1085 1706 1208 1763; x_wconf 74' lang='grc' dir='ltr'><em>χώραν</em></span> <span class='ocrx_word' id='word_1_207' title='bbox 1231 1705 1270 1742; x_wconf 71' lang='grc' dir='ltr'><em>ἔκ</em></span> <span class='ocrx_word' id='word_1_208' title='bbox 1292 1718 1331 1742; x_wconf 82' lang='grc' dir='ltr'><em>τε</em></span> <span class='ocrx_word' id='word_1_209' title='bbox 1350 1705 1496 1742; x_wconf 77' lang='grc' dir='ltr'><em>Ἰταλῶν</em></span> <span class='ocrx_word' id='word_1_210' title='bbox 1518 1705 1580 1740; x_wconf 80' lang='grc' dir='ltr'><em>καὶ</em></span> <span class='ocrx_word' id='word_1_211' title='bbox 1597 1703 1760 1761; x_wconf 49' lang='lat' dir='ltr'><em>{inviro}-</em></span> 
     </span>
     <span class='ocr_line' id='line_1_23' title="bbox 419 1751 1758 1798; baseline -0.003 -10"><span class='ocrx_word' id='word_1_212' title='bbox 419 1766 504 1797; x_wconf 84' lang='grc' dir='ltr'><em>ρων,</em></span> <span class='ocrx_word' id='word_1_213' title='bbox 527 1753 589 1788; x_wconf 79' lang='grc' dir='ltr'><em>καὶ</em></span> <span class='ocrx_word' id='word_1_214' title='bbox 610 1766 677 1798; x_wconf 85' lang='grc' dir='ltr'><em>την</em></span> <span class='ocrx_word' id='word_1_215' title='bbox 695 1754 894 1788; x_wconf 84' lang='grc' dir='ltr'><em>Θεσσαλίαν</em></span> <span class='ocrx_word' id='word_1_216' title='bbox 917 1754 950 1787; x_wconf 90' lang='lat' dir='ltr'>D</span> <span class='ocrx_word' id='word_1_217' title='bbox 1084 1754 1105 1787; x_wconf 86' lang='lat'>5</span> <span class='ocrx_word' id='word_1_218' title='bbox 1129 1765 1179 1793; x_wconf 87' lang='grc' dir='ltr'><em>ως</em></span> <span class='ocrx_word' id='word_1_219' title='bbox 1202 1764 1254 1787; x_wconf 90' lang='lat' dir='ltr'><em>om</em></span> <span class='ocrx_word' id='word_1_220' title='bbox 1276 1753 1308 1787; x_wconf 93' lang='lat' dir='ltr'>D</span> <span class='ocrx_word' id='word_1_221' title='bbox 1445 1754 1467 1788; x_wconf 90' lang='lat'><strong>6</strong></span> <span class='ocrx_word' id='word_1_222' title='bbox 1488 1752 1704 1786; x_wconf 77' lang='grc' dir='ltr'><em>διοδευοντα</em></span> <span class='ocrx_word' id='word_1_223' title='bbox 1725 1751 1758 1784; x_wconf 92' lang='lat' dir='ltr'>D</span> 
     </span>
     <span class='ocr_line' id='line_1_24' title="bbox 417 1800 1758 1856; baseline -0.002 -12"><span class='ocrx_word' id='word_1_224' title='bbox 417 1810 480 1844; x_wconf 77' lang='grc' dir='ltr'><em>καὶ</em></span> <span class='ocrx_word' id='word_1_225' title='bbox 515 1822 566 1844; x_wconf 88' lang='lat' dir='ltr'><em>om</em></span> <span class='ocrx_word' id='word_1_226' title='bbox 603 1811 635 1844; x_wconf 91' lang='lat' dir='ltr'>D</span> <span class='ocrx_word' id='word_1_227' title='bbox 814 1808 987 1856; x_wconf 82' lang='grc' dir='ltr'><em>βασιλέως</em></span> <span class='ocrx_word' id='word_1_228' title='bbox 1024 1810 1055 1843; x_wconf 86' lang='grc' dir='ltr'><strong>Α</strong></span> <span class='ocrx_word' id='word_1_229' title='bbox 1233 1806 1350 1843; x_wconf 74' lang='grc' dir='ltr'><em>αὐτοῦ</em></span> <span class='ocrx_word' id='word_1_230' title='bbox 1380 1830 1425 1836; x_wconf 89' lang='lat'>-</span> <span class='ocrx_word' id='word_1_231' title='bbox 1455 1809 1498 1843; x_wconf 84' lang='lat'><em>13</em></span> <span class='ocrx_word' id='word_1_232' title='bbox 1521 1800 1758 1851; x_wconf 79' lang='grc' dir='ltr'><em>Βαλὸουῗνος]</em></span> 
     </span>
     <span class='ocr_line' id='line_1_25' title="bbox 418 1851 1758 1899; baseline -0.003 -10"><span class='ocrx_word' id='word_1_233' title='bbox 418 1855 481 1890; x_wconf 81' lang='grc' dir='ltr'><em>καὶ</em></span> <span class='ocrx_word' id='word_1_234' title='bbox 494 1853 828 1899; x_wconf 78' lang='grc' dir='ltr'><em>προχειρωσοὶμενον</em></span> <span class='ocrx_word' id='word_1_235' title='bbox 837 1853 878 1890; x_wconf 76' lang='lat' dir='ltr'><em>vd</em></span> <span class='ocrx_word' id='word_1_236' title='bbox 891 1853 1110 1898; x_wconf 79' lang='grc' dir='ltr'><em>Δυρράχιον,</em></span> <span class='ocrx_word' id='word_1_237' title='bbox 1131 1852 1169 1888; x_wconf 83' lang='grc' dir='ltr'><em>ἐκ</em></span> <span class='ocrx_word' id='word_1_238' title='bbox 1184 1855 1251 1888; x_wconf 86' lang='grc' dir='ltr'><em>τοῦ</em></span> <span class='ocrx_word' id='word_1_239' title='bbox 1262 1854 1429 1888; x_wconf 83' lang='grc' dir='ltr'><em>Λατίνων</em></span> <span class='ocrx_word' id='word_1_240' title='bbox 1439 1852 1574 1897; x_wconf 80' lang='grc' dir='ltr'><em>μέρους</em></span> <span class='ocrx_word' id='word_1_241' title='bbox 1582 1851 1758 1888; x_wconf 75' lang='grc' dir='ltr'><em>Βαλδουΐ-</em></span> 
     </span>
     <span class='ocr_line' id='line_1_26' title="bbox 416 1896 1760 1944; baseline -0.002 -10"><span class='ocrx_word' id='word_1_242' title='bbox 416 1912 484 1935; x_wconf 85' lang='grc' dir='ltr'><em>νου</em></span> <span class='ocrx_word' id='word_1_243' title='bbox 503 1900 565 1934; x_wconf 81' lang='grc' dir='ltr'><em>καὶ</em></span> <span class='ocrx_word' id='word_1_244' title='bbox 582 1902 648 1934; x_wconf 79' lang='grc' dir='ltr'><em>τοῦ</em></span> <span class='ocrx_word' id='word_1_245' title='bbox 664 1898 744 1944; x_wconf 80' lang='grc' dir='ltr'><em>μετ’</em></span> <span class='ocrx_word' id='word_1_246' title='bbox 776 1898 893 1944; x_wconf 77' lang='grc' dir='ltr'><em>αὐτὸν</em></span> <span class='ocrx_word' id='word_1_247' title='bbox 914 1899 1020 1943; x_wconf 89' lang='grc' dir='ltr'><em>Ἐρρῆ</em></span> <span class='ocrx_word' id='word_1_248' title='bbox 1048 1900 1220 1943; x_wconf 85' lang='grc' dir='ltr'><em>γενναίως</em></span> <span class='ocrx_word' id='word_1_249' title='bbox 1240 1897 1550 1943; x_wconf 79' lang='grc' dir='ltr'><em>κατετροποόσατο.</em></span> <span class='ocrx_word' id='word_1_250' title='bbox 1595 1896 1760 1943; x_wconf 85' lang='grc' dir='ltr'><em>γαμβρὸς</em></span> 
     </span>
     <span class='ocr_line' id='line_1_27' title="bbox 417 1938 1757 1990; baseline -0.003 -10"><span class='ocrx_word' id='word_1_251' title='bbox 417 1944 451 1980; x_wconf 77' lang='grc' dir='ltr'><em>δ’</em></span> <span class='ocrx_word' id='word_1_252' title='bbox 467 1940 513 1989; x_wconf 82' lang='grc' dir='ltr'><em>ἦν</em></span> <span class='ocrx_word' id='word_1_253' title='bbox 532 1942 551 1980; x_wconf 84' lang='grc' dir='ltr'>ὁ</span> <span class='ocrx_word' id='word_1_254' title='bbox 570 1945 710 1990; x_wconf 84' lang='grc' dir='ltr'><em>Πέτρος</em></span> <span class='ocrx_word' id='word_1_255' title='bbox 718 1944 944 1980; x_wconf 79' lang='grc' dir='ltr'><em>Βαλᾶουΐνου</em></span> <span class='ocrx_word' id='word_1_256' title='bbox 963 1942 1025 1979; x_wconf 80' lang='grc' dir='ltr'><em>ἐπ’</em></span> <span class='ocrx_word' id='word_1_257' title='bbox 1044 1942 1185 1990; x_wconf 76' lang='grc' dir='ltr'><em>ἀδελφῇ</em></span> <span class='ocrx_word' id='word_1_258' title='bbox 1202 1942 1368 1990; x_wconf 77' lang='grc' dir='ltr'><em>Ἰολέντᾳ,</em></span> <span class='ocrx_word' id='word_1_259' title='bbox 1391 1942 1428 1986; x_wconf 76' lang='grc' dir='ltr'><em>ἐξ</em></span> <span class='ocrx_word' id='word_1_260' title='bbox 1447 1938 1491 1987; x_wconf 86' lang='grc' dir='ltr'><em>ἧς</em></span> <span class='ocrx_word' id='word_1_261' title='bbox 1509 1943 1638 1983; x_wconf 83' lang='grc' dir='ltr'><em>παῖδες</em></span> <span class='ocrx_word' id='word_1_262' title='bbox 1653 1940 1757 1988; x_wconf 75' lang='grc' dir='ltr'><em>αὐτῷ</em></span> 
     </span>
     <span class='ocr_line' id='line_1_28' title="bbox 417 1992 1756 2046; baseline -0.003 -11"><span class='ocrx_word' id='word_1_263' title='bbox 417 2001 596 2041; x_wconf 83' lang='grc' dir='ltr'><em>Φίλιππος</em></span> <span class='ocrx_word' id='word_1_264' title='bbox 615 1998 832 2046; x_wconf 83' lang='grc' dir='ltr'><em>Ῥομπέρτος</em></span> <span class='ocrx_word' id='word_1_265' title='bbox 855 2000 917 2035; x_wconf 74' lang='grc' dir='ltr'><em>καὶ</em></span> <span class='ocrx_word' id='word_1_266' title='bbox 932 1992 1154 2042; x_wconf 78' lang='grc' dir='ltr'><em>Βαλδουῗνος</em></span> <span class='ocrx_word' id='word_1_267' title='bbox 1173 2001 1205 2035; x_wconf 89' lang='grc'><em>1)</em></span> <span class='ocrx_word' id='word_1_268' title='bbox 1334 2001 1376 2035; x_wconf 84' lang='grc'><em>13</em></span> <span class='ocrx_word' id='word_1_269' title='bbox 1400 1996 1419 2034; x_wconf 85' lang='grc' dir='ltr'>ὁ</span> <span class='ocrx_word' id='word_1_270' title='bbox 1438 2010 1490 2032; x_wconf 90' lang='lat' dir='ltr'><em>om</em></span> <span class='ocrx_word' id='word_1_271' title='bbox 1506 1999 1538 2032; x_wconf 92' lang='lat' dir='ltr'>D</span> <span class='ocrx_word' id='word_1_272' title='bbox 1652 1998 1693 2032; x_wconf 88' lang='grc'><em>15</em></span> <span class='ocrx_word' id='word_1_273' title='bbox 1717 1996 1756 2031; x_wconf 73' lang='grc' dir='ltr'><em>δὲ</em></span> 
     </span>
     <span class='ocr_line' id='line_1_29' title="bbox 417 2040 1795 2090; baseline -0.003 -9"><span class='ocrx_word' id='word_1_274' title='bbox 417 2059 470 2081; x_wconf 90' lang='lat' dir='ltr'><em>om</em></span> <span class='ocrx_word' id='word_1_275' title='bbox 485 2047 516 2080; x_wconf 93' lang='lat' dir='ltr'>D</span> <span class='ocrx_word' id='word_1_276' title='bbox 641 2043 693 2081; x_wconf 76' lang='grc' dir='ltr'><em>ὦν</em></span> <span class='ocrx_word' id='word_1_277' title='bbox 705 2047 771 2089; x_wconf 87' lang='grc' dir='ltr'><em>μία</em></span> <span class='ocrx_word' id='word_1_278' title='bbox 790 2051 826 2080; x_wconf 81' lang='lat' dir='ltr'><em>et</em></span> <span class='ocrx_word' id='word_1_279' title='bbox 843 2049 885 2082; x_wconf 89' lang='lat'><em>16</em></span> <span class='ocrx_word' id='word_1_280' title='bbox 904 2041 951 2090; x_wconf 83' lang='grc' dir='ltr'><em>ἦν</em></span> <span class='ocrx_word' id='word_1_281' title='bbox 967 2058 1018 2080; x_wconf 87' lang='lat' dir='ltr'><em>om</em></span> <span class='ocrx_word' id='word_1_282' title='bbox 1035 2047 1067 2080; x_wconf 94' lang='lat' dir='ltr'>D</span> <span class='ocrx_word' id='word_1_283' title='bbox 1188 2047 1232 2082; x_wconf 89' lang='grc'><em>16</em></span> <span class='ocrx_word' id='word_1_284' title='bbox 1247 2042 1266 2081; x_wconf 87' lang='grc' dir='ltr'>ὁ</span> <span class='ocrx_word' id='word_1_285' title='bbox 1287 2043 1326 2082; x_wconf 76' lang='grc' dir='ltr'><em>δὲ</em></span> <span class='ocrx_word' id='word_1_286' title='bbox 1341 2045 1407 2090; x_wconf 86' lang='grc' dir='ltr'><em>τῆς</em></span> <span class='ocrx_word' id='word_1_287' title='bbox 1422 2042 1593 2088; x_wconf 78' lang='grc' dir='ltr'><em>Ἠπείρου</em></span> <span class='ocrx_word' id='word_1_288' title='bbox 1612 2040 1757 2078; x_wconf 79' lang='grc' dir='ltr'><em>Θεόδω-</em></span> <span class='ocrx_word' id='word_1_289' title='bbox 1792 2052 1795 2055; x_wconf 81' lang='grc'><strong>’</strong></span> 
     </span>
     <span class='ocr_line' id='line_1_30' title="bbox 418 2090 1110 2137; baseline 0 -11"><span class='ocrx_word' id='word_1_290' title='bbox 418 2104 481 2137; x_wconf 87' lang='grc' dir='ltr'><em>ρος</em></span> <span class='ocrx_word' id='word_1_291' title='bbox 494 2090 536 2127; x_wconf 88' lang='grc' dir='ltr'><em>τὸ</em></span> <span class='ocrx_word' id='word_1_292' title='bbox 554 2092 586 2126; x_wconf 94' lang='lat' dir='ltr'>D</span> <span class='ocrx_word' id='word_1_293' title='bbox 679 2094 720 2127; x_wconf 90' lang='lat'><em>19</em></span> <span class='ocrx_word' id='word_1_294' title='bbox 737 2090 829 2126; x_wconf 81' lang='grc' dir='ltr'><em>κατὰ</em></span> <span class='ocrx_word' id='word_1_295' title='bbox 847 2090 981 2136; x_wconf 81' lang='grc' dir='ltr'><em>κράτος</em></span> <span class='ocrx_word' id='word_1_296' title='bbox 998 2103 1051 2126; x_wconf 92' lang='lat' dir='ltr'><em>om</em></span> <span class='ocrx_word' id='word_1_297' title='bbox 1065 2092 1110 2126; x_wconf 88' lang='lat' dir='ltr'><em>D.</em></span> 
     </span>
    </p>
   </div>
   <div class='ocr_carea' id='block_1_4' title="bbox 320 2210 1757 2845">
    <p class='ocr_par' dir='ltr' id='par_1_4' title="bbox 320 2210 1757 2845">
     <span class='ocr_line' id='line_1_31' title="bbox 327 2210 1756 2260; baseline -0.004 -12"><span class='ocrx_word' id='word_1_298' title='bbox 327 2216 516 2255; x_wconf 77' lang='lat' dir='ltr'><strong>cumberet,</strong></span> <span class='ocrx_word' id='word_1_299' title='bbox 545 2215 671 2260; x_wconf 85' lang='lat' dir='ltr'><strong>imperii</strong></span> <span class='ocrx_word' id='word_1_300' title='bbox 694 2216 744 2250; x_wconf 80' lang='lat' dir='ltr'><em>sui</em></span> <span class='ocrx_word' id='word_1_301' title='bbox 767 2215 841 2249; x_wconf 84' lang='lat' dir='ltr'><strong>iura</strong></span> <span class='ocrx_word' id='word_1_302' title='bbox 861 2215 993 2250; x_wconf 88' lang='lat' dir='ltr'><strong>nimium</strong></span> <span class='ocrx_word' id='word_1_303' title='bbox 1007 2215 1176 2250; x_wconf 82' lang='lat' dir='ltr'><strong>extendit:</strong></span> <span class='ocrx_word' id='word_1_304' title='bbox 1207 2222 1346 2256; x_wconf 82' lang='lat' dir='ltr'><strong>namque</strong></span> <span class='ocrx_word' id='word_1_305' title='bbox 1360 2222 1403 2246; x_wconf 82' lang='lat' dir='ltr'><em>ex</em></span> <span class='ocrx_word' id='word_1_306' title='bbox 1416 2210 1511 2244; x_wconf 80' lang='lat' dir='ltr'><strong>Italis</strong></span> <span class='ocrx_word' id='word_1_307' title='bbox 1524 2221 1591 2244; x_wconf 81' lang='lat' dir='ltr'><em>non</em></span> <span class='ocrx_word' id='word_1_308' title='bbox 1606 2220 1756 2254; x_wconf 63' lang='lat' dir='ltr'><strong>parvam,</strong></span> 
     </span>
     <span class='ocr_line' id='line_1_32' title="bbox 328 2255 1756 2304; baseline -0.004 -11"><span class='ocrx_word' id='word_1_309' title='bbox 328 2272 370 2294; x_wconf 85' lang='lat' dir='ltr'><em>ex</em></span> <span class='ocrx_word' id='word_1_310' title='bbox 386 2261 538 2303; x_wconf 84' lang='lat' dir='ltr'><strong>Bulgaris</strong></span> <span class='ocrx_word' id='word_1_311' title='bbox 552 2272 633 2294; x_wconf 84' lang='lat' dir='ltr'><strong>vero</strong></span> <span class='ocrx_word' id='word_1_312' title='bbox 651 2262 783 2294; x_wconf 80' lang='lat' dir='ltr'><strong>multam</strong></span> <span class='ocrx_word' id='word_1_313' title='bbox 797 2261 964 2304; x_wconf 81' lang='lat' dir='ltr'><strong>regionem</strong></span> <span class='ocrx_word' id='word_1_314' title='bbox 982 2272 1063 2294; x_wconf 82' lang='lat' dir='ltr'><strong>suae</strong></span> <span class='ocrx_word' id='word_1_315' title='bbox 1086 2260 1206 2293; x_wconf 90' lang='lat' dir='ltr'><strong>dicioni</strong></span> <span class='ocrx_word' id='word_1_316' title='bbox 1227 2257 1368 2296; x_wconf 76' lang='lat' dir='ltr'><strong>adiecit,</strong></span> <span class='ocrx_word' id='word_1_317' title='bbox 1401 2256 1532 2300; x_wconf 82' lang='lat' dir='ltr'>sibique</span> <span class='ocrx_word' id='word_1_318' title='bbox 1546 2255 1756 2289; x_wconf 79' lang='lat' dir='ltr'><strong>Thessaliam</strong></span> 
     </span>
     <span class='ocr_line' id='line_1_33' title="bbox 325 2301 1756 2350; baseline -0.004 -12"><span class='ocrx_word' id='word_1_319' title='bbox 325 2305 473 2338; x_wconf 76' lang='lat' dir='ltr'><strong>Acin-ida</strong></span> <span class='ocrx_word' id='word_1_320' title='bbox 487 2305 657 2350; x_wconf 90' lang='lat' dir='ltr'><strong>Prilapum</strong></span> <span class='ocrx_word' id='word_1_321' title='bbox 672 2306 833 2339; x_wconf 82' lang='lat' dir='ltr'><strong>Albanum</strong></span> <span class='ocrx_word' id='word_1_322' title='bbox 860 2310 895 2339; x_wconf 78' lang='lat' dir='ltr'><em>et</em></span> <span class='ocrx_word' id='word_1_323' title='bbox 908 2306 1129 2348; x_wconf 85' lang='lat' dir='ltr'>Dyrrachium</span> <span class='ocrx_word' id='word_1_324' title='bbox 1150 2305 1256 2349; x_wconf 82' lang='lat' dir='ltr'><strong>ipsum</strong></span> <span class='ocrx_word' id='word_1_325' title='bbox 1272 2301 1424 2345; x_wconf 76' lang='lat' dir='ltr'><strong>subegit3</strong></span> <span class='ocrx_word' id='word_1_326' title='bbox 1458 2301 1516 2334; x_wconf 89' lang='lat' dir='ltr'><em>ubi</em></span> <span class='ocrx_word' id='word_1_327' title='bbox 1530 2301 1667 2334; x_wconf 76' lang='lat' dir='ltr'><strong>Petrum</strong></span> <span class='ocrx_word' id='word_1_328' title='bbox 1683 2311 1756 2333; x_wconf 82' lang='lat' dir='ltr'><em>cum</em></span> 
     </span>
     <span class='ocr_line' id='line_1_34' title="bbox 325 2345 1757 2394; baseline -0.005 -10"><span class='ocrx_word' id='word_1_329' title='bbox 325 2350 454 2394; x_wconf 77' lang='lat' dir='ltr'><strong>ingenti</strong></span> <span class='ocrx_word' id='word_1_330' title='bbox 479 2349 615 2383; x_wconf 84' lang='lat' dir='ltr'><strong>militum</strong></span> <span class='ocrx_word' id='word_1_331' title='bbox 637 2350 672 2383; x_wconf 81' lang='lat' dir='ltr'><em>vi</em></span> <span class='ocrx_word' id='word_1_332' title='bbox 698 2362 741 2384; x_wconf 84' lang='lat' dir='ltr'><em>ex</em></span> <span class='ocrx_word' id='word_1_333' title='bbox 756 2350 852 2383; x_wconf 82' lang='lat' dir='ltr'><strong>Italia</strong></span> <span class='ocrx_word' id='word_1_334' title='bbox 867 2351 1073 2394; x_wconf 79' lang='lat' dir='ltr'><strong>venientem,</strong></span> <span class='ocrx_word' id='word_1_335' title='bbox 1107 2354 1142 2383; x_wconf 81' lang='lat' dir='ltr'><em>et</em></span> <span class='ocrx_word' id='word_1_336' title='bbox 1157 2348 1252 2393; x_wconf 81' lang='lat' dir='ltr'><strong>quasi</strong></span> <span class='ocrx_word' id='word_1_337' title='bbox 1270 2347 1399 2392; x_wconf 83' lang='lat' dir='ltr'><strong>Cpolim</strong></span> <span class='ocrx_word' id='word_1_338' title='bbox 1413 2346 1476 2380; x_wconf 86' lang='lat' dir='ltr'><strong>iter</strong></span> <span class='ocrx_word' id='word_1_339' title='bbox 1489 2345 1676 2379; x_wconf 80' lang='lat' dir='ltr'><strong>inte-deret</strong></span> <span class='ocrx_word' id='word_1_340' title='bbox 1689 2372 1699 2386; x_wconf 88' lang='lat'>,</span> <span class='ocrx_word' id='word_1_341' title='bbox 1734 2356 1757 2379; x_wconf 75' lang='lat' dir='ltr'><strong>a</strong></span> 
     </span>
     <span class='ocr_line' id='line_1_35' title="bbox 324 2390 1757 2439; baseline -0.005 -10"><span class='ocrx_word' id='word_1_342' title='bbox 324 2406 448 2429; x_wconf 84' lang='lat' dir='ltr'><strong>summo</strong></span> <span class='ocrx_word' id='word_1_343' title='bbox 463 2395 621 2439; x_wconf 86' lang='lat' dir='ltr'><strong>pontifice</strong></span> <span class='ocrx_word' id='word_1_344' title='bbox 635 2395 784 2435; x_wconf 79' lang='lat' dir='ltr'><strong>electum,</strong></span> <span class='ocrx_word' id='word_1_345' title='bbox 803 2395 1069 2439; x_wconf 82' lang='lat' dir='ltr'><strong>declaratumque</strong></span> <span class='ocrx_word' id='word_1_346' title='bbox 1085 2395 1174 2428; x_wconf 85' lang='lat' dir='ltr'><strong>circa</strong></span> <span class='ocrx_word' id='word_1_347' title='bbox 1188 2393 1302 2427; x_wconf 84' lang='lat' dir='ltr'><strong>eadem</strong></span> <span class='ocrx_word' id='word_1_348' title='bbox 1316 2392 1390 2425; x_wconf 87' lang='lat' dir='ltr'><strong>loca</strong></span> <span class='ocrx_word' id='word_1_349' title='bbox 1403 2391 1647 2436; x_wconf 78' lang='lat' dir='ltr'>imperatorem,</span> <span class='ocrx_word' id='word_1_350' title='bbox 1661 2390 1757 2433; x_wconf 79' lang='lat' dir='ltr'>Dyr-</span> 
     </span>
     <span class='ocr_line' id='line_1_36' title="bbox 325 2435 1754 2485; baseline -0.005 -11"><span class='ocrx_word' id='word_1_351' title='bbox 325 2440 437 2474; x_wconf 83' lang='lat' dir='ltr'><strong>rachio</strong></span> <span class='ocrx_word' id='word_1_352' title='bbox 459 2443 705 2485; x_wconf 83' lang='lat' dir='ltr'><strong>praeoccupato</strong></span> <span class='ocrx_word' id='word_1_353' title='bbox 727 2439 861 2473; x_wconf 78' lang='lat' dir='ltr'><strong>fortiter</strong></span> <span class='ocrx_word' id='word_1_354' title='bbox 881 2439 914 2472; x_wconf 91' lang='lat' dir='ltr'><em>in</em></span> <span class='ocrx_word' id='word_1_355' title='bbox 930 2441 1043 2483; x_wconf 84' lang='lat' dir='ltr'><strong>fugam</strong></span> <span class='ocrx_word' id='word_1_356' title='bbox 1057 2439 1172 2473; x_wconf 84' lang='lat' dir='ltr'><strong>vertit.</strong></span> <span class='ocrx_word' id='word_1_357' title='bbox 1217 2438 1337 2471; x_wconf 81' lang='lat' dir='ltr'><strong>Petrus</strong></span> <span class='ocrx_word' id='word_1_358' title='bbox 1352 2447 1499 2470; x_wconf 84' lang='lat' dir='ltr'><strong>sororem</strong></span> <span class='ocrx_word' id='word_1_359' title='bbox 1515 2435 1612 2480; x_wconf 83' lang='lat' dir='ltr'><strong>primi</strong></span> <span class='ocrx_word' id='word_1_360' title='bbox 1627 2447 1670 2468; x_wconf 84' lang='lat' dir='ltr'><em>ex</em></span> <span class='ocrx_word' id='word_1_361' title='bbox 1685 2435 1754 2468; x_wconf 68' lang='lat' dir='ltr'><em>La-</em></span> 
     </span>
     <span class='ocr_line' id='line_1_37' title="bbox 324 2480 1755 2519; baseline -0.005 0"><span class='ocrx_word' id='word_1_362' title='bbox 324 2485 401 2519; x_wconf 74' lang='lat' dir='ltr'><strong>tinis</strong></span> <span class='ocrx_word' id='word_1_363' title='bbox 417 2485 569 2518; x_wconf 86' lang='lat' dir='ltr'><strong>Balduini</strong></span> <span class='ocrx_word' id='word_1_364' title='bbox 583 2489 618 2518; x_wconf 81' lang='lat' dir='ltr'><em>et</em></span> <span class='ocrx_word' id='word_1_365' title='bbox 633 2484 834 2519; x_wconf 81' lang='lat' dir='ltr'><strong>successoris</strong></span> <span class='ocrx_word' id='word_1_366' title='bbox 848 2484 931 2517; x_wconf 85' lang='lat' dir='ltr'><strong>illius</strong></span> <span class='ocrx_word' id='word_1_367' title='bbox 947 2485 1036 2518; x_wconf 81' lang='lat' dir='ltr'><strong>Erici</strong></span> <span class='ocrx_word' id='word_1_368' title='bbox 1049 2484 1112 2518; x_wconf 81' lang='lat' dir='ltr'><strong>sibi</strong></span> <span class='ocrx_word' id='word_1_369' title='bbox 1127 2482 1332 2516; x_wconf 86' lang='lat' dir='ltr'><strong>matrimonio</strong></span> <span class='ocrx_word' id='word_1_370' title='bbox 1350 2482 1511 2514; x_wconf 76' lang='lat' dir='ltr'><strong>iunxerat.</strong></span> <span class='ocrx_word' id='word_1_371' title='bbox 1567 2480 1673 2513; x_wconf 67' lang='lat' dir='ltr'><strong>sorori</strong></span> <span class='ocrx_word' id='word_1_372' title='bbox 1693 2491 1755 2512; x_wconf 90' lang='lat' dir='ltr'><em>no-</em></span> 
     </span>
     <span class='ocr_line' id='line_1_38' title="bbox 324 2526 1755 2574; baseline -0.004 -10"><span class='ocrx_word' id='word_1_373' title='bbox 324 2541 399 2565; x_wconf 87' lang='lat' dir='ltr'><em>men</em></span> <span class='ocrx_word' id='word_1_374' title='bbox 413 2531 562 2564; x_wconf 81' lang='lat' dir='ltr'><strong>Iolentae</strong></span> <span class='ocrx_word' id='word_1_375' title='bbox 577 2529 652 2572; x_wconf 79' lang='lat' dir='ltr'><strong>fuit,</strong></span> <span class='ocrx_word' id='word_1_376' title='bbox 675 2542 717 2563; x_wconf 81' lang='lat' dir='ltr'><em>ex</em></span> <span class='ocrx_word' id='word_1_377' title='bbox 732 2541 797 2574; x_wconf 87' lang='lat' dir='ltr'><em>qua</em></span> <span class='ocrx_word' id='word_1_378' title='bbox 810 2533 881 2562; x_wconf 84' lang='lat' dir='ltr'><strong>tres</strong></span> <span class='ocrx_word' id='word_1_379' title='bbox 896 2530 1015 2563; x_wconf 77' lang='lat' dir='ltr'><strong>Petrus</strong></span> <span class='ocrx_word' id='word_1_380' title='bbox 1030 2533 1224 2574; x_wconf 82' lang='lat' dir='ltr'><strong>susceperat</strong></span> <span class='ocrx_word' id='word_1_381' title='bbox 1238 2527 1325 2560; x_wconf 81' lang='lat' dir='ltr'><strong>filios</strong></span> <span class='ocrx_word' id='word_1_382' title='bbox 1335 2553 1344 2567; x_wconf 91' lang='lat'><strong>‚</strong></span> <span class='ocrx_word' id='word_1_383' title='bbox 1367 2526 1554 2570; x_wconf 85' lang='lat' dir='ltr'>Philippum</span> <span class='ocrx_word' id='word_1_384' title='bbox 1572 2526 1755 2559; x_wconf 81' lang='lat' dir='ltr'><strong>Robertum</strong></span> 
     </span>
     <span class='ocr_line' id='line_1_39' title="bbox 325 2569 1754 2620; baseline -0.006 -11"><span class='ocrx_word' id='word_1_385' title='bbox 325 2580 361 2609; x_wconf 76' lang='lat' dir='ltr'><em>et</em></span> <span class='ocrx_word' id='word_1_386' title='bbox 375 2575 580 2616; x_wconf 86' lang='lat' dir='ltr'><strong>Balduinum,</strong></span> <span class='ocrx_word' id='word_1_387' title='bbox 602 2586 742 2620; x_wconf 89' lang='lat' dir='ltr'><strong>quorum</strong></span> <span class='ocrx_word' id='word_1_388' title='bbox 759 2575 925 2609; x_wconf 82' lang='lat' dir='ltr'><strong>Robertus</strong></span> <span class='ocrx_word' id='word_1_389' title='bbox 940 2579 973 2607; x_wconf 85' lang='lat' dir='ltr'><em>et</em></span> <span class='ocrx_word' id='word_1_390' title='bbox 989 2574 1177 2614; x_wconf 83' lang='lat' dir='ltr'><strong>Balduinus,</strong></span> <span class='ocrx_word' id='word_1_391' title='bbox 1199 2584 1271 2606; x_wconf 89' lang='lat' dir='ltr'><em>cum</em></span> <span class='ocrx_word' id='word_1_392' title='bbox 1287 2572 1409 2616; x_wconf 87' lang='lat' dir='ltr'><strong>primus</strong></span> <span class='ocrx_word' id='word_1_393' title='bbox 1424 2582 1536 2608; x_wconf 84' lang='lat' dir='ltr'><strong>eorum</strong></span> <span class='ocrx_word' id='word_1_394' title='bbox 1552 2571 1659 2603; x_wconf 68' lang='lat' dir='ltr'><strong>frater</strong></span> <span class='ocrx_word' id='word_1_395' title='bbox 1674 2569 1754 2602; x_wconf 88' lang='lat' dir='ltr'><strong>Phi-</strong></span> 
     </span>
     <span class='ocr_line' id='line_1_40' title="bbox 320 2614 1754 2666; baseline -0.006 -12"><span class='ocrx_word' id='word_1_396' title='bbox 320 2621 432 2666; x_wconf 79' lang='lat' dir='ltr'>lippus</span> <span class='ocrx_word' id='word_1_397' title='bbox 449 2621 598 2654; x_wconf 80' lang='lat' dir='ltr'><strong>Roberto</strong></span> <span class='ocrx_word' id='word_1_398' title='bbox 625 2620 871 2654; x_wconf 80' lang='lat' dir='ltr'><strong>administrandi</strong></span> <span class='ocrx_word' id='word_1_399' title='bbox 895 2619 1023 2663; x_wconf 85' lang='lat' dir='ltr'><strong>imperii</strong></span> <span class='ocrx_word' id='word_1_400' title='bbox 1045 2622 1242 2662; x_wconf 81' lang='lat' dir='ltr'><strong>potestatem</strong></span> <span class='ocrx_word' id='word_1_401' title='bbox 1267 2617 1422 2656; x_wconf 83' lang='lat' dir='ltr'><strong>fecisset,</strong></span> <span class='ocrx_word' id='word_1_402' title='bbox 1458 2615 1573 2659; x_wconf 84' lang='lat' dir='ltr'><strong>Cpolis</strong></span> <span class='ocrx_word' id='word_1_403' title='bbox 1587 2614 1754 2657; x_wconf 78' lang='lat' dir='ltr'>regionem</span> 
     </span>
     <span class='ocr_line' id='line_1_41' title="bbox 322 2660 1752 2707; baseline -0.007 -7"><span class='ocrx_word' id='word_1_404' title='bbox 322 2670 513 2700; x_wconf 78' lang='lat' dir='ltr'><strong>tenuerunt.</strong></span> <span class='ocrx_word' id='word_1_405' title='bbox 535 2677 577 2699; x_wconf 83' lang='lat' dir='ltr'><em>ex</em></span> <span class='ocrx_word' id='word_1_406' title='bbox 593 2677 705 2699; x_wconf 86' lang='lat' dir='ltr'><strong>eorum</strong></span> <span class='ocrx_word' id='word_1_407' title='bbox 721 2664 891 2699; x_wconf 82' lang='lat' dir='ltr'><strong>sororibus</strong></span> <span class='ocrx_word' id='word_1_408' title='bbox 906 2663 1014 2698; x_wconf 82' lang='lat' dir='ltr'><strong>Maria</strong></span> <span class='ocrx_word' id='word_1_409' title='bbox 1028 2663 1208 2697; x_wconf 77' lang='lat' dir='ltr'><strong>Theodoro</strong></span> <span class='ocrx_word' id='word_1_410' title='bbox 1223 2661 1415 2707; x_wconf 83' lang='lat' dir='ltr'><strong>imperatori</strong></span> <span class='ocrx_word' id='word_1_411' title='bbox 1430 2660 1617 2705; x_wconf 81' lang='lat' dir='ltr'><strong>copulatur.</strong></span> <span class='ocrx_word' id='word_1_412' title='bbox 1642 2669 1752 2701; x_wconf 77' lang='lat' dir='ltr'><strong>porro,</strong></span> 
     </span>
     <span class='ocr_line' id='line_1_42' title="bbox 323 2704 1752 2755; baseline -0.007 -10"><span class='ocrx_word' id='word_1_413' title='bbox 323 2722 420 2755; x_wconf 76' lang='lat' dir='ltr'><strong>quem</strong></span> <span class='ocrx_word' id='word_1_414' title='bbox 435 2721 537 2755; x_wconf 84' lang='lat' dir='ltr'><strong>supra</strong></span> <span class='ocrx_word' id='word_1_415' title='bbox 549 2711 720 2752; x_wconf 81' lang='lat' dir='ltr'>innuimus,</span> <span class='ocrx_word' id='word_1_416' title='bbox 743 2710 962 2752; x_wconf 79' lang='lat' dir='ltr'><strong>Theodorus,</strong></span> <span class='ocrx_word' id='word_1_417' title='bbox 986 2709 1132 2742; x_wconf 81' lang='lat' dir='ltr'><strong>exercitu</strong></span> <span class='ocrx_word' id='word_1_418' title='bbox 1149 2712 1284 2748; x_wconf 84' lang='lat' dir='ltr'><strong>coacto,</strong></span> <span class='ocrx_word' id='word_1_419' title='bbox 1312 2708 1413 2740; x_wconf 85' lang='lat' dir='ltr'><strong>Petro</strong></span> <span class='ocrx_word' id='word_1_420' title='bbox 1436 2705 1603 2750; x_wconf 82' lang='lat' dir='ltr'><strong>paululum</strong></span> <span class='ocrx_word' id='word_1_421' title='bbox 1622 2704 1752 2747; x_wconf 85' lang='lat' dir='ltr'>Dyrra-</span> 
     </span>
     <span class='ocr_line' id='line_1_43' title="bbox 323 2747 1752 2801; baseline -0.006 -12"><span class='ocrx_word' id='word_1_422' title='bbox 323 2757 430 2790; x_wconf 87' lang='lat' dir='ltr'><strong>chium</strong></span> <span class='ocrx_word' id='word_1_423' title='bbox 451 2760 700 2801; x_wconf 78' lang='lat' dir='ltr'><strong>praetergresso</strong></span> <span class='ocrx_word' id='word_1_424' title='bbox 724 2759 759 2789; x_wconf 80' lang='lat' dir='ltr'><em>et</em></span> <span class='ocrx_word' id='word_1_425' title='bbox 781 2755 869 2789; x_wconf 87' lang='lat' dir='ltr'><strong>inter</strong></span> <span class='ocrx_word' id='word_1_426' title='bbox 892 2754 1010 2788; x_wconf 78' lang='lat' dir='ltr'><strong>Albani</strong></span> <span class='ocrx_word' id='word_1_427' title='bbox 1034 2754 1203 2797; x_wconf 75' lang='lat' dir='ltr'><strong>angustias</strong></span> <span class='ocrx_word' id='word_1_428' title='bbox 1230 2753 1373 2786; x_wconf 80' lang='lat' dir='ltr'><strong>adducto</strong></span> <span class='ocrx_word' id='word_1_429' title='bbox 1397 2763 1471 2785; x_wconf 83' lang='lat' dir='ltr'>sese</span> <span class='ocrx_word' id='word_1_430' title='bbox 1495 2748 1642 2794; x_wconf 74' lang='lat' dir='ltr'><strong>opponit.</strong></span> <span class='ocrx_word' id='word_1_431' title='bbox 1705 2747 1752 2799; x_wconf 54' lang='lat' dir='ltr'><em>iiii</em></span> 
     </span>
     <span class='ocr_line' id='line_1_44' title="bbox 324 2793 1752 2845; baseline -0.006 -10"><span class='ocrx_word' id='word_1_432' title='bbox 324 2801 497 2840; x_wconf 65' lang='lat' dir='ltr'><strong>Theodori</strong></span> <span class='ocrx_word' id='word_1_433' title='bbox 513 2800 675 2836; x_wconf 81' lang='lat' dir='ltr'><strong>Comneni</strong></span> <span class='ocrx_word' id='word_1_434' title='bbox 689 2801 808 2836; x_wconf 76' lang='lat' dir='ltr'><strong>milites</strong></span> <span class='ocrx_word' id='word_1_435' title='bbox 821 2799 1016 2835; x_wconf 78' lang='lat' dir='ltr'><strong>Latinorum</strong></span> <span class='ocrx_word' id='word_1_436' title='bbox 1030 2799 1143 2845; x_wconf 82' lang='lat' dir='ltr'><strong>copias</strong></span> <span class='ocrx_word' id='word_1_437' title='bbox 1156 2803 1290 2834; x_wconf 76' lang='lat' dir='ltr'><strong>strenue</strong></span> <span class='ocrx_word' id='word_1_438' title='bbox 1304 2797 1468 2838; x_wconf 78' lang='lat' dir='ltr'><em>fundunt,</em></span> <span class='ocrx_word' id='word_1_439' title='bbox 1491 2793 1660 2841; x_wconf 74' lang='lat' dir='ltr'><strong>oppressis</strong></span> <span class='ocrx_word' id='word_1_440' title='bbox 1677 2802 1752 2825; x_wconf 83' lang='lat' dir='ltr'><em>um-</em></span> 
     </span>
    </p>
   </div>
  </div>
 </body>
</html>
