1924 3242
325 166 417 212 120
714 162 946 208 GEORGH
977 162 1359 209 ACROPOLITAE

269 286 300 321 c
322 275 363 319 ἐν
383 274 518 327 αὗτοΐς
535 277 630 332 γοῦν
655 272 864 332 ἀφιγμένοι
888 273 961 317 σὺν
983 280 1067 324 τοῖς
1084 272 1374 332 στρατεύμασιν
1397 275 1434 317 οἱ
1454 274 1748 336 τῶνῬωμαίωῦ

317 342 508 401 ἡγήτορες
537 341 800 396 μηχανήμασί
807 360 853 385 ,τε
875 344 941 384 καὶ
962 340 1160 386 ἐλεπόλεσι
1180 342 1277 402 ῥᾷον
1297 346 1376 384 τῶν
1397 345 1597 400 φρουρίων
1617 360 1748 400 περιε-

317 412 496 467 γένοντο·
530 409 568 451 οἶ
589 408 817 467 Βούλγαροι
842 412 908 453 καὶ
940 410 1016 468 γὰρ
1041 414 1192 453 θᾶττον
1219 413 1299 452 τῶν
1333 410 1374 452 ἐν
1401 410 1536 465 ἄστεσι
1557 415 1747 468 φυλακῶν

320 476 649 530 ἀπαλλάττονται,
671 480 705 520 εἶ
726 479 937 532 πολεμίους
957 477 1079 536 δρῷεν
1098 480 1164 520 καὶ
1182 478 1472 534 μαχιμωτέροις
1487 483 1747 532 συμπλακεῖεν

318 551 402 594 τοῖς
423 543 664 602 πράγμασιν.
731 546 772 588 ἐν
794 547 838 588 οὗ
860 550 995 603 πολλῷ
1009 551 1104 602 γοῦν
1122 546 1172 588 τὰ
1190 547 1308 587 πλείω
1327 545 1457 588 αὐτῶν
1474 544 1780 602 {lamiacum-5

319 612 422 654 ἀλλὰ
455 614 521 654 καὶ
553 611 574 654 ὅ
595 613 783 667 βασιλεὺς
801 613 870 656 τὸν
891 616 979 670 περὶ
1001 613 1120 656 αὐτὸν
1141 614 1411 669 συναθροίσας
1434 613 1615 657 λαὸν,ἐπὶ
1631 613 1688 657 «τὰ
1703 613 1749 657 ἐκ

312 678 482 736 Ῥοδόπῃ
511 680 610 735 ἄστη
636 680 846 738 κεχώρηκε.
911 684 978 724 καὶ
993 679 1079 724 ,εἷλε
1098 681 1170 734 μὲν
1185 682 1448 738 Περιστίτζαν
1467 687 1549 730 τοῖς
1566 678 1750 735 μηχανή-

317 763 441 801 μασι,
476 750 543 789 καὶ
562 749 653 801 μετ’
677 750 799 803 αὐτὴν
819 748 887 791 τὸν
908 750 1151 802 Στενίμαχον
1161 781 1174 799 ,
1201 751 1266 790 καὶ
1289 749 1351 790 ἐπὶ
1374 746 1529 798 τούτοις
1546 747 1614 791 τὸν
1635 749 1751 804 'Kory-2

318 813 475 868 τζιμόν,
524 814 766 872 ὀχυρώματα
797 820 925 858 ταῦτα
954 815 1083 858 πάντα
1103 818 1169 858 καὶ
1193 819 1248 866 εἷς
1268 814 1479 873 πρόσωπον
1502 817 1658 870 κείμενα
1677 818 1751 858 τοῦ

318 886 390 935 τῆς
406 880 597 941 Ῥοδόπης
620 882 738 940 ὅρους
762 886 827 926 καὶ
858 884 910 925 τὰ
941 885 1066 927 ὀπίσω
1096 883 1225 926 πάντα
1257 882 1521 940 φυλάττοντα.
1588 881 1750 940 ἄφίκετο
1763 888 1806 923 10

270 957 302 992 D
327 950 369 990 ὸέ
392 951 459 990 καὶ
480 953 534 1008 εἷς
556 951 776 1002 Ίζέπαιναν
805 952 844 993 ἐν
866 952 974 1008 ἀκμῇ
987 956 1202 1005 χειμῶνος·
1245 949 1270 1006 ἦ
1293 952 1336 993 δὲ
1358 955 1429 993 τοῦ
1449 949 1572 993 τόπου
1595 953 1753 1004 δυσχω-

320 1018 386 1072 ρία
416 1018 481 1059 καὶ
513 1017 558 1059 τὸ
590 1019 748 1076 ψυχρὸν
775 1023 847 1060 τοῦ
875 1023 1016 1076 καιροῦ
1047 1019 1138 1061 οὐδὲ
1167 1017 1308 1075 μικρόν
1340 1035 1378 1060 τι
1415 1018 1544 1061 εἴασεν
1565 1018 1606 1059 ἐν
1627 1016 1752 1073 ταύτῃ

320 1089 677 1141 προσκαρτερῆσαι.
745 1088 824 1128 ἐπεὶ
850 1087 892 1128 δὲ
915 1087 959 1128 τὸ
985 1086 1054 1143 ἴαρ
1073 1088 1311 1140 ἐπέλαμψεν,
1346 1084 1633 1142 προστάγματα
1653 1084 1755 1141 πρὸς

319 1151 388 1193 τὸν
407 1151 762 1208 Στρατηγόπουλον
776 1154 945 1203 Ἀλέξιον
967 1156 1033 1195 καὶ
1056 1155 1252 1208 Τορνίκην
1276 1155 1590 1204 Κωνσταντῖνον,
1616 1151 1660 1194 ὃν
1679 1153 1754 1205 με’-

318 1235 392 1274 γαν
413 1218 695 1275 πριμμικήριον
728 1219 748 1261 ὃ
777 1221 965 1272 βασιλεὺς
984 1222 1185 1274 τετίμηκεν
1203 1217 1407 1273 Ἰωάννης,
1442 1220 1679 1273 ἐξέπεμψεν,
1714 1220 1754 1262 ἓν
1766 1222 1809 1264 1⁵.

319 1292 407 1334 ταῖς
426 1287 595 1342 Σέρραις
617 1286 734 1336 ὄντας
754 1289 819 1328 καὶ
840 1287 884 1328 τὸ
910 1285 1178 1342 στρατόπεδον
1199 1286 1378 1340 ἔχοντας,
1401 1288 1470 1328 ἵνα
1482 1286 1554 1342 τὴν
1566 1285 1756 1343 στρατιὰν

319 1356 453 1394 πᾶσαν
483 1351 768 1408 συναγαγόντες
795 1353 897 1396 κατὰ
924 1358 995 1408 τῆς
1027 1355 1247 1408 Τζεπαίνης
1281 1354 1497 1410 ἀφίκοιντο.
1559 1357 1680 1396 ,τοῦτο
1704 1353 1755 1407 δὴ

321 1421 386 1461 καὶ
400 1420 600 1474 ἐποίησαν.
627 1423 740 1463 κακοὶ
760 1422 803 1462 δὲ
824 1419 1028 1478 ἐφάνησαν
1051 1423 1091 1463 ἐν
1112 1420 1239 1479 τούτῳ
1264 1426 1321 1478 τῷ
1340 1419 1611 1478 ἐπιχειρήματι
1632 1438 1757 1477 στρα-

319 1488 452 1542 τηγοί·
486 1486 584 1541 μήτε
616 1489 693 1545 γὰρ
727 1490 922 1542 πολεμίων
945 1487 1201 1545 ἐγκύρσαντες
1222 1496 1426 1545 στρατιαῖς
1445 1488 1544 1542 μήτε
1568 1487 1756 1545 ἀνδράσιν

320 1555 445 1604 ἀξίοις
461 1553 615 1604 τούτοις
631 1557 903 1609 μαχέσασθαι,
925 1555 1082 1599 κτύπων
1103 1558 1145 1599 δὲ
1167 1559 1232 1598 καὶ
1249 1555 1382 1610 μόνων
1401 1559 1466 1598 καὶ
1488 1555 1637 1612 ψόφων
1656 1556 1754 1610 ἀκη-
1766 1561 1811 1595 20

319 1620 455 1671 κοότες
478 1624 544 1664 καὶ
566 1622 675 1676 ἤχων
698 1627 910 1680 κερατίνων
931 1623 1234 1681 ἀκροασάμενοι,
1265 1622 1449 1676 ἀκόσμως
1471 1621 1687 1679 ἐχρήσαντο
1707 1627 1757 1679 τῇ

205 1699 233 1733 P
258 1701 302 1735 62
325 1694 445 1746 φυγῇ,
480 1694 614 1732 πᾶσαν
636 1691 858 1746 ἀποσκευὴν
879 1694 944 1734 καὶ
965 1692 1057 1742 τοὺς
1078 1693 1235 1742 πλείους
1254 1695 1332 1734 τῶν
1348 1692 1480 1734 ἵππων
1496 1698 1579 1741 τοῖς
1600 1690 1757 1744 ποιμέσι

409 1813 670 1860 προστάγματα
694 1812 785 1860 ἧκον
812 1815 908 1861 πρὸς
927 1816 994 1852 τὸν
1015 1817 1344 1861 Στρατηγόπουλον
1364 1815 1510 1859 Ἆλέξιον
1529 1815 1568 1852 ἐν
1589 1816 1757 1862 Σέρραις,

412 1861 475 1896 ἵνα
492 1860 584 1895 κατὰ
605 1862 805 1905 Τζεποιίνης
822 1860 1024 1906 ἀφίκοιντο.
1073 1860 1093 1897 ὃ
1114 1864 1175 1896 καὶ
1194 1861 1378 1906 ἐποίησαν.
1427 1861 1519 1897 ἀλλὰ
1539 1861 1630 1907 μήτε
1654 1865 1757 1896 πολε-

409 1906 507 1950 μίοις
523 1905 643 1949 α’ξίοις
662 1904 916 1950 ἐγκύρσαντες,
949 1907 1101 1948 κτύποις
1124 1904 1222 1952 ἤχων
1250 1908 1447 1952 κερατίνων
1470 1906 1758 1952 διαθροηθέντες

411 1949 577 1994 ἀκόσμως
597 1950 792 1996 ἐχρήσαντο
819 1953 863 1998 τῇ
886 1954 1003 1999 φυγῇ,
1038 1954 1160 1987 πᾶσαν
1186 1950 1396 1996 ἀποσκευὴν
1421 1952 1483 1987 καὶ
1505 1952 1594 1993 τοὺς
1611 1953 1757 1993 πλείους

411 1997 487 2031 τῶν
506 1997 627 2032 ἵππων
646 2000 724 2038 τοῖς
741 1996 960 2043 Βουλγάροις
980 1996 1234 2039 ἀπολιπόντες.
1351 1999 1374 2034 6
1394 1995 1468 2043 ἐπὶ]
1491 1997 1574 2043 περὶ
1596 1998 1710 2042 vulgo.

323 2107 495 2151 derentur,
519 2108 723 2142 transmittit.
770 2109 870 2143 duces
886 2109 1027 2144 Romani
1041 2120 1113 2144 cum
1128 2110 1230 2155 copiis
1243 2109 1560 2149 advectitormentis
1577 2119 1617 2142 ac
1635 2109 1758 2142 machi-

324 2153 375 2186 nis
391 2153 482 2187 facili
497 2153 632 2197 negotio
647 2153 721 2188 loca
737 2158 940 2198 expugnant.
985 2155 1125 2199 Bulgari
1149 2156 1233 2189 enim
1252 2155 1312 2189 γε]
1333 2154 1561 2194 solohostium
1574 2157 1758 2198 conspectu

326 2202 362 2230 et.
377 2198 567 2232 bellicarum
581 2209 692 2232 rerum
708 2199 886 2241 conflictu,
917 2199 1040 2237 arcium
1066 2201 1215 2234 custodia
1238 2200 1412 2243 neglecta,
1443 2200 1558 2243 fugam
1584 2199 1758 2244 arripiunt.

324 2252 428 2285 quare
450 2253 557 2285 parvo
580 2247 731 2287 tempore
754 2245 924 2288 potissima
947 2256 1099 2289 quaeque
1125 2256 1236 2278 eorum
1259 2248 1419 2289 occupata
1443 2249 1531 2278 sunt.
1578 2244 1759 2288 imperator

325 2286 423 2319 etiam
436 2286 541 2325 milite
556 2289 690 2331 proprio
707 2294 824 2322 coacto
840 2290 883 2323 ad
899 2289 1076 2334 Rodopeia
1091 2290 1213 2336 oppida
1226 2289 1364 2333 gradum
1380 2289 1477 2332 facit,
1509 2289 1664 2334 cepitque
1687 2300 1759 2322 ma-

323 2331 429 2364 chinis
444 2331 572 2364 adactis
589 2332 810 2372 Peristitzam‚
834 2338 952 2379 postea
968 2335 1224 2377 Stenimachum,
1247 2334 1377 2368 tandem
1393 2334 1610 2378 Crytzimum,
1635 2345 1760 2378 propu-

326 2376 467 2418 gnacula
482 2377 590 2410 omnia
605 2376 639 2409 in
656 2377 771 2411 faciem
790 2379 946 2422 Rodopes
963 2380 1082 2414 montis
1098 2380 1165 2414 sita
1176 2406 1186 2422 ‚
1221 2390 1305 2423 quae
1327 2384 1416 2413 retro
1432 2379 1543 2424 posita
1556 2378 1758 2414 custodiunt.

326 2421 542 2466 Tzepaenam
565 2432 697 2466 quoque
723 2423 895 2466 profectus
917 2428 969 2457 est
990 2424 1062 2468 ipso
1087 2425 1204 2468 vigore
1218 2424 1343 2461 hiemis.
1386 2435 1501 2458 verum
1517 2424 1582 2458 loci
1596 2425 1760 2468 asperitas

327 2477 368 2500 ac
382 2465 538 2511 temporis
555 2467 648 2509 rigor
663 2478 771 2510 neque
785 2467 947 2500 minimum
968 2468 1001 2501 in
1018 2469 1195 2505 eamnrari
1211 2468 1385 2503 concessit.
1431 2470 1492 2503 sed
1507 2469 1563 2502 ubi
1578 2481 1640 2503 ver
1657 2480 1760 2514 appe-

328 2511 435 2554 tebat,
459 2511 502 2544 ad
517 2511 790 2556 Strategopulum
805 2512 954 2546 Alexium
970 2517 1004 2546 et
1020 2514 1270 2548 Constantinum
1285 2514 1476 2556 Tornimm,
1498 2515 1550 2549 cui
1566 2515 1679 2558 magnis
1690 2513 1761 2559 pri-

326 2556 454 2589 micerii
468 2556 662 2599 dignitatem
677 2557 860 2601 imperator
875 2558 1017 2591 loannes
1034 2559 1238 2603 crediderat,
1275 2559 1361 2603 apud
1378 2560 1498 2594 Serras
1524 2560 1701 2594 existentes
1726 2561 1760 2593 et

328 2601 478 2634 exercitu
493 2605 666 2646 potentes,
689 2603 915 2636 mandatorum
941 2603 1086 2637 libellum
1102 2604 1208 2646 dedit,
1240 2608 1278 2636 ut
1297 2604 1330 2637 in
1355 2616 1454 2638 unum
1476 2605 1631 2639 universo
1657 2603 1760 2637 milite

329 2646 470 2679 collecto
484 2646 698 2691 Tzepaenam
714 2648 1005 2692 progrederentur.
1036 2649 1126 2693 quod
1139 2654 1173 2682 et
1186 2649 1318 2682 executi
1334 2654 1422 2683 sunt.
1457 2650 1516 2684 sed
1531 2650 1565 2684 in
1581 2662 1619 2683 eo
1638 2652 1759 2683 conatu

329 2691 405 2725 mali
419 2691 586 2736 copiarum
603 2693 759 2726 ductores
775 2705 848 2727 esse
863 2693 1166 2738 deprehenduntur:
1188 2705 1260 2727 nam
1284 2705 1355 2728 cum
1377 2706 1485 2740 neque
1499 2695 1533 2729 in
1547 2695 1684 2729 hostiles
1701 2704 1759 2726 co·-

328 2736 401 2781 pias
412 2736 604 2771 incidissent
618 2749 724 2782 neque
739 2738 830 2772 viros
844 2749 902 2772 eos
917 2749 988 2772 cuin
1004 2739 1120 2782 quibus
1134 2750 1224 2772 arina
1240 2750 1414 2773 conserere
1430 2740 1608 2780 debebant,
1630 2743 1757 2773 tantum

331 2781 420 2816 suuis
434 2785 470 2817 et.
484 2782 679 2828 strepitibus
695 2783 817 2818 auditis
832 2784 1024 2829 corneisque
1039 2784 1228 2829 fragoribus
1244 2785 1380 2828 haustis,
1402 2786 1544 2831 turpiter
1557 2796 1633 2821 sese
1649 2783 1759 2818 conie-
