1858 3236
0 1863 14 1999 ἓ

465 204 894 275 ,comanorum
931 218 1280 266 ennomcmu.
1429 188 1431 190 ’
1557 222 1620 268 81

298 328 367 373 καὶ
382 327 434 373 rc}
450 324 608 386 μεγάλα
632 327 892 388 φράσσοντος
913 331 1024 391 αὐτῷ·
1043 337 1125 377 τῶν
1146 333 1375 395 ὀνειράτων,

295 396 616 456 βαρυπενθήσας
636 397 658 441 ὃ
679 399 807 451 πολὺς
827 401 974 451 ἐκεῖνος
994 401 1241 460 ἀστρολόγος

289 463 527 524 ’ςᾶνθρωπῇ
561 468 605 510 τί
622 468 899 524 πεποίηκαςς”
934 469 1149 527 ἀνέκραγεν
1172 473 1216 515 ἔκ
1230 472 1414 530 βάθους·

161 532 272 578 1850
287 531 516 591 κδεσπότην
537 534 767 592 ἀπεκύησας
784 535 880 593 ἡμῖν
900 539 967 580 καὶ
987 539 1195 593 βασιλεά.”

292 607 368 646 τοῦ
388 604 433 646 δὲ
449 605 595 656 παιδὸς
614 604 850 658 ἐλαύνοντος
870 608 926 658 εἷς
947 606 1073 663 αὔξην
1093 605 1264 663 ἡλικίας,

293 671 370 715 κάν
388 678 472 724 τοῖς
492 673 630 731 ἀγροῖς
653 673 861 731 διάγοντος
884 675 959 718 σὺν
977 683 1062 728 τοῖς
1078 675 1210 729 αὐτοῦ
1230 684 1426 737 τοκεῦσιν,

291 741 359 783 καὶ
382 742 856 802 τερπομένω-θερισταῖς
879 746 945 787 καὶ
967 751 1052 797 τοῖς
1074 744 1382 803 ἀμαλλοδὲταις,

293 811 360 852 καὶ
383 817 473 853 ταΐν
487 818 625 868 χεροῖν
646 812 891 870 ε’μφέροντος
906 812 1031 872 ἄρτον
1050 815 1118 857 καὶ
1139 819 1400 873 σιτουμένου,

157 875 266 920 1855
292 876 410 935 ἄφνω
431 877 620 936 ῥοιζήσας
641 880 757 932 ἀετὸς
775 880 993 939 ἀφήρπασε
1014 883 1084 926 τὸν
1106 882 1245 942 ἄρτον,

290 948 358 989 καὶ
375 951 615 1005 πτερυχθεὶς
633 948 852 1005 μετάρσιος
872 952 1020 1010 ἐπῆρτο
1037 951 1140 1010 πρὸς
1158 952 1274 1011 ἀέρα,

290 1017 359 1058 καὶ
381 1013 502 1059 πάλιν
522 1018 796 1070 ἒπικαταπτᾶς
817 1019 995 1064 ἀπέδωκε
1020 1019 1090 1063 τὸν
1110 1020 1248 1079 ἄρτον.

287 1084 370 1128 ἐπεὶ
386 1085 430 1127 δὲ
449 1084 552 1144 πρὸς
567 1088 773 1142 βασίλειον
790 1086 900 1144 ὕψος
923 1087 1178 1146 ἀναβεβήκει,

286 1150 488 1210 θυμώδης
507 1149 570 1210 ἦν,
604 1155 848 1214 ἀκράχολος,
882 1158 1042 1215 ὀργίλος
1048 1191 1062 1212 ,
1097 1157 1309 1218 ὅρμητῖας,

153 1223 264 1265 1860
286 1223 352 1264 καὶ
375 1220 497 1266 πάλιν
517 1223 794 1283 εὔμετάφορος
813 1228 959 1282 ἐγίνετο
977 1230 1044 1270 καὶ
1067 1233 1210 1286 πρᾶος.

287 1287 343 1342 ὦς
365 1285 436 1334 οὖν
453 1290 631 1348 ε’κάθητό
646 1311 739 1337 ποτε
761 1297 982 1339 ὁικοθετιῦν
1000 1298 1067 1340 καὶ
1087 1298 1233 1354 κρίνων

284 1361 352 1402 καὶ
372 1357 527 1415 πότμον
546 1360 781 1419 ἀττεφήνατο
801 1365 906 1407 κατὰ
925 1369 1086 1409 πολλῶν
1104 1362 1351 1423 ἀνθρώπων,

287 1427 390 1486 ἀνὴρ
410 1430 602 1486 Μηκίνης
622 1449 684 1481 τις
705 1431 834 1489 σοφὸς
853 1433 910 1488 μὴ
931 1435 1089 1477 σθένων
1104 1431 1327 1490 πλησιάσαι

286 1499 354 1539 καὶ
375 1502 621 1554 νουθετῆσαι
639 1501 834 1558 Καίσαρα
860 1501 924 1558 (τὸ
948 1507 1109 1557 πλῆθος
1128 1503 1206 1560 γὰρ
1229 1502 1408 1559 ἀπεῖργε)

136 1565 259 1610 ’1865
276 1563 412 1623 χάρτῃ
434 1565 608 1611 πιστεύει
629 1567 865 1625 γράμματα,
903 1574 1097 1628 σφραγῖδι
1117 1574 1367 1627 σήμειοῦται.

282 1633 525 1697 ἔλεγεδὲτᾶ
544 1634 767 1694 γράμματα
780 1636 943 1693 “δήμιε,
978 1645 1133 1682 παῦσαι
1153 1637 1336 1696 κρίνων.υ

266 1701 621 1759 ’καταστοχάζεται
642 1709 789 1758 καλῶς,
824 1706 894 1749 τὸν
911 1706 1070 1764 χάρτην
1087 1708 1293 1761 ἀκοντίζει.

281 1773 350 1814 καὶ
369 1774 535 1831 Καῖσαρ
557 1778 700 1818 τοῦτον
719 1774 894 1818 κατιδὼν
912 1775 986 1832 τὴν
1008 1778 1146 1820 δέλτον
1165 1771 1425 1827 ἀναπτύσσει,

279 1842 347 1884 καὶ
366 1848 451 1893 τοῖς
467 1850 678 1900 γραφεῖσιν
695 1844 870 1898 ἐντυχὼν
882 1844 1094 1888 ἀνίσταται
1114 1850 1190 1889 τοῦ
1210 1843 1365 1903 θρόνου
1374 1875 1389 1896 ,

143 1911 254 1953 1870
278 1911 346 1953 καὶ
363 1911 528 1968 τίθησιν
550 1909 742 1972 ἀκύρωτα
759 1910 892 1957 πάντα
908 1912 962 1958 τὰ
983 1915 1266 1973 ψηφισθέντα.

236 2017 328 2055 1856
345 2019 568 2065 πτερωθεὶς
589 2019 621 2057 Α
760 2022 850 2059 1868
869 2020 937 2060 τὸν
957 2019 1100 2070 χάρτην
1124 2022 1161 2059 R

141 2106 211 2157 q'uo
234 2109 414 2147 indicante
435 2116 554 2148 natum
572 2125 651 2149 esse
675 2111 747 2150 sibi
767 2113 889 2160 filium,
913 2115 1072 2161 graviter
1092 2112 1273 2160 suspirans
1292 2112 1501 2160 astrologus,
1519 2113 1607 2150 artis

141 2167 228 2200 suae
255 2158 384 2204 peritia
405 2158 554 2194 celebris
569 2186 579 2205 ‚
605 2157 718 2215 “quid
746 2160 813 2196 hoc
836 2161 890 2196 rei
913 2159 1023 2197 est2”
1055 2160 1236 2196 exclamat.
1281 2156 1480 2195 “dominum
1501 2166 1610 2206 atque

140 2214 261 2249 regem
283 2205 385 2239 nobis
409 2203 600 2250 genuisti?
645 2218 715 2242 lam
737 2218 814 2243 cum
837 2218 927 2253 puer
950 2207 1177 2252 adolevisset,
1199 2217 1241 2241 ac
1258 2206 1295 2240 in
1313 2206 1468 2252 praediis
1484 2213 1607 2252 pater-

141 2249 196 2284 nis
220 2250 352 2295 degens
375 2252 586 2287 messoribus
606 2258 647 2288 ‘et
667 2253 918 2299 manipulorum
941 2253 1202 2299 colligatoribus
1221 2252 1470 2297 oblectaretur,
1492 2254 1607 2288 forte-—

141 2305 211 2341 que
228 2307 352 2342 panem
371 2297 556 2343 aliquando
580 2300 737 2338 manibus
755 2305 914 2345 gestaret
936 2312 1050 2346 eoque
1072 2304 1295 2343 vesceretur,
1318 2310 1471 2344 superne
1490 2298 1607 2335 delata

140 2339 181 2376 in
199 2341 313 2388 ipsum
337 2354 462 2388 magno
487 2355 563 2379 cum
591 2351 663 2380 stre
690 2346 743 2380 itu
770 2345 887 2391 aquila
909 2358 1034 2392 panem
1057 2345 1204 2392 eripuit,
1238 2356 1388 2391 moxque
1419 2345 1607 2391 complosis

140 2385 206 2422 alis
229 2388 270 2426 in
294 2389 378 2424 aera
397 2389 554 2425 sublimis
581 2391 660 2427 avol
686 2392 756 2437 vit,
781 2392 908 2427 deinde
931 2392 1086 2427 vicissim
1109 2404 1190 2427 sese
1213 2391 1400 2426 demittens
1422 2403 1547 2437 panem
1571 2391 1607 2426 ei

139 2433 306 2469 reddidit.
353 2436 399 2470 ad
421 2435 605 2482 imperium
677 2438 690 2471 i
711 2438 945 2484 pervenisset,
969 2439 1154 2486 iracundus
1173 2439 1355 2472 admodum
1375 2442 1472 2481 erat,
1500 2437 1605 2473 bilio-

141 2489 214 2524 sus,
237 2485 276 2515 et
295 2480 388 2516 iusto
407 2482 547 2528 quidem
565 2485 791 2519 concitatior:
817 2486 880 2519 sed
898 2495 1018 2520 rursus
1038 2486 1082 2520 ad
1099 2496 1179 2519 sese
1200 2483 1305 2518 facile
1325 2483 1466 2518 redibat
1486 2489 1523 2518 et
1539 2484 1606 2518 mi-

141 2526 313 2561 tescebat.
360 2539 445 2563 uare
463 2540 540 2563 cum
558 2529 744 2576 aliquando
762 2542 826 2576 pro
846 2530 1012 2566 tribunali
1033 2532 1176 2566 sederet
1196 2540 1390 2575 causasque
1413 2541 1606 2574 cognosce-

141 2574 199 2605 ret
221 2581 263 2606 ac
284 2583 340 2607 mu
354 2578 408 2608 tos
430 2574 594 2610 mortales
621 2576 746 2622 capitis
769 2578 962 2622 damnaret,
986 2577 1042 2612 vir
1065 2578 1206 2623 quidam
1228 2577 1390 2622 sapiens,
1424 2577 1481 2610 cui
1505 2576 1607 2610 Mae-

142 2615 275 2651 census
295 2624 390 2654 esset
411 2631 535 2655 nomen
549 2648 558 2666 ‚
591 2622 736 2668 propius
762 2623 953 2658 accedendi
970 2628 1181 2669 potestatem
1208 2634 1277 2656 non
1295 2623 1428 2656 habens
1451 2626 1492 2656 ut
1513 2621 1607 2657 Cae-

141 2674 255 2697 sarem
277 2671 434 2700 moneret
456 2668 551 2710 (nam
571 2668 821 2703 excludebatur
841 2670 884 2704 ab
913 2669 1048 2715 ingenti
1071 2669 1245 2703 hominum
1266 2668 1503 2713 multitudine)
1525 2667 1606 2702 lite-

140 2719 199 2743 ras
223 2710 388 2754 quasdam
404 2709 442 2746 in
459 2713 612 2748 chartam
631 2715 832 2760 perscribit,
858 2727 1004 2762 eamque
1023 2716 1190 2761 deinceps
1211 2715 1387 2760 obsignat.
1436 2726 1500 2749 eae
1525 2713 1604 2748 lite-

139 2766 203 2789 rae
221 2756 428 2792 sententiam
444 2758 638 2795 huiusmodi
657 2761 884 2796 continebant
906 2758 1052 2796 “desine
1078 2762 1228 2796 iudicem
1251 2773 1378 2806 agere,
1411 2755 1608 2795 carnifex.”

140 2799 232 2835 hanc
256 2800 410 2854 chartam
427 2803 560 2840 directo
578 2805 616 2840 in
635 2807 824 2842 Caesarem
846 2807 1057 2851 eiaculatur,
1092 2819 1162 2853 qua
1183 2812 1372 2853 conspecta
1390 2812 1427 2840 et
1444 2805 1605 2857 resigna-

139 2851 190 2891 ta,
213 2848 403 2893 verbisque
424 2851 629 2897 perscriptis
654 2852 692 2887 in
716 2865 759 2888 ea
780 2854 895 2899 lectis,
929 2855 974 2891 de
995 2853 1161 2891 tribunali
1179 2853 1305 2900 surgit,
1330 2863 1490 2898 quaeque
1508 2861 1606 2897 prum

140 2898 242 2928 erant
259 2894 413 2938 decreta,
431 2900 594 2941 tanquam
611 2897 712 2934 irrita
730 2905 887 2936 revocat.

198 2945 312 2983 Const.
339 2947 534 2985 Manasnce.
1306 2946 1332 2986 6
