1872 3236
517 143 895 200 ecmannum
932 155 1282 203 cfflzomcum,
1535 152 1630 226 159

293 275 346 329 τῇ
365 268 466 328 κόρῃ
485 273 538 327 τῇ
554 268 748 312 θεόπαιδι
767 271 840 326 τὴν
858 268 973 315 πόλιν
991 271 1189 329 ἐπιτρέπει

156 343 270 389 8690
293 342 361 383 καὶ
379 339 452 383 τὸν
469 339 559 381 υἱὸν
576 332 644 381 καὶ
663 338 733 381 τὸν
751 337 862 390 λαόν,
898 340 1020 390 αὐτὸς
1042 340 1084 383 ‹5'
1111 341 1294 383 ἐντεῦθεν
1317 337 1422 397 ἄρας

294 410 362 451 καὶ
383 396 676 462 συλλεξάμενος
696 407 870 465 στρατὸν
894 409 937 450 ἐκ
957 414 1031 464 γῆς
1052 408 1132 451 ἀπὸ
1153 408 1384 464 θαλάσσης,

292 477 443 532 ψιλοὺς
461 475 652 527 ἐνόπλους
672 476 877 527 ἱππαστάς
898 475 1064 527 ὁπλίτας
1085 476 1377 534 σακεσφόρους,

292 548 349 608 εἷς
371 550 445 602 γῆν
465 544 666 599 εἰσβάλλει
686 544 907 602 Περσικήν,
943 544 1190 602 προσβάλλει
1209 548 1275 588 καὶ
1301 547 1513 605 φρουρίοις

290 605 608 672 καρτεροτείχοις
628 615 814 671 ε’ρυμνοῖς
835 612 1045 671 εὖπῦργοις
1066 613 1399 671 στερροπῦργοις,

154 683 265 728 3695
291 684 452 740 φθείρει
474 688 628 740 πορθ-εἴ
646 687 833 738 λεηλατεῖ
845 687 981 725 πᾶσαν
1001 682 1074 738 τὴν
1091 681 1170 725 ὑπὸ
1189 678 1372 740 Πέρσας,
1408 702 1409 705 ’

287 751 392 808 ἄγαν
415 755 555 810 σοφῶς
573 750 818 806 τεχνώμενος
835 752 1047 806 μεθέλκειν
1068 751 1329 804 Βυζαντόθεν

287 821 506 863 κάντεῦθεν
526 820 812 878 άντιπερισπᾶν
825 819 1019 877 ’λόσρόου
1043 820 1117 871 τὰς
1139 818 1343 875 δυνάμεις.

287 888 444 932 πόλεων
462 893 559 945 γοῦν
580 894 661 932 τῶν
682 892 898 947 Περσικῶν
916 891 1112 947 ἓκείροντο
1136 888 1186 932 τὰ
1208 888 1353 944 κάλλη,

283 957 398 1015 ἀγροὶ
424 958 552 1015 πυρὸς
573 959 745 1014 ἐγίνοντο
772 957 933 1014 δαπάνη
955 957 1197 1010 πολυξύλου,

147 1030 262 1072 3700
285 1026 624 1084 ἧνὸραποδίζοπο
649 1032 801 1085 πικρῶς
821 1025 1046 1085 ὑπέρακμοι
1067 1030 1306 1085 πρωθῆβαι,

283 1103 465 1152 γυναῖκες
485 1094 828 1150 καλλιπλόκαμοι,
865 1097 1064 1154 κορίσκαι,
1094 1097 1304 1152 γηραλεάι,

284 1165 351 1207 καὶ
374 1167 516 1215 παῖδες
538 1162 778 1220 ὖπαγκάλιοι
789 1197 801 1216 ,
835 1164 1126 1222 γαλακτοφάγα
1145 1165 1296 1222 βρέφη.

285 1231 444 1275 ἐλούετο
467 1240 551 1283 τοῖς
574 1235 740 1287 αἵμασιν
762 1232 788 1288 ἡ
810 1238 891 1276 τιῦν
905 1233 1115 1289 Ῥωμαίων
1132 1233 1291 1287 σπάθη,

281 1299 506 1358 ἡρπάζοντο
527 1300 792 1356 βοσκήματα,
827 1304 997 1360 μητέρες
1019 1304 1269 1358 ἠτεκνοῦντο,

145 1370 256 1414 3705
281 1372 348 1412 καὶ
373 1369 514 1420 στόνος
535 1369 812 1425 κατελάμβανε
831 1372 905 1426 τὴν
925 1371 1133 1428 Περσικὴν
1150 1372 1216 1413 καὶ
1241 1367 1360 1426 γόος·

280 1439 409 1493 πτηνὴ
430 1438 508 1496 γὰρ
530 1437 771 1494 ἐκδικήσεως
792 1440 971 1496 ἐπέτρεχε
993 1439 1192 1498 ῥομφαία,

280 1509 348 1550 καὶ
365 1507 506 1569 πάσας
526 1506 792 1562 κατεβόσκετο
816 1507 960 1564 σπάθη
981 1513 1124 1563 θὐμοῦ
1140 1509 1216 1559 τὰς
1232 1506 1378 1558 πόλεις.

280 1573 416 1619 ἀκούει
439 1576 570 1619 ταῦθ’
595 1575 616 1618 ὅ
640 1576 832 1630 βασιλεὺς
850 1580 1026 1634 Περσῶν
1048 1577 1068 1619 ὅ
1090 1578 1331 1635 φρυακτιάς,

277 1646 344 1687 καὶ
366 1645 419 1688 τὰ
437 1643 624 1701 γινόμενα
643 1646 796 1699 μαθών
818 1646 977 1702 ἀπαίρει
999 1644 1274 1698 Βυζαντόθεν.

139 1717 250 1758 3710
274 1719 424 1772 προῆγε
444 1706 519 1768 μέν
532 1712 775 1772 (Ηράκλειος
798 1716 853 1765 εἷς
872 1715 999 1770 μέσην
1018 1714 1092 1770 τὴν
1114 1717 1317 1771 Περσίδα,

277 1781 298 1825 ὅ
317 1784 361 1825 δὲ
382 1781 631 1841 Περσάρχης
651 1783 754 1841 πρὸς
773 1782 895 1826 αὗτὸν
917 1783 1087 1839 ἤλαυνεν
1106 1782 1375 1832 ὀπισθόπους.

273 1853 340 1895 καὶ
362 1847 573 1908 γενομένης
590 1851 663 1894 ὑπ’
687 1853 840 1910 ἀμφοῖν
859 1851 1165 1911 καρτερομάχου
1186 1852 1322 1908 μάχης

275 1923 343 1963 καὶ
364 1920 679 1979 προσβαλόντων
699 1924 917 1979 φρικωόιῦς
932 1921 1123 1977 ἀλλήλοις
1139 1926 1220 1964 τῶν
1237 1918 1453 1977 ταγμάτων

228 2027 264 2051 v.
282 2015 374 2052 3691
395 2029 449 2051 om
472 2017 511 2051 M
588 2017 680 2052 3692
703 2014 884 2057 ἱππευτοὶς
902 2018 966 2052 AR
1036 2018 1127 2053 3699
1144 2014 1314 2061 ἐγένοντο
1332 2015 1362 2050 Α
1431 2014 1524 2050 3702
1541 2017 1608 2057 γα-“
1644 2015 1647 2018 “

225 2060 463 2109 λακτοτρόφα
481 2062 521 2098 Μ
681 2064 773 2099 3707
796 2061 1015 2109 ἐπεβόσκετο
1039 2064 1073 2098 R
1120 2084 1123 2085 ν
1222 2064 1313 2098 3709
1335 2059 1514 2107 γενόμενα
1538 2061 1604 2095 RR

133 2153 211 2176 nam
235 2143 356 2178 urbem
380 2154 457 2184 cum
479 2143 551 2177 filio
576 2143 775 2189 populoque
800 2143 1003 2177 committit:
1027 2143 1105 2189 ipse
1128 2154 1214 2177 vero
1239 2144 1282 2178 ab
1307 2144 1395 2177 urbe
1410 2142 1604 2187 profectus,

133 2187 336 2235 coactisque
360 2189 471 2235 copiis
495 2195 566 2224 tam
591 2190 677 2224 mari
703 2201 804 2236 quam
828 2195 936 2232 terra,
961 2189 1049 2223 levis
1075 2194 1112 2224 et
1135 2189 1254 2234 gravis
1271 2194 1468 2223 armaturae
1483 2187 1605 2222 militi-

129 2233 210 2278 bus,
235 2235 435 2280 equitibus,
459 2236 638 2280 statariis,
663 2237 832 2279 scutatis,
857 2237 901 2270 ad
924 2235 1087 2270 Persicos
1111 2236 1200 2270 fines
1225 2235 1425 2278 contendit,
1453 2235 1606 2270 castellis

131 2280 272 2322 munitis
297 2282 416 2328 copias
441 2282 596 2326 adhibet,
621 2284 727 2317 urbes
752 2282 895 2325 evertit,
922 2282 1120 2317 universam
1143 2283 1329 2317 Persarum
1352 2281 1525 2316 dicionem
1549 2281 1604 2315 di-

132 2324 239 2380 ripit,
273 2339 440 2374 perquam
464 2329 644 2374 sapienter
667 2330 800 2362 hostem
830 2340 850 2362 a
872 2329 1045 2372 Byzantio
1071 2328 1227 2373 cogitans
1252 2328 1459 2362 abstrahere
1483 2333 1520 2362 et
1542 2340 1600 2362 co>

127 2372 209 2416 ‘pras
243 2373 318 2408 eius
348 2387 370 2409 a
402 2387 442 2409 se
473 2375 509 2409 in
541 2375 654 2410 vicem
686 2375 866 2418 divellere.
915 2375 1034 2420 itaque
1057 2375 1278 2409 Persicarum
1303 2374 1438 2409 urbium
1462 2380 1604 2419 segetes

132 2417 415 2465 demittebantur,
438 2420 521 2466 igne
543 2423 776 2456 vastabantur
799 2420 895 2466 agri,
920 2423 1113 2466 peracerbe
1138 2421 1364 2467 rapiebantur
1387 2421 1424 2454 in
1447 2421 1602 2455 servitu-

130 2468 208 2498 tem
227 2470 343 2501 aetate
366 2467 607 2513 provectiores
621 2494 630 2512 ,
654 2467 820 2511 ancillae,
855 2467 1016 2502 mulieres
1041 2469 1216 2502 formosae
1230 2495 1239 2511 ,
1263 2467 1421 2512 puellae,
1450 2467 1603 2511 vetulae,

130 2508 282 2546 infantes
306 2512 367 2559 qui
389 2513 478 2548 ulnis
499 2516 730 2559 gestabantur
754 2518 791 2548 et
815 2514 928 2549 adhuc
950 2513 1145 2556 lactebant3
1175 2514 1283 2559 gladii
1306 2514 1541 2548 Romanorum
1565 2514 1601 2547 in

131 2555 299 2601 sanguine
323 2558 562 2604 abluebantur,
586 2560 843 2605 diripiebantur
866 2561 1039 2606 pecudes,
1064 2567 1193 2595 matres
1216 2560 1338 2594 liberis
1363 2560 1599 2593 orbabantur:

130 2606 238 2636 totam
272 2604 422 2651 denique
443 2606 602 2641 Persiam
632 2606 898 2641 lamentationes
933 2611 969 2640 et
998 2607 1154 2652 ploratus
1189 2607 1419 2652 occupabant.
1468 2605 1600 2651 quippe

129 2647 281 2683 volucris
314 2649 448 2695 gladius
481 2652 622 2687 ultionis
647 2654 860 2697 advenerat,
897 2658 933 2687 et
955 2652 1141 2687 iracundus
1166 2653 1259 2686 ensis
1284 2654 1390 2687 urbes
1413 2651 1596 2686 universas

126 2695 396 2740 depascebatur.
443 2699 540 2734 audit
563 2699 650 2734 haec
673 2700 846 2754 superbus
871 2698 928 2733 ille
951 2710 1014 2733 rex
1038 2699 1245 2733 Persarum:
1274 2711 1352 2732 mox
1377 2698 1594 2732 obsidionem

125 2741 291 2786 Byzantii
313 2741 432 2778 solvit.
478 2745 615 2781 interea
639 2747 786 2780 mediam
810 2746 846 2779 in
869 2745 1050 2780 Persidem
1074 2745 1146 2779 suis
1171 2757 1246 2780 cum
1270 2744 1381 2789 copiis
1409 2743 1593 2778 Heraclius

123 2792 300 2868 penetrat.
348 2799 425 2823 eum
447 2801 468 2824 a
489 2795 590 2837 tergo
613 2793 881 2826 consectabatur
903 2792 1089 2826 Persarum
1114 2791 1293 2838 princeps.
1325 2802 1470 2835 cumque
1485 2801 1590 2834 prae-

136 2833 206 2869 ium
233 2845 314 2870 acre
345 2835 560 2872 commissmn
591 2837 685 2874 inter
716 2843 883 2884 utrosque
912 2839 1027 2885 foret,
1060 2838 1228 2875 immensa
1256 2837 1396 2889 quidem
1426 2836 1591 2881 utrinque
