1924 3242
173 273 331 313 aui-alia
343 275 385 308 ut
397 271 518 307 similia
531 270 598 306 sibi
610 270 716 306 edant
729 272 831 307 2233.

173 318 363 356 animalium
380 321 474 353 ortus
491 317 568 353 150.

174 364 358 403 Antiochia
371 375 392 398 a
405 362 587 398 Saracenis
599 365 699 409 capta
722 362 826 398 5666.

173 411 297 448 'Mei
311 410 422 444 fastus
436 410 539 445 6298.

171 454 488 494 Anthemius-2528.

172 501 362 538 Antoninus
379 501 561 536 Caracalla
575 500 844 548 imperator‘227
846 501 880 535 5.

174 548 361 584 Antoninus
376 547 458 582 Pius
481 559 542 581 cur
565 551 601 581 et
624 546 791 592 quomodo
817 546 882 580 im-

246 597 363 629 erator
392 594 507 628 factus
533 594 578 628 sit
603 594 709 628 2196.
765 603 883 638 quam-

220 606 281 675 {iu
305 639 523 685 imperaverit
552 639 655 674 2240.
707 643 747 672 ut
777 649 882 684 pecu-

219 686 294 722 nias
331 686 375 719 ad
413 685 496 719 belli
524 685 616 719 vires
647 684 884 719 instaurandas

220 731 379 768 conflarit
392 732 494 766 2202.

174 779 224 814 Μ.
235 776 397 812 Antonini
409 777 624 822 imperatoris
639 776 771 821 collega
782 777 883 812 2222.

219 823 373 870 supellex
385 822 524 856 vendita
537 823 641 858 2207.

175 870 258 926 Apjs
271 868 398 903 idolum
411 868 658 922 Aegyptiorum
673 867 753 904 503.

173 913 884 1008 ᾌἭωὶῗῖἕέἳέὲέξίωιὲἓῗὲἳὲῗῖἷροη-

219 1017 292 1042 sum
307 1006 496 1050 ambiguum
514 1006 614 1041 1738.

174 1053 368 1100 Apsimarus
383 1051 566 1086 Iustiniano
582 1051 762 1085 insidiatur
779 1053 883 1087 3936.

219 1098 421 1144 Byzantium
451 1101 598 1142 occupat
625 1099 726 1134 3921.
779 1098 884 1143 Apsi-

219 1143 312 1226 39⁸7}
337 1143 432 1179 varia
460 1143 596 1178 nomina
631 1143 732 1179 3922.
794 1155 884 1178 mors

175 1236 212 1270 in
226 1246 315 1281 aqua
329 1235 464 1270 litteras
478 1245 621 1272 exarare
634 1234 739 1270 4503.

177 1291 341 1363 aqtlizgum
355 1280 547 1326 segregatio
575 1280 632 1316 52.
678 1280 888 1315 foecunditas

178 1373 314 1419 aquilae
329 1371 503 1417 augurium
522 1371 622 1408 1855.

179 1419 311 1456 Arabes
332 1418 434 1453 3896.
483 1418 596 1452 Asiam
626 1420 764 1452 vastant
786 1416 888 1452 5953.

226 1464 363 1499 Cretam
381 1463 519 1508 capiunt
533 1463 636 1499 5652.

179 1511 284 1546 arbor
298 1509 502 1553 cognitionis
522 1509 603 1545 boni
626 1514 663 1543 et
686 1508 765 1543 mali
782 1508 890 1543 inter-

224 1555 318 1590 dicta
333 1556 412 1590 291.

178 1600 329 1683 Ατέὂέοο
351 1600 421 1634 dux
433 1599 700 1646 Sardanapalum
725 1599 892 1634 interficit

180 1705 263 1729 arca
276 1693 378 1728 Noae
393 1691 498 1728 6845.
545 1691 616 1725 eius
630 1693 739 1726 forma
753 1690 834 1726 425.

181 1738 343 1776 Arcadius
365 1737 521 1772 Honorio
550 1737 653 1771 fratri
685 1737 721 1771 in
749 1735 890 1783 imperio

227 1783 425 1819 Occidentis
439 1783 593 1818 succedit
603 1783 708 1819 2473.

182 1829 389 1867 Ardaburius
403 1830 504 1865 2813.

181 1876 333 1913 Ariadna
346 1875 495 1910 Zenonis
513 1885 599 1910 uxor
612 1876 717 1911 2968.

180 1921 890 1967 Artabasdusimperatordesignatus4352.

226 1979 266 2003 ca
290 1967 361 2001 itur
389 1972 426 2001 et
448 1972 651 2001 excaecatur
677 1967 779 2002 4370.
824 1971 891 2001 Ar-

226 2018 264 2048 ta
288 2013 359 2048 asdi
373 2012 521 2047 defectio
535 2012 638 2047 4170.

181 2061 389 2096 Artaxerxes
403 2058 633 2104 Longimanus
646 2058 757 2094 Xerxi
778 2059 814 2093 in
829 2059 888 2093 im·

181 2104 323 2187 Arpgzig
338 2105 501 2186 succpgslit
521 2105 601 2139 916.

321 2162 399 2186 ares
483 2176 493 2185 .

183 2197 353 2232 Artemius
379 2195 578 2231 Anastasius
603 2196 788 2241 imperator
801 2195 894 2229 desi-

228 2241 464 2288 gnatur4110.
510 2241 545 2276 in
562 2242 698 2276 exilium
715 2242 895 2286 ablegatur

204 2289 211 2296 “
228 2289 329 2324 4160.
375 2287 516 2324 Artemii
531 2289 614 2333 fuga
627 2288 732 2324 4138.

186 2334 350 2368 Ascanius
364 2334 474 2369 Albae
490 2346 550 2368 rex
567 2334 667 2369 1562.

187 2379 270 2414 Asia
282 2379 416 2414 Sesosti
432 2380 508 2423 regi
523 2379 708 2414 tributaria
723 2379 802 2414 577.

187 2426 299 2503 2⁸⁹„
308 2426 410 2505 283.
427 2425 510 2505 ’Afiriij
526 2425 634 2506 fud-2¹8³
648 2425 781 2460 deditus
789 2426 893 2460 2860.

188 2481 334 2560 12:32¹:
347 2482 438 2550 unffi:
448 2483 543 2551 «1ῑέἷέ
553 2497 640 2553 448]

188 2561 320 2605 Assyrii
352 2561 540 2597 libertatem
570 2567 774 2609 recuperant
811 2561 891 2597 581.

234 2606 452 2651 Assyriorum
476 2608 518 2642 de
534 2614 676 2643 matrum
691 2609 894 2642 liberorum·-

235 2662 304 2697 que
335 2653 461 2698 nuptiis
490 2653 547 2688 lex
576 2655 656 2690 556.
718 2654 894 2699 imperium

237 2698 397 2777 quagindiu
408 2699 586 2779 ‘giganti‘
600 2700 680 2737 587.
705 2700 804 2745 regio
819 2700 894 2734 Un-

235 2755 287 2778 ms
366 2755 387 2777 a
479 2769 487 2777 .

190 2789 293 2824 astris
308 2789 443 2824 nomina
481 2789 532 2824 uis
546 2789 743 2837 imposuerit
756 2792 836 2828 374.

192 2835 385 2881 astrologus
401 2801 534 2881 quidam
550 2841 587 2871 ut
601 2837 797 2883 supplicium
812 2848 898 2873 eva-

618 163 677 208 IN
678 163 801 209 DEX
832 163 1187 210 HISTORIGUS.

1540 163 1636 209 301

973 272 1055 307 serit
1076 273 1179 308 2123.
1227 270 1391 316 astrologi
1405 269 1581 305 cuiusdam
1595 270 1640 304 de

971 320 1127 363 Augusto
1136 318 1342 364 imperatore
1350 315 1640 363 praedictiolss46.

972 364 1041 398 alia
1057 364 1244 409 praedictio
1260 364 1361 399 2999.
1409 361 1572 407 astrologi
1597 361 1640 395 ab

972 410 1129 453 Augusto
1152 411 1237 444 urbe
1260 409 1358 444 eiecti
1383 410 1483 445 1910.
1530 414 1642 442 astro-

974 456 1140 499 logorum,
1158 467 1231 489 cum
1250 454 1449 490 iuberentur
1463 453 1563 488 Italia
1579 465 1640 487 ex·-

973 501 1108 543 cedere,
1130 502 1173 535 ad
1194 502 1378 536 Caesarem
1395 499 1570 535 Vitellium
1585 510 1646 533 re-v

972 546 1112 591 sponsio
1126 547 1228 581 2047.
1391 563 1395 566 -

930 592 1095 636 Astyagis
1111 591 1290 626 Medorum
1313 593 1408 636 regis
1433 591 1476 626 de
1497 591 1570 626 filia
1586 602 1644 624 so-

973 638 1095 672 mnium
1121 639 1201 673 728.
1250 649 1323 672 cum
1348 637 1462 682 Magis
1488 638 1531 671 de
1547 637 1646 681 Cyro

975 683 1142 718 deliberat
1158 685 1236 718 778.
1260 683 1365 717 filium
1375 684 1543 728 Harpago
1560 694 1643 716 con-

973 729 1116 763 dendum
1131 729 1293 775 proponit
1307 731 1386 765 787.
1435 740 1456 762 a
1471 729 1567 774 Cyro
1583 739 1644 762 ne-

974 779 1057 821 pote
1072 786 1132 809 suo
1149 780 1269 820 captus
1284 774 1364 809 804.

929 821 1091 855 Athenais
1122 821 1261 854 Leontii
1290 820 1363 854 filia
1392 821 1497 854 2600.
1543 821 1642 864 post-

974 867 1107 902 modum
1138 866 1292 901 Eudocia
1324 865 1417 899 dicta
1447 864 1645 910 imperatori

974 912 1171 947 Theodosio
1187 913 1336 956 iungitur
1348 911 1450 947 2633.
1478 931 1483 933 -

927 959 1154 993 Athenienses
1172 960 1269 994 1224.

928 1004 1165 1039 Athenodorus
1174 1003 1423 1038 Alexandrinus
1438 1005 1643 1049 praeceptor

975 1050 1119 1095 Augusti
1134 1049 1296 1084 Caesaris
1325 1050 1425 1084 1872.
1474 1048 1642 1093 quomodo

974 1099 1162 1142 Augustum
1193 1097 1237 1130 ab
1266 1095 1442 1130 adulteriis
1475 1093 1646 1128 revocarit

978 1145 1079 1180 1881.
1103 1147 1142 1176 ut
1155 1142 1360 1176 iracundiam
1372 1140 1534 1176 Caesaris
1551 1150 1645 1173 com—

976 1188 1148 1234 pescuerit
1164 1189 1264 1223 1904.

932 1235 1064 1269 Avares
1081 1235 1196 1280 populi
1210 1233 1315 1270 3746.

932 1281 1110 1324 augurium
1126 1279 1230 1315 6546.

933 1327 1108 1371 Augustus
1125 1326 1256 1360 Caesar
1278 1337 1299 1359 a
1315 1325 1517 1359 Maecenate
1542 1323 1650 1357 moni‘

980 1378 1036 1406 tus
1057 1372 1156 1406 1863.
1181 1371 1215 1404 in
1233 1371 1402 1406 libidinem
1410 1380 1536 1415 pronus
1549 1369 1648 1404 1875.

982 1416 1102 1498 {agisis
1140 1417 1243 1450 semel
1282 1418 1457 1496 (ὲεὲῃὲαῐὲε
1495 1414 1648 1495 ιῖὺεοὶνίῐ

1073 1487 1083 1497 .
1128 1473 1227 1507 quam
1249 1474 1288 1497 su
1335 1474 1347 1496 ι
1376 1473 1393 1496 s
1434 1472 1506 1495 ueri
1548 1470 1650 1494 carus

984 1509 1084 1544 1912.
1131 1507 1204 1542 eius
1227 1520 1310 1553 erga
1337 1507 1510 1552 sapientes
1534 1511 1568 1540 et
1583 1506 1650 1539 do-

981 1558 1056 1588 ctos
1070 1553 1259 1588 humanitas
1277 1555 1378 1589 1911.
1418 1552 1562 1596 Augusti
1577 1563 1649 1586 ma-

980 1600 1043 1633 tris
1072 1599 1234 1634 somnium
1262 1600 1363 1634 1838.
1410 1609 1532 1633 nomen
1561 1597 1651 1631 unde

982 1645 1084 1680 1835.
1144 1645 1292 1689 Augusti
1324 1645 1438 1698 patris
1487 1643 1651 1678 somnium

983 1692 1086 1725 1841.
1148 1690 1293 1744 Augusti
1323 1690 1500 1736 mperium
1532 1700 1652 1734 quam-

982 1736 1039 1769 diu
1055 1736 1233 1770 duraverit
1254 1737 1354 1771 1926.

936 1781 1071 1816 avicula
1101 1782 1303 1828 plorantium
1341 1793 1459 1816 vocem
1498 1779 1647 1814 imitatur

935 1873 1045 1908 avium
1061 1876 1156 1908 ortus
1171 1874 1248 1908 151.
1294 1872 1428 1919 species
1447 1872 1525 1908 159.

935 1931 1052 1955 aurum
1067 1919 1216 1954 nativum
1231 1918 1311 1954 224.
1365 1918 1489 1963 quibus
1514 1917 1549 1950 in
1564 1915 1650 1950 locis

980 1965 1171 2012 reperiatur
1192 1965 1273 2000 223.

937 2011 1012 2046 auri
1031 2010 1217 2045 criminatio
1228 2010 1328 2046 3952.
1362 2007 1535 2043 execratio
1547 2006 1648 2042 3550.

983 2057 1036 2091 vis
1055 2057 1158 2091 4150.
1190 2056 1260 2103 ¹vis
1278 2055 1422 2090 maxima
1436 2055 1538 2089 2916.

936 2102 1045 2138 Babel
1061 2101 1140 2147 quid
1155 2101 1325 2146 significet
1341 2101 1421 2136 468.

939 2148 1097 2193 Babylon
1116 2147 1204 2181 unde
1222 2159 1342 2181 nomen
1357 2147 1485 2181 habeat
1500 2143 1581 2182 467.

939 2193 1116 2228 Bactriani
1131 2194 1232 2228 3683.

939 2241 1097 2275 balneum
1134 2238 1306 2286 Zeuxippi
1347 2237 1423 2284 quis
1462 2235 1653 2272 condiderit

942 2288 1143 2368 Bagltasarus
1159 2341 1221 2365 cur
1235 2329 1376 2376 imperio
1395 2327 1561 2363 exciderit
1576 2328 1654 2363 692.

985 2377 1193 2413 Merodacho
1218 2376 1524 2413 in.Chaldaeorum
1549 2374 1657 2419 impe-

986 2424 1037 2458 rio
1069 2423 1221 2457 succedit
1252 2423 1332 2458 690.
1390 2420 1571 2455 Baltasaro
1594 2418 1656 2453 tri-

986 2471 1051 2504 bus
1087 2468 1195 2503 literis
1233 2467 1429 2503 vaticinium
1458 2467 1494 2500 in
1525 2465 1657 2512 pariete

986 2515 1149 2560 scriptum
1165 2514 1246 2550 704.

942 2561 1079 2596 barbari
1120 2560 1292 2595 cuiusdam
1323 2559 1511 2594 humanitas
1553 2559 1654 2592 6600.

986 2607 1123 2642 barbari
1164 2606 1325 2641 virtutem
1375 2605 1474 2640 etiam
1514 2606 1656 2650 possunt

985 2653 1099 2687 colere
1112 2653 1215 2687 2569.

939 2700 1056 2734 Barda
1071 2698 1205 2733 Phocas
1221 2698 1324 2734 5630.

941 2745 1072 2780 Bardas
1088 2744 1217 2778 Caesar
1231 2744 1335 2779 5094.

943 2791 1081 2826 Bardae
1101 2789 1188 2824 Duri
1211 2790 1333 2824 seditio
1355 2787 1458 2825 5945.
1505 2788 1654 2822 incestus

989 2832 1093 2876 5112.
1137 2835 1295 2871 interitus
1310 2835 1412 2871 5159.
