1924 3242
343 184 405 230 52
733 181 965 227 GEORGII
991 176 1375 225 -AcROPOLITAE

343 297 411 338 καὶ
443 299 525 344 τοῖς
553 290 720 349 φύλαξιν
754 292 899 349 αἴφνης
925 289 1211 342 ἐπεισπεσόντες
1240 288 1385 341 αὐτούς
1403 309 1444 334 τε
1461 289 1676 349 ἐφόνευσαν
1694 293 1762 334 καὶ
1824 312 1825 315 ’

346 361 451 406 εἷλον
473 362 518 403 τὸ
533 360 646 401 ι’ίστυ.
713 364 829 402 τοῦτο
847 359 946 415 πρὸς
963 359 1094 416 βραχὺ
1113 361 1185 413 μὲν
1205 360 1260 409 εἲς
1281 360 1426 400 δειλίαν
1438 357 1657 414 Ῥωμαίους
1679 360 1762 401 ἕνέ-

346 434 465 484 stult·
500 425 652 483 πλήρης
682 427 758 483 γὰρ
789 422 837 481 ἦν
870 425 896 482 ἦ
924 426 1037 477 πόλις
1068 426 1223 483 ἀνδρῶν
1255 430 1385 468 καλῶν
1407 443 1448 468 τε
1474 427 1665 482 κάγαθῶν
1685 425 1759 468 mix

346 500 429 538 τῶν·
448 495 782 551 περιφανεστέρων
805 495 846 536 ἔν
866 492 1135 550 στρατιώταις.
1204 493 1294 535 ἀλλ’
1319 491 1345 547 ἦ
1370 497 1441 535 τοῦ
1459 494 1655 547 βασιλέως
1673 494 1759 550 περὶ

345 562 396 603 τὰ
421 565 584 603 τοιαῦτα
608 563 809 615 οἰκονομία
835 564 901 603 καὶ
926 559 1268 618 στρατηγικωτάτη
1290 558 1462 614 δεινότης
1479 560 1550 614 τὴν
1569 564 1648 603 τῶν
1660 559 1793 604 ‘Pto-5

347 630 475 682 μαίων
507 629 652 670 δειλίαν
685 627 771 670 τότε
801 628 1056 679 ἃπετινάξατο
1067 660 1080 680 ,
1127 629 1194 669 καὶ
1228 630 1283 677 εἷς
1314 629 1453 669 πτοίαν
1486 630 1638 680 μᾶλλον
1672 626 1765 676 τοὺς

298 701 328 736 Β
349 697 554 744 Λατίνους
581 696 763 749 ἐνέβαλε,
795 698 862 738 καὶ
894 701 964 750 τῆς
988 713 1028 737 τε
1059 699 1228 752 φυσικῆς
1254 694 1377 750 ῥοπῆς
1401 696 1466 736 καὶ
1491 698 1562 747 τῆς
1583 691 1766 743 ἁλώσεως
1807 697 1810 700 ’

347 767 425 805 τῶν
470 763 792 816 κατασχεθέντων
823 763 1072 818 γεγενημένης
1103 764 1238 819 σφίσιν
1271 760 1397 818 ὁρμῆς
1429 762 1633 804 ἀνέστειλε.
1698 761 1766 803 καὶ

345 829 596 886 ὑπέστρεψαν
616 831 671 879 εἷς
692 830 762 884 τὴν
779 824 1078 872 Κωνσταντίνου
1088 861 1100 881 ,
1136 827 1298 885 μικρόν,
1334 827 1387 878 ὡς
1405 828 1552 886 ἔφημεν
1560 859 1575 880 ,
1607 827 1634 882 ἢ
1651 827 1765 870 οὐδὲν

346 898 601 953 εἶργασμένοι.
1777 904 1820 938 10

481 964 556 1008 31.
617 962 666 1006 ‘O
697 963 769 1016 μὲν
797 958 867 1005 οὖν
898 963 1085 1017 βασιλεὺς
1116 960 1319 1017 Ἰωάννης,
1366 960 1433 1005 οἶα
1466 962 1608 1012 ἐκεῖνος
1642 961 1768 1012 δεινὸς

348 1032 525 1087 ε’φευρεῖν
557 1029 757 1083 μεθόδους
784 1031 824 1071 ἓν
853 1029 1100 1086 περιστάσεσι
1128 1033 1258 1072 σῶσαί
1274 1047 1314 1071 τε
1337 1030 1382 1071 τὸ
1404 1031 1564 1081 οῗκεῖον,
1595 1027 1694 1086 ὑπὲρ
1716 1023 1766 1073 οὗ

347 1099 413 1140 καὶ
437 1098 613 1147 πλείονος
631 1098 752 1139 ἐδεῖτο
777 1096 893 1152 λόγου
907 1129 920 1148 ,
951 1098 1201 1151 ἀναχαιτίσαι
1221 1115 1261 1139 τε
1280 1099 1346 1138 καὶ
1371 1097 1415 1138 τὸ
1435 1094 1684 1148 ὑπεναντίον,
1712 1094 1767 1146 ὧς

348 1164 398 1207 ἂν
422 1165 478 1206 δι’
505 1164 655 1221 ἀμφοῖν
674 1165 724 1206 τὰ
742 1167 865 1206 οἲκεΐα
886 1163 1115 1220 κρατύνοιτο
1128 1195 1141 1215 ,
1177 1162 1341 1219 εὑρίσκει
1363 1161 1508 1220 τρόπον
1529 1163 1767 1219 ἀποπληρω-

347 1231 454 1272 τικὸν
479 1238 561 1272 τοῖν
589 1233 709 1272 δυοῖν.
776 1229 964 1285 ἐγεννήθη
984 1231 1059 1286 γὰρ
1085 1231 1194 1287 αὐτῷ
1215 1231 1301 1279 υἱὸς
1321 1231 1363 1271 ἐκ
1381 1235 1451 1283 τῆς
1467 1231 1674 1282 βασιλίδος
1693 1232 1767 1271 Εἶ-
1780 1241 1821 1275 15

295 1311 325 1346 c
347 1296 488 1354 ρήνης,
523 1292 555 1353 ᾧ
587 1299 652 1338 καὶ
681 1301 818 1349 κλῆσις
850 1301 922 1338 τοῦ
956 1296 1118 1338 πάππου
1150 1298 1216 1338 καὶ
1246 1297 1441 1350 βασιλέως
1466 1294 1677 1353 Θεοδώρου
1698 1301 1771 1339 τοῦ
1819 1302 1823 1304 ’

345 1362 582 1419 Λασκάριος
600 1364 839 1404 ἐπετέθειτο·
875 1361 1080 1405 ἑνδέκατον
1107 1363 1151 1404 δέ
1171 1364 1207 1404 οἳ
1229 1362 1314 1413 ἔτος
1338 1362 1424 1405 τότε
1445 1362 1595 1418 ἠνύετο.
1661 1366 1726 1406 καὶ
1746 1363 1767 1406 ὃ

339 1431 459 1473 Madv
490 1431 533 1471 δὲ
563 1429 782 1486 θυγάτριον
814 1429 943 1483 ἴσχεν,
973 1429 1107 1484 Ἑλένη
1143 1431 1243 1486 αὐτῇ
1276 1430 1471 1484 τοῦνομα,
1507 1431 1616 1487 παρὰ
1637 1436 1710 1485 τῆς
1728 1433 1769 1481 ἐξ

349 1497 539 1553 Οῧγγρων
570 1498 817 1551 γαμηθείσης
845 1497 971 1553 αὐτῷ·
999 1497 1156 1539 ἔννατον
1189 1499 1256 1539 καὶ
1287 1497 1411 1553 ταύτῃ
1437 1498 1523 1547 ἔτος
1544 1493 1604 1552 ἦν.
1626 1540 1627 1543 ,
1671 1515 1768 1555 πρε-

345 1566 482 1617 σβείαν
511 1568 605 1619 γοΰν
634 1565 782 1606 στέλλει
812 1562 832 1605 ὅ
862 1565 1050 1617 βασιλεὺς
1080 1565 1178 1620 πρὸς
1212 1565 1280 1606 τὸν
1316 1563 1559 1620 Βουλγάρων
1594 1563 1823 1621 ἄρχονταεο

339 1629 470 1682 Madv,
495 1633 560 1672 καὶ
572 1632 783 1686 μνηστείας
804 1635 882 1673 τῶν
900 1633 1051 1673 παίδων
1066 1630 1298 1685 μνημονεύει
1317 1633 1382 1672 καὶ
1403 1636 1473 1685 τῆς
1493 1632 1644 1688 ἀμφοῖν
1655 1632 1768 1687 ἀγχι-

433 1748 456 1781 3
477 1742 545 1779 κάκ
562 1765 606 1771 —-
624 1744 861 1788 στρατιώταις
879 1757 932 1779 om
949 1745 981 1779 D
1081 1749 1104 1781 4
1125 1746 1207 1788 περὶ
1225 1767 1269 1773 -—
1285 1749 1306 1782 5
1319 1745 1503 1792 δεινότης]
1527 1748 1721 1792 στρατηγία
1736 1748 1770 1783 D

433 1792 454 1825 5
476 1791 550 1824 τῶν
567 1787 752 1832 Ῥωμαίων
771 1795 805 1823 et
823 1788 907 1824 τότε
924 1801 976 1824 om
993 1791 1024 1824 D
1170 1792 1192 1825 6
1213 1791 1274 1826 καὶ
1293 1793 1344 1831 εἰς
1362 1812 1408 1817 -—
1422 1792 1652 1836 εἰργασμένοι
1669 1804 1721 1827 om
1737 1794 1769 1827 D

430 1837 453 1871 7
475 1836 563 1879 τῆς]
597 1836 662 1879 τῆς
691 1832 729 1868 ἐκ
755 1835 848 1877 τῆςὶ)
1028 1836 1070 1869 11
1093 1832 1135 1869 Ὁ
1162 1855 1205 1861 -
1232 1833 1387 1881 ἐκεῖνος]
1412 1831 1522 1878 οὗτος
1546 1836 1616 1882 γὰρ
1649 1835 1710 1872 οἶα
1736 1838 1768 1872 D

435 1878 540 1919 ⁰5⁰9?
718 1881 761 1914 12
782 1876 874 1923 ὖπὲρ
900 1900 946 1905 -
971 1877 1079 1923 λόγου
1109 1891 1162 1913 om
1179 1880 1210 1913 D
1391 1882 1433 1916 13
1455 1882 1516 1916 καὶ
1541 1880 1769 1926 ἀναχαιτίσαι

431 1923 476 1958 τὸ
495 1925 526 1958 D
619 1925 662 1959 16
683 1924 807 1967 κλῆσιν
822 1925 889 1959 τοῦ
906 1922 1061 1958 πάππου
1080 1923 1274 1969 Θεοδώρου
1290 1924 1481 1961 ἐπεθὲτετο
1498 1928 1529 1962 D
1621 1929 1664 1963 17
1684 1925 1768 1962 τότε

435 1967 517 2009 ἔτος
540 1966 707 2012 διηνύετο
734 1970 765 2004 D
945 1971 985 2004 18
1017 1967 1055 2003 δὲ
1084 1980 1136 2002 om
1155 1970 1186 2003 D
1362 1970 1463 2014 παρὰ
1492 1991 1536 1998 -
1561 1970 1662 2018 αὐτῷ
1686 1977 1769 2006 ante

432 2012 634 2069 θυγάτριρν
653 2014 684 2048 D
710 2055 719 2068 =
804 2015 845 2048 19
865 2011 1014 2070 ξννατρν
1029 2036 1074 2041 --
1090 2026 1122 2059 p.
1134 2014 1187 2070 ἕξ,
1200 2017 1224 2049 1,
1237 2014 1522 2068 συγκροτήσεως]
1546 2016 1679 2051 στέλλει
1701 2011 1767 2051 οὖν

434 2070 527 2102 προς
546 2069 678 2093 τουτον
699 2070 719 2093 ο
739 2058 907 2104 βασιλευς
923 2070 1014 2103 υπερ
1030 2069 1221 2103 μνηστειας
1241 2072 1315 2094 των
1334 2061 1475 2095 παίδων
1494 2062 1536 2096 D.

344 2158 379 2191 in
393 2169 500 2191 arcem
515 2162 660 2192 armatos
675 2158 778 2194 Italos
792 2159 994 2202 introduxit,
1017 2159 1074 2203 qui
1089 2159 1265 2204 improvisa
1277 2160 1462 2205 irruptione
1477 2161 1671 2195 custodibus
1687 2172 1766 2196 con-

343 2202 520 2242 trucidatis
543 2203 702 2247 oppidum
725 2211 941 2249 occuparunt.
987 2205 1050 2237 hoc
1075 2204 1231 2238 Romanis
1254 2216 1316 2237 non
1363 2216 1453 2238 arum
1468 2206 1597 2240 timoris
1611 2206 1765 2246 incussit:

343 2247 424 2279 urbs
441 2247 526 2279 enim
543 2258 583 2280 ea
601 2248 682 2281 viris
701 2248 817 2292 probis
836 2261 876 2282 ac
896 2248 993 2282 bonis
1008 2253 1043 2282 et
1055 2248 1145 2283 inter
1163 2249 1281 2283 milites
1306 2261 1344 2283 ce
1357 2249 1540 2284 ebrioribus
1565 2252 1766 2286 abundabat.

343 2301 458 2323 verum
482 2290 689 2336 imperatoris
713 2293 804 2326 circa
829 2294 912 2326 haec
927 2294 1103 2338 prudentia
1118 2298 1152 2327 et
1166 2294 1335 2338 plusquam
1352 2294 1502 2329 militaris
1517 2295 1680 2330 calliditas
1695 2296 1767 2330 Ro-

345 2345 513 2368 manorum
530 2335 662 2378 quidem
683 2342 803 2369 metum
826 2338 988 2379 excussit,
1013 2337 1140 2371 Latinis
1158 2349 1239 2371 vero
1255 2339 1409 2372 maiorem
1423 2340 1630 2374 formidinem
1644 2341 1766 2383 iniecit,

347 2383 383 2412 et
405 2389 491 2423 quos
508 2379 573 2424 ipsi
595 2380 734 2424 impetus
759 2392 800 2414 ex
822 2382 948 2425 praeda
963 2383 1053 2416 facta
1067 2393 1236 2427 sumpsere
1249 2382 1399 2418 inhibuit.
1443 2395 1545 2429 quare
1560 2396 1634 2419 cum
1649 2397 1766 2430 parum

342 2427 400 2457 aut
414 2423 512 2467 nihii,
534 2428 572 2457 ut
587 2424 709 2458 dictum
728 2428 797 2464 est,
819 2426 1055 2468 profecissent,
1081 2427 1210 2470 Cpoiim
1225 2431 1445 2463 reverterunt.

430 2468 487 2502 31.
531 2468 717 2513 Imperator
741 2470 879 2503 Ioannes
900 2470 1160 2514 impendentibus
1186 2471 1342 2515 periculis
1362 2478 1397 2506 et
1412 2474 1509 2507 rebus
1531 2473 1564 2508 in
1582 2476 1765 2509 extremum

342 2512 497 2546 adductis
512 2511 685 2547 discrimen
701 2525 894 2548 succurrere
908 2515 1082 2559 perspicax
1100 2521 1135 2548 et
1156 2520 1272 2550 acutus
1283 2542 1294 2558 ‚
1321 2524 1358 2550 ut
1376 2529 1453 2552 suos
1469 2518 1553 2552 tueri
1570 2530 1612 2552 ac
1627 2530 1766 2554 servare

341 2562 473 2601 posset,
496 2557 587 2601 quod
613 2563 648 2591 et
673 2559 777 2602 magis
799 2559 932 2602 dignum
949 2559 1209 2594 consideratione
1226 2567 1318 2605 erat,
1340 2567 1377 2595 et
1391 2563 1503 2596 hostes
1518 2564 1706 2606 infirmare,
1731 2569 1766 2598 et

340 2612 402 2653 per
416 2602 498 2635 haec
513 2602 578 2636 duo
593 2603 730 2647 propria
745 2603 989 2645 constabiliret,
1013 2608 1051 2637 ut
1065 2605 1159 2638 ambo
1175 2605 1352 2649 perficeret
1362 2633 1371 2648 ‚
1395 2608 1524 2642 modum
1539 2609 1677 2643 invenit.
1720 2620 1764 2642 cx

340 2646 552 2690 imperatrice
579 2647 676 2681 lrene
702 2648 803 2687 filium
829 2652 1043 2693 susceperat,
1069 2649 1123 2682 cui
1148 2650 1189 2683 ab
1215 2650 1414 2694 imperatore
1428 2653 1610 2687 Theodoro
1626 2654 1764 2687 laucari

339 2696 458 2734 patruo
474 2702 592 2724 nomen
606 2692 760 2736 dederat,
785 2693 934 2727 undecim
948 2692 1012 2727 iam
1027 2705 1128 2728 annos
1146 2706 1186 2728 eo
1201 2696 1358 2739 temporis
1373 2700 1494 2732 natum.
1539 2699 1672 2732 Asamus
1684 2698 1763 2731 item

339 2734 473 2769 filioiam
494 2735 610 2770 habuit
634 2737 794 2772 Helenem
812 2738 962 2780 nomine,
984 2739 1027 2773 ab
1043 2739 1180 2783 Ungara
1195 2745 1322 2782 ortam,
1345 2753 1539 2777 novennem.
1583 2742 1762 2787 imperator

338 2780 382 2816 ad
406 2782 548 2818 Asanam
572 2782 792 2827 Bulgarorum
815 2783 996 2830 principem
1023 2789 1176 2820 oratores
1199 2785 1319 2830 mittit,
1350 2790 1388 2821 ut
1409 2787 1762 2839 sponsaliorum-inter
