1924 3242
309 154 375 203 88
474 124 479 125 ἶ
701 152 936 199 GEoRGn
967 152 1347 197 ACROPOLITAE

308 267 418 320 κλίνη
450 263 526 320 εἶχε
557 265 623 307 καὶ
654 265 796 318 στιβὰς
822 263 961 319 ὑψηλὴ
993 264 1092 321 πρὸς
1121 262 1343 307 ἀνάπαυσιν
1363 267 1430 308 καὶ
1453 265 1504 308 τὰ
1524 264 1565 315 ἐς
1583 263 1747 321 τρυφὴν,-

309 337 462 387 μᾶλλον
493 332 763 388 ἐφευρημένα,
798 330 858 382 οἷς
881 335 946 374 καὶ
966 336 1119 386 μᾶλλον
1136 335 1346 389 χαίρουσιν
1370 332 1577 390 ἄνθρωποι
1599 333 1638 374 οἳ
1654 349 1739 375 τοι-

311 405 413 443 αὕτα
445 397 746 454 μεμελετηκότες
773 399 1088 455 διαπράττεσθαι
1119 399 1348 456 πράγματα.
1415 399 1468 452 ὡς
1490 401 1532 442 δὲ
1553 401 1623 442 καί
1639 416 1742 449 τινες

311 468 478 524 ἔφασαν,
511 466 634 509 ἀσκὸν
653 466 904 524 διαφορήσας
923 466 944 509 ὃ
959 468 1194 524 Σπαρτηνὸς
1215 469 1281 510 καὶ
1299 466 1513 524 πληρώσας
1530 472 1602 510 τοῦ
1620 465 1740 509 uveni-⁵

309 551 457 588 ματος,
493 532 576 578 εἶτα
608 535 674 578 καὶ
707 533 925 589 δεσμεύσας
946 534 1000 585 ὥς
1015 536 1124 585 ἐντὸς
1144 534 1250 577 ἅπαν
1273 536 1562 591 ἓναπειλῆφθαι
1586 538 1740 588 πνεῦμα
1751 540 1782 576 5,

308 600 365 656 μή
399 618 504 652 τινος
535 601 656 657 οὔσης
685 601 813 660 τούτῳ
842 607 913 658 τῆς
943 605 1103 659 ἐκροῆς,
1139 601 1398 658 ἀπαιωρήσας
1421 602 1555 645 ἔτυπτε
1577 600 1743 658 ῥάβδοις

309 667 413 723 τάχα
442 669 511 711 τὸν
541 671 765 723 Καμπανὸν
788 670 935 722 ἐτάζων
962 668 1222 724 ἀποκαλύψαι
1247 670 1298 712 τὰ
1323 668 1487 726 κρύφια.
1556 668 1676 718 ἀσκὸς
1700 668 1755 710 δὲ·
1803 688 1806 691 ’

308 731 371 790 ἦν,
401 737 446 779 οὗ
467 736 702 791 Καμπανός,
729 737 750 780 ὁ
770 737 1022 791 τυπτόμενος.
1069 740 1149 780 ἐπεὶ
1171 739 1213 779 δὲ
1234 735 1258 792 ἦ
1279 738 1458 794 ἀρκοῦσα
1481 735 1568 792 ὥρα
1587 734 1754 792 παρῄει»

193 809 221 841 Ρ
245 809 287 844 45
310 806 377 846 καὶ
408 803 518 853 ἄξιον
547 806 719 859 ε’τασμὸν
751 806 988 860 ὁεὸυνημένη
1019 804 1267 860 ποιήσασθαι
1298 807 1363 846 καὶ
1396 805 1587 847 ἔκπυστον
1613 807 1746 846 θεῖναι

310 873 376 914 καὶ
406 871 451 913 τὸ
482 872 523 913 ἓν
551 880 693 926 μυχοῖς
711 872 961 926 βαθυτάτοις
980 875 1197 928 ἐγκείμενον
1216 872 1410 929 ἄρρητον,
1438 870 1492 922 ὥς
1515 870 1590 925 εἶχε
1613 873 1746 913 ποδῶν
1757 879 1806 912 1ss

310 937 331 980 ὅ
345 939 580 996 Σπαρτηνὸς
602 941 762 996 ἀφίκετο
784 941 883 998 πρὸς
902 942 970 984 τὸν
990 940 1237 997 Δημήτριον,
1264 942 1334 982 καί
1353 942 1393 981 οἵ
1412 956 1510 997 φησι
1530 937 1747 988 “δέσποτα,

311 1005 416 1063 ὅρκῳ
448 1023 490 1050 σε
523 1007 708 1050 πῖστώσω
738 1008 782 1051 τὸ
813 1013 991 1065 πρᾶγμα.
1059 1009 1118 1062 μὰ
1145 1008 1213 1050 τὸν
1241 1007 1312 1050 σὸν
1340 1009 1405 1049 καὶ
1430 1006 1543 1062 ἡμῶν
1564 1004 1762 1058 ἁπάντων,

311 1072 569 1131 Δημήτριον,
613 1075 682 1118 τὸν
721 1075 919 1130 κηδεμόνα
959 1081 1030 1130 τῆς
1069 1077 1362 1129 Θεσσαλονίκης
1398 1077 1464 1116 καὶ
1485 1072 1745 1126 ,πολιοῦχον”

313 1135 459 1196 (οὗτος
483 1142 525 1183 δὲ
547 1141 568 1183 ὁ
591 1141 707 1198 ὅρκος
726 1144 837 1200 παρὰ
864 1144 1195 1187 Θεσσαλονικεῦσι
1220 1144 1338 1184 πλέον
1357 1146 1436 1183 τῶν
1459 1141 1590 1183 ἄλλων
1619 1139 1749 1197 ὅρκων

313 1207 468 1263 ἰσχύει)
479 1241 492 1261 ,
521 1207 729 1259 “τοιοῦτός
756 1212 861 1253 ἐστιν
891 1209 911 1252 ὃ
932 1210 1156 1264 Καμπανὸς
1183 1208 1318 1258 ὁποῖός
1337 1210 1440 1250 ἔστιν
1462 1207 1482 1250 ὃ
1501 1205 1748 1264 Σπαρτηνός,
1762 1213 1807 1248 15

313 1277 380 1318 καὶ
411 1275 538 1325 οὕτως
570 1275 762 1321 διάκειται
790 1280 879 1333 περὶ
909 1279 952 1319 σὲ
981 1276 1166 1332 καθάπερ
1201 1276 1250 1330 δὴ
1283 1278 1350 1317 καὶ
1373 1274 1393 1317 ὃ
1416 1273 1673 1332 Σπαρτηνός,
1707 1273 1759 1316 ὃν.

315 1341 543 1398 ἀνθρώπων
573 1342 757 1389 ἁπάντων
791 1345 908 1387 πλέον
937 1361 980 1387 σε
1013 1348 1206 1401 φιλοῦντα
1239 1343 1501 1398 ἓπέγνωκας.”
1570 1341 1695 1391 οὕτως
1730 1339 1752 1383 ὅ

264 1415 293 1448 Β
316 1410 551 1465 Σπαρτηνὸς
584 1411 656 1464 τὴν
693 1413 917 1459 μέλλουσαν
953 1416 1197 1468 φωραθῆναι
1223 1410 1477 1470 ῥᾳδιουργίαν
1498 1411 1755 1463 οἰκονομικῶς

317 1478 576 1519 διεσκέδασεν.
646 1477 666 1520 ὃ
694 1481 766 1533 μὲν
800 1474 869 1521 οὖν
898 1480 1088 1533 βασιλεὺς
1103 1477 1287 1533 Ἰωάννης
1311 1478 1470 1533 ἀπάρας
1491 1478 1541 1520 τὰ
1562 1475 1754 1533 στρατεύ-

315 1562 427 1597 ματα
457 1546 518 1590 ἒπὶ
548 1545 619 1599 τὴν
654 1547 948 1602 Θεσσαλονίκην
982 1549 1023 1597 ἐξ
1056 1547 1186 1603 ὀρθοῦ
1210 1553 1351 1602 χωρεῖ’,
1386 1548 1451 1587 καὶ
1482 1547 1571 1601 περὶ
1604 1542 1810 1598 nahmen

319 1612 718 1668 ἐστρατοπεδεύσατο.
785 1619 1045 1673 πολιορκῆσαι
1071 1615 1144 1668 μὲν
1173 1613 1249 1669 γὰρ
1273 1614 1345 1654 οὐκ
1365 1608 1414 1667 ἦν
1440 1613 1548 1669 αὐτῷ
1582 1611 1656 1666 (οὗ
1677 1611 1755 1667 γὰρ

320 1678 521 1735 ἀρκούσας
542 1679 616 1733 εἶχε
635 1683 708 1732 τὰς
726 1683 788 1725 ἐπὶ
805 1681 932 1739 τούτῳ
954 1681 1165 1734 δυνάμεις)
1176 1712 1188 1731 ,
1223 1682 1434 1735 πρεσβείας
1456 1681 1498 1721 δὲ
1516 1681 1657 1729 ἐποίει,
1691 1680 1759 1720 καὶ

320 1746 442 1801 ἐζήτει
466 1749 639 1797 ἐξελθεῖν
660 1749 759 1805 πρὸς
781 1750 902 1794 αὐτὸν
923 1749 991 1792 τὸν
1012 1748 1266 1805 Δημήτριον,
1298 1748 1438 1797 καθ-ὠς
1458 1742 1506 1802 ἧν
1529 1746 1759 1800 ὠμοσμένον

411 1866 456 1899 20
478 1862 515 1906 ἐξ
547 1862 668 1910 ὅθρου
693 1866 815 1910 vulgo,
848 1863 885 1907 ἐξ
910 1861 1052 1909 ὄρθρου
1081 1864 1260 1912 interpres.
1305 1865 1396 1911 quod
1418 1863 1576 1911 reposui,
1598 1858 1686 1898 infra
1708 1865 1760 1898 est

415 1922 447 1955 p·
467 1912 510 1947 95
527 1911 548 1944 b
682 1912 725 1947 21
751 1909 796 1945 ου’
814 1930 859 1936 ——
875 1909 1046 1956 δυνάμεις
1063 1922 1115 1945 om
1129 1911 1173 1948 D.

325 2022 396 2047 mas
419 2011 631 2055 quiescebat3
667 2015 702 2045 et
725 2023 941 2057 quaecunque
967 2012 1010 2045 ad
1034 2011 1220 2055 augendum
1243 2012 1355 2046 luxum
1382 2014 1417 2045 et
1441 2021 1516 2046 sese
1529 2008 1761 2044 oblectandum

326 2056 391 2088 viri
407 2057 498 2090 hisce
514 2058 615 2090 rebus
632 2057 755 2101 perditi
769 2057 894 2101 ingenii
909 2058 1057 2091 acumine
1073 2068 1264 2101 comparare
1279 2058 1447 2096 nituntur,
1469 2056 1563 2098 large
1586 2055 1762 2099 effuseque

324 2101 371 2133 illi
392 2102 738 2136 subministrabantur.
784 2114 892 2136 sermo
918 2108 952 2136 et
972 2103 1028 2136 ille
1051 2103 1279 2136 nonnullorum
1294 2102 1358 2135 fuit
1374 2102 1572 2145 Spartenum
1588 2105 1694 2133 utrem
1709 2100 1763 2133 in-

326 2145 426 2179 flasse
441 2147 696 2191 implevisseque
711 2148 806 2189 flatu,
830 2148 905 2182 dein
924 2148 1083 2191 illigasse,
1106 2159 1148 2181 ne
1163 2148 1265 2181 flatus
1279 2147 1313 2180 in
1327 2158 1367 2180 eo
1382 2146 1579 2181 interclusus
1594 2145 1704 2189 aliqua
1720 2155 1763 2178 ex

327 2196 424 2234 parte
440 2192 606 2226 efflueret.
653 2205 727 2226 eum
743 2204 924 2238 appensum
940 2193 1094 2236 flagellis,
1118 2204 1158 2226 ac
1172 2193 1201 2226 si
1217 2192 1416 2236 Campanum
1432 2195 1599 2234 quateret,
1622 2196 1661 2223 ut
1676 2200 1764 2233 quae

312 2235 430 2268 *sciret
454 2237 635 2278 indicaret,
669 2238 846 2271 caedebat.
889 2249 1007 2272 verum
1034 2249 1098 2271 non
1118 2239 1286 2282 Campano
1302 2237 1361 2270 sed
1377 2235 1443 2269 utri
1457 2235 1544 2269 ictus
1559 2235 1607 2268 illi
1620 2234 1765 2268 incutie-

330 2280 460 2313 bantur.
508 2282 641 2315 tandem
666 2293 740 2315 cum
764 2284 867 2321 hora,
890 2294 977 2327 quae
1001 2294 1062 2327 pro
1091 2283 1239 2315 habenda
1261 2281 1478 2326 quaestione.
1501 2285 1535 2314 et
1550 2281 1593 2314 ad
1609 2291 1649 2313 ea
1665 2291 1765 2313 reve-

329 2324 428 2358 landa
449 2336 534 2369 quae
559 2326 658 2359 etiam
682 2327 717 2359 in
743 2328 973 2362 occultissimis
1000 2328 1113 2361 abdita
1138 2328 1304 2368 latebant,
1329 2327 1403 2371 plus
1420 2326 1504 2360 satis
1523 2337 1596 2361 esse
1620 2329 1764 2370 poterat,

331 2369 538 2414 effluxisset,
571 2372 756 2414 Spartanus
778 2373 925 2406 velocius
946 2373 988 2406 ad
1013 2373 1218 2406 Demetrium
1240 2372 1412 2416 pervolat,
1446 2375 1481 2404 et
1502 2371 1576 2404 infit
1597 2367 1689 2404 “rem
1707 2369 1767 2404 tibi

331 2420 539 2448 sacramento
564 2417 744 2449 corroboro
769 2429 831 2461 per
854 2422 946 2452 tuum
962 2422 997 2450 et
1013 2423 1162 2451 nostrum
1179 2417 1318 2450 omnium
1334 2416 1534 2450 Demetrium
1550 2414 1767 2449 Thessaloni-

333 2471 389 2493 ces
405 2465 590 2494 curatorem
606 2473 645 2494 ac
661 2461 901 2495 moderatorem
910 2459 942 2505 ,³⁵
965 2473 1035 2506 quc.
1054 2474 1133 2495 sane
1157 2465 1362 2495 sacramento
1381 2462 1468 2506 apud
1485 2461 1769 2495 Thessalonicen-

333 2515 388 2538 ses
402 2505 448 2538 nil
462 2506 655 2548 solemnius,
679 2506 723 2539 nil
738 2507 884 2540 sanctius
901 2507 1081 2549 excogitari
1095 2507 1223 2551 potuit,
1243 2503 1333 2540 “non
1348 2507 1430 2540 alius
1447 2519 1466 2540 a
1482 2507 1649 2550 Spartano
1667 2506 1767 2539 Cam·

334 2560 440 2594 panus
464 2555 517 2584 est
528 2576 538 2592 ‚
562 2551 618 2595 qui
645 2562 750 2595 aeque
774 2563 814 2584 ac
836 2552 1022 2596 Spartenus
1033 2577 1042 2593 ,
1067 2563 1132 2595 quo
1148 2551 1271 2585 nullum
1288 2552 1373 2586 inter
1388 2552 1545 2585 mortales
1559 2551 1703 2596 reliquos
1717 2549 1768 2584 tui

335 2595 565 2630 studiosiorem
582 2597 768 2640 cognoscis,
786 2597 821 2630 in
836 2603 872 2631 te
886 2597 994 2631 animo
1012 2597 1154 2630 affectus
1170 2593 1253 2633 ost?
1299 2597 1347 2630 sic
1362 2598 1547 2641 Spartenus
1562 2597 1670 2631 scelus
1685 2595 1777 2634 alias,

336 2641 558 2684 detegendum
584 2642 723 2686 provide
749 2642 904 2676 exhausit
931 2647 966 2675 et
992 2641 1179 2686 quaestioni
1206 2641 1304 2675 finem
1329 2643 1420 2677 feeit.
1465 2642 1566 2686 igitur
1588 2641 1770 2686 imperator

336 2685 478 2719 Ioannes
494 2697 559 2720 una
575 2698 646 2720 cum
662 2687 765 2722 milite
781 2687 888 2733 primo
905 2687 1048 2721 diluculo
1062 2687 1333 2721 Thessalonicam
1349 2687 1508 2733 appellit,
1530 2687 1643 2731 ibique
1659 2689 1772 2720 castra

338 2730 449 2776 ponit:
473 2743 549 2765 nam
571 2732 744 2766 obsidione
771 2744 844 2767 eam
867 2733 1021 2776 cingere,
1045 2743 1118 2765 cum
1146 2732 1186 2765 ad
1213 2733 1428 2766 obsidendum
1443 2733 1630 2767 necessaria
1644 2729 1772 2765 minime

355 2781 572 2821 oppeterent,
595 2789 660 2812 non
675 2782 821 2823 poterat.
867 2777 1138 2813 caduceatoribus
1152 2789 1252 2823 porro
1266 2778 1486 2823 Demetrium,
1508 2783 1546 2824 ut
1558 2778 1633 2823 ipse
1644 2776 1775 2820 iuratus
