1864 3242
306 182 406 231 274
421 191 423 195 ’
834 183 895 227 ΙΝ
930 183 1230 229 GEORGIUM

311 296 414 333 tione
440 294 707 345 Palaeologus
730 293 779 331 de
803 293 1028 344 recipienda
1050 291 1146 330 urbe
1159 307 1234 344 per
1253 292 1417 331 idoneos*
1430 300 1486 332 est
1505 292 1744 332 admonitus.

313 351 436 389 classe
459 353 583 402 igilzu·
611 351 879 400 imperatoria,
919 363 1022 401 quae
1054 363 1186 387 omnes
1215 356 1487 400 asportaverat
1511 349 1761 388 Latinorum,

314 421 451 445 nervos·
474 409 518 443 in
546 407 711 443 Pontico
737 406 820 442 iam
843 412 1004 457 agente,
1029 405 1242 443 adveniens
1272 406 1440 442 exercitu
1466 403 1751 456 Palaeologus,

314 463 487 518 refracta
511 475 538 498 a
562 462 774 498 coniuratis
795 469 931 511 porta,
959 468 1071 499 nocte
1095 460 1285 498 concubia
1301 468 1359 498 est
1375 461 1583 499 admissus.
1642 459 1751 498 Bal-

314 516 461 556 duinus
484 530 572 555 vero
596 519 808 568 imperator
828 524 867 554 et
884 513 1079 555 Pantaleo
1097 518 1344 555 lastinianus
1354 516 1606 567 patriarcha,
1633 517 1751 554 nam:-

311 575 381 626 gio
405 574 606 623 derepente
624 586 715 610 cum
729 574 812 610 suis
837 572 1018 611 omnibus
1038 580 1074 610 et
1089 580 1207 623 rapta
1225 572 1462 622 supellectile
1478 572 1537 610 ad
1552 572 1752 622 Euripum

315 642 395 667 sese
418 630 563 680 1²⁷0s1⁴0
549 629 588 664 ‹ri
612 636 847 679 receperunt.
909 628 1090 667 audiatur
1114 630 1234 666 etiam
1267 628 1395 666 denuo
1422 628 1639 667 Sabellicus
1666 628 1759 665 En-

315 684 432 723 nead.
452 687 476 725 9
498 686 566 722 lib.
587 687 632 725 6.
664 685 736 722 sed
763 685 860 722 dum
887 685 972 731 ille,
1001 683 1238 734 Balduinus,
1268 692 1478 722 extremm
1504 685 1587 722 vim
1599 683 1753 734 jormi-

317 742 406 788 (ἰαί,
433 741 642 778 domestica
660 742 912 791 opprimitur,
941 740 1035 778 urbs
1055 754 1185 778 vacua
1201 754 1228 777 a
1239 742 1388 791 paucis
1402 739 1642 790 Palaeologo
1653 751 1754 789 pro-

315 798 401 835 dita
431 803 498 834 est.
560 803 599 834 et
623 804 718 834 sunt
741 798 812 848 qui
835 797 975 834 dicunt
999 811 1087 834 eum
1114 796 1307 847 abjicis-se,
1335 809 1458 847 quum
1482 794 1586 833 hosti
1605 794 1755 832 tmdc‘ta

317 860 388 890 est.-
419 853 490 889 sed
507 853 587 889 sive
608 852 744 904 afficit,
772 866 863 889 cum
883 852 1005 890 hostis
1022 854 1065 889 in
1083 853 1218 890 urbem
1235 859 1410 902 receptus
1426 858 1499 898 est,
1525 851 1607 888 sive
1621 851 1667 888 in
1683 863 1755 888 ca-

315 910 408 946 stris
421 908 529 959 suit,
559 910 656 945 satis
684 915 851 955 constat,
879 909 1122 959 Byzantium
1145 909 1366 959 proditione
1394 908 1596 949 amissum.
1655 906 1755 944 Ale-

315 965 408 1002 xius
443 965 739 1015 Strategopulus
779 970 818 1001 et
851 977 932 1002 nou
968 963 1140 1002 Michael
1163 966 1420 1015 Palaeologus
1450 963 1608 1015 Cpolim
1634 962 1752 1014 capit.

316 1019 514 1072 quomodo
532 1022 639 1057 enim
658 1021 726 1072 qui
743 1021 908 1058 Nicaeae
929 1027 967 1057 et
987 1019 1220 1058 Peritheorii
1238 1019 1570 1067 commorabatur,
1598 1019 1754 1070 Gpolim

316 1089 455 1127 capere
471 1074 628 1127 potuit?
657 1082 697 1113 et
715 1088 808 1113 sane
828 1077 861 1113 si
879 1089 950 1127 per
967 1077 1135 1114 Graecos
1155 1075 1204 1113 de
1221 1073 1488 1127 recuperanda
1503 1074 1616 1125 cpoli
1631 1071 1753 1110 fidem

316 1139 463 1169 certam
495 1130 716 1180 habuisset,
750 1132 963 1182 gloriosam
989 1131 1087 1169 adeo
1117 1133 1361 1183 provinciam
1378 1143 1460 1169 non
1477 1127 1754 1167 demandasset

315 1188 482 1234 Alexio,
513 1186 618 1224 sed‘
607 1200 692 1237 ipse
716 1200 788 1237 per
818 1201 859 1225 se
888 1186 941 1224 ad
967 1188 1140 1224 similem
1164 1185 1411 1237 triumphum
1438 1186 1683 1232 accessisset,
1708 1190 1754 1222 ut

314 1244 463 1280 fecerat
484 1255 585 1278 anno
605 1243 817 1292 superiori,
849 1254 928 1293 quo
946 1243 1076 1279 verbis
1093 1243 1222 1280 Aselis
1240 1242 1363 1279 fretus
1380 1242 1599 1278 exercitum
1612 1240 1657 1278 in
1673 1240 1755 1277 Ga-

315 1300 439 1336 latam
459 1297 625 1335 duxerat
641 1297 692 1334 ad
711 1296 1019 1348 expugnandum
1035 1296 1138 1335 illud
1154 1296 1367 1349 oppidum,
1396 1303 1441 1334 ut
1457 1295 1682 1349 videbatur,
1711 1307 1755 1332 re

315 1362 450 1392 tamen
464 1366 576 1401 vera,
605 1359 649 1390 ut
667 1355 902 1403 Byzantium
920 1360 1147 1404 occuparet,
1177 1353 1363 1405 deceptus
1380 1351 1638 1390 nihilominus
1659 1363 1756 1402 pro-

316 1411 447 1447 missis
487 1410 638 1457 Aselis‚
682 1422 723 1446 re
755 1409 922 1456 infecta,
958 1411 1144 1446 Nicaeam
1178 1411 1396 1448 revertitur.
1452 1406 1555 1446 adde
1585 1406 1756 1445 eundem

316 1465 552 1503 Michaelem
584 1477 665 1501 non
693 1465 845 1502 misisse
869 1466 1058 1502 Alexium
1077 1464 1128 1502 ad
1149 1463 1418 1516 occupandam
1437 1464 1593 1516 cpolim
1614 1461 1685 1502 sed
1703 1461 1757 1500 ad

318 1520 598 1559 debellandum
616 1519 853 1558 Michaelem
871 1519 1127 1569 defectorem‚
1158 1528 1197 1558 et
1217 1535 1307 1559 cum
1323 1531 1444 1572 prope
1463 1520 1617 1572 Cpolim
1637 1532 1756 1557 exer-

319 1579 418 1615 citus
443 1583 545 1614 esset
567 1575 767 1614 ducendus
780 1605 790 1624 ,
822 1575 976 1614 dedisse
1005 1578 1047 1614 in
1071 1578 1288 1615 commissis
1309 1577 1450 1614 Alexio
1471 1589 1552 1614 non
1569 1582 1614 1613 ut
1636 1587 1755 1626 cape-

318 1641 397 1681 ret,
428 1631 499 1670 sed
517 1639 562 1669 ut
581 1631 852 1670 tantummodo
869 1639 1107 1684 pertentaret
1122 1640 1160 1670 et
1182 1634 1333 1671 Latinis
1350 1634 1535 1670 timorem
1549 1632 1756 1669 incuteret.

317 1688 580 1740 Pachymeres
606 1688 675 1724 lib·
698 1691 725 1729 2
754 1701 796 1739 p.
820 1690 897 1730 138
926 1690 966 1728 6.
1025 1688 1221 1740 quomodo
1248 1695 1384 1740 postea
1415 1688 1582 1726 Alexius
1617 1686 1755 1724 urbem

320 1746 487 1796 ceperit,
534 1744 621 1780 fuse
662 1750 822 1781 narrant
859 1756 997 1781 eorum
1033 1751 1256 1795 temporum
1292 1741 1500 1796 σύγχρονοι
1533 1743 1755 1794 scriptores,

319 1800 546 1850 Acropolita
576 1797 857 1849 Pachymerius
883 1806 922 1837 et
944 1800 1045 1837 forte
1071 1801 1284 1851 Gregoras,
1313 1812 1481 1851 quorum
1508 1796 1612 1836 dicta
1638 1810 1757 1849 prae-

320 1854 503 1907 ponenda
520 1861 610 1892 sunt
627 1854 813 1892 Sabellici
830 1861 870 1892 et
885 1854 1030 1892 Blondi
1044 1858 1221 1894 somniis.
1276 1854 1516 1892 Balduinum
1533 1866 1624 1892 cum
1639 1854 1756 1892 rebus

318 1911 548 1949 necessariis
580 1916 618 1947 et
649 1911 939 1961 pretiosissimis
962 1911 1058 1961 fuga
1084 1911 1136 1949 ad
1158 1912 1351 1962 Euripum
1377 1911 1595 1962 appulisse,
1625 1907 1757 1948 credat

320 1969 544 2020 quicunque
562 1965 740 2003 eiusdem
757 1973 874 2019 atque
893 1967 1111 2005 Sabellicus
1131 1975 1170 2005 et
1185 1966 1362 2019 Blondus
1375 1967 1503 2005 felicis
1518 1965 1666 2004 cerebri
1683 1971 1754 2004 est.

321 2025 392 2075 qui
419 2024 526 2059 enim
546 2023 766 2060 necessaria
794 2029 833 2060 et
861 2024 1142 2073 pretiosissima
1173 2022 1325 2061 deferre
1349 2035 1484 2060 secum
1507 2023 1657 2073 potuit,
1685 2021 1755 2072 qui

318 2133 497 2173 hostibus
517 2133 705 2185 praedam
727 2133 912 2185 reliquit?
967 2137 1070 2172 Ant..

428 2203 468 2240 p.
491 2191 571 2230 191
595 2203 634 2227 v.
658 2193 720 2232 19.
776 2186 880 2241 ὀπήν
897 2189 1010 2242 τινα]
1041 2192 1232 2241 Gregoras
1252 2203 1293 2242 Ρ.
1311 2189 1364 2232 85
1397 2191 1460 2231 13.
1515 2190 1616 2226 An..

429 2244 484 2281 ib·
507 2258 546 2281 V·
566 2247 634 2286 21.
691 2245 850 2296 εἰσῆλθε
867 2243 933 2286 διοῖ
949 2220 1143 2298 vaurms>
1149 2247 1338 2297 Gregoras
1359 2259 1399 2296 Ρ.
1418 2243 1471 2286 85
1502 2245 1566 2284 19·
1620 2244 1723 2281 Ant..

434 2299 488 2336 ib.
509 2313 547 2337 v.
568 2302 636 2340 23.
693 2297 901 2353 καμπους]
932 2303 979 2339 G.
1005 2302 1208 2340 Codinus
1197 2315 1239 2338 111
1259 2301 1393 2338 libello
1412 2298 1461 2336 de
1483 2299 1597 2336 rebus
1609 2299 1755 2350 ‘patriis

323 2355 511 2407 Cpoleos,
542 2367 660 2406 quem
683 2356 804 2393 frater
828 2370 940 2394 meus
971 2358 1162 2408 Georgius
1187 2359 1233 2394 P.
1257 2358 1311 2394 M.
1337 2354 1385 2393 de
1407 2355 1587 2392 Graeco
1575 2367 1618 2391 ιιι
1641 2356 1754 2392 Lati-

323 2424 422 2448 num
451 2411 670 2458 transtulit,
701 2412 810 2449 cuius
835 2413 968 2449 statim
992 2414 1035 2449 in
1060 2413 1252 2463 principio
1278 2417 1461 2449 notarum
1486 2411 1753 2460 meminimus,

323 2466 396 2504 hic
413 2468 455 2503 in
479 2467 556 2503 fine
583 2467 697 2504 nobis
718 2465 769 2503 ad
787 2468 1091 2537 explicationem
1111 2466 1227 2505 huius
1244 2468 1320 2504 loci
1337 2479 1430 2517 prae
1449 2467 1610 2504 caeteris
1629 2465 1754 2504 advo-

324 2521 471 2560 candus
501 2528 580 2560 est:
621 2518 790 2572 ποιήσας
818 2521 995 2591 (inquit)
1025 2539 1100 2563 ουν
1129 2539 1151 2563 ο
1181 2519 1296 2570 mittis·
1324 2519 1507 2574 βασιλευς
1535 2520 1753 2574 (Theodo-

324 2579 406 2616 sius
433 2576 589 2629 Iunior)
620 2578 769 2618 ἱκεσίαν
799 2577 866 2618 και
894 2575 1005 2629 λιτὴν
1031 2578 1088 2625 εἰς
1111 2593 1180 2618 τον
1205 2574 1364 2628 κάμπτον
1385 2580 1458 2618 τοῦ
1477 2577 1753 2630 τριβουναλίου

322 2648 419 2685 μετα
441 2637 513 2674 τοῦ
529 2631 772 2686 πατριάρχου
794 2630 990 2687 Πρόκλου.
1046 2632 1109 2671 his
1126 2632 1228 2671 adde
1245 2635 1488 2671 Diaconum.
1517 2639 1565 2670 ut
1581 2634 1756 2670 timentes

321 2690 409 2739 By
392 2691 514 2727 antii
531 2696 638 2726 extra
655 2691 870 2736 cimtatem,
898 2691 942 2727 in
955 2689 1038 2727 loco
1055 2691 1126 2741 qui
1147 2690 1319 2739 Campus
1337 2690 1499 2734 dieitur,
1527 2695 1754 2738 essentper-

320 2760 429 2783 sever
428 2754 556 2792 antes,
585 2752 624 2783 et
642 2752 812 2794 caetera,
841 2758 943 2798 quae
961 2747 1004 2782 in
1021 2747 1124 2783 notis
1143 2745 1195 2783 ad
1216 2745 1409 2783 Codinum
1429 2745 1599 2782 eximiae
1620 2742 1754 2781 erudi-

319 2804 438 2842 tionis
458 2809 496 2841 et
517 2801 745 2853 diligentiae
761 2803 822 2844 vir
837 2800 1031 2842 Iohannes
1047 2803 1240 2842 Mem-sius
1259 2801 1474 2843 annotavit.
1530 2801 1692 2839 DousA.
