1898 3242
524 187 904 242 COMPENDIUM
943 187 1293 245 CHRONIGUM.
1387 212 1390 215 ‡
1545 185 1645 231 265

167 305 282 348 6280
302 300 452 358 ὄχλους
468 299 716 346 ἐκινδύνευεν
726 332 739 353 ,
771 300 920 359 ἄφιλος
927 335 940 355 ,
977 297 1077 354 αὖος
1095 304 1271 358 μένειν),

305 370 437 429 ἄνδρα
457 370 547 413 τινὰ
565 371 759 428 χαρίεντα
782 369 964 426 τοῦνομα
990 374 1300 417 Κωνσταντῖνον

303 437 530 495 Λεσβόθεν
549 439 851 494 μεταπέμπεται
869 439 1044 498 σκάφεσι
1063 443 1366 500 λαιφοπτέροις,

306 507 353 552 ὃν
372 506 630 563 Μονομάχον
652 508 788 565 ἔλεγον
805 511 848 552 ἔκ
867 512 1219 567 πατρεπωνυμιάς.

307 580 374 621 καὶ
391 579 470 635 γὰρ
492 579 810 621 καταδεδίκαστο
830 577 982 634 ταύτην
1003 581 1122 621 οἰκεῖν
1142 580 1216 634 τὴν
1238 585 1362 635 νῆσον

170 646 280 690 6236
299 645 380 690 ὕπὸ
402 650 477 690 τυῦ
497 645 660 704 πρώτου
682 647 860 702 Μιχαὴλ
884 652 959 690 τοῦ
973 647 1327 702 βεβασιλευκότος,

307 716 406 759 κατ’
433 715 582 767 ἄλλους
599 717 672 770 μὲν
694 714 750 767 ὥς
768 717 842 772 τὴν
862 717 992 774 ἀρχὴν
1015 715 1261 774 πειρώμενος
1282 717 1474 776 ἁρπάζειν

307 784 475 841 (ἄνδιχα
493 785 571 842 γὰρ
592 783 820 843 ἐκράτησαν
845 786 992 843 αἱπερὶ
1014 785 1160 829 τούτου
1186 789 1357 844 φῆμαι),

307 852 365 905 ὣς
385 853 501 897 ἄλλοι
523 854 569 896 δέ
590 855 692 905 τινές
715 872 868 912 φασιν,
900 854 962 907 οἷς
984 856 1171 911 ἀψευδὴς
1187 854 1213 911 ἦ
1232 860 1414 912 γλῶσσα,

304 921 362 974 ὥς
380 925 643 982 συμφθαρεὶς
664 925 865 982 ἐρωτικῶς
883 928 984 982 Ζωῇ
1001 929 1051 981 τῇ
1071 927 1318 983 βασιλίσσῃ

173 988 287 1034 6240
310 992 386 1048 τὴν
404 993 578 1048 Λέσβον
599 987 672 1036 οὖν
690 997 955 1051 κατακριθεὶς
978 996 1099 1037 οἰκεῖν
1124 993 1145 1036 ὃ
1166 996 1489 1048 Κωνσταντῖνος,

310 1063 379 1104 καὶ
398 1060 658 1113 κινδυνεύσας
674 1063 777 1120 παρ’
799 1063 918 1106 οὐδὲν
938 1067 1170 1119 σβεσθῆναι
1194 1066 1261 1106 καὶ
1282 1065 1358 1114 τὰς
1375 1063 1516 1122 κόρας,

311 1130 460 1189 αἴφνης
478 1130 671 1182 πεσόντος
689 1131 861 1186 ἒζιιπαλιν
880 1138 952 1175 τοῦ
975 1132 1103 1187 κύβου
1122 1138 1196 1175 τοῦ
1212 1138 1284 1188 τῆς
1308 1132 1433 1189 τύχης

310 1201 380 1242 καὶ
399 1205 480 1243 τῶν
499 1199 710 1258 ὀστράκων
729 1207 809 1246 τῶν
826 1202 954 1256 αὐτῆς
975 1202 1110 1253 ἄλλως
1130 1204 1460 1260 μεταρριφὲντων

314 1268 494 1321 αὖτάναξ
516 1270 822 1323 ἀναδείκνυται,
859 1270 1057 1326 δεσπότης
1076 1270 1096 1314 ὃ
1124 1274 1220 1328 πρὶν
1239 1274 1398 1324 δοῦλος,

173 1334 285 1378 6245
311 1338 515 1396 αὕταρχος
538 1336 559 1379 ὁ
583 1338 823 1396 κατάκριτος
844 1342 911 1382 καὶ
932 1338 1095 1398 κράτωρ
1120 1339 1141 1383 ὃ
1163 1340 1386 1396 δεσμώτης,

311 1409 380 1450 καὶ
398 1408 471 1462 τὴν
489 1409 736 1462 βασίλισσαν
752 1409 876 1464 Ζωὴν
896 1408 1143 1466 νυμφεύεται
1167 1410 1269 1466 πρὸς
1290 1409 1435 1464 γάμον.

313 1476 444 1526 οὕτως
461 1474 731 1531 ἄστάθμητός
751 1478 835 1520 ἐστι
858 1482 940 1520 τῶν
960 1483 1136 1534 γηγενῶν
1157 1476 1177 1520 ὃ
1199 1480 1290 1532 βίος
1303 1493 1313 1502 ·

313 1543 420 1588 οὕτω
446 1544 698 1602 πραγμάτων
719 1543 740 1588 ὅ
763 1547 910 1603 τροχὸς
934 1546 1018 1589 ἄνω
1036 1549 1103 1589 καὶ
1125 1547 1237 1591 κάτω
1256 1548 1408 1605 τρέχων

310 1615 485 1657 κυλίνδει
507 1612 642 1657 πάντα
662 1615 713 1656 τὰ
737 1615 875 1670 θνητὰ
897 1618 966 1658 καὶ
989 1614 1150 1673 φύρδην
1164 1618 1416 1672 μετατρέπει.

174 1683 288 1726 6250
307 1683 351 1742 αἱ
375 1687 512 1741 φῆμαι
537 1684 581 1726 δὲ
601 1682 862 1740 μορφάζουσι
878 1690 1022 1727 τοῦτον
1048 1685 1118 1727 τὸν
1140 1684 1401 1739 ΖΙῚΟνομάχον

313 1756 396 1795 τῶν
410 1753 486 1807 μὲν
503 1753 695 1807 μαχίμων
712 1753 820 1808 ἀδαῆ
845 1756 912 1795 καὶ
931 1758 1005 1808 τῆς
1028 1752 1293 1811 ὃπλοφοριάς,

314 1821 366 1865 τὰ
423 1821 436 1837 ²
461 1821 567 1864 ἄλλα
584 1826 895 1880 μεγαλοπρεπῆ,
927 1821 1180 1881 φιλόδωρον,
1208 1824 1381 1875 ἀστεῖον,

1684 1070 1714 1104 P
1739 1071 1807 1107 127

268 1962 362 1998 6240
385 1956 499 2006 οὗτος
518 1964 585 2000 AR
722 1965 814 2002 6243
836 1964 1171 2013 μεταρριφθέντων
1199 1966 1238 2001 Μ
1379 1964 1472 2000 6244
1504 1963 1661 2001 ἄποδεί-
1687 2008 1690 2011 Δ

269 2021 403 2046 'tvm-m
423 2010 460 2046 R
597 2011 690 2048 6248
713 2011 833 2058 τρέχει
855 2014 895 2049 Μ
1032 2014 1124 2049 6249
1152 2009 1257 2048 δεινοὶ
1281 2013 1319 2047 Μ

180 2138 282 2181 peret
303 2136 454 2184 (quippe
476 2140 618 2175 tametsi
643 2140 823 2176 cuiusdam
842 2141 980 2176 arboris
999 2141 1112 2175 instar
1137 2152 1158 2174 a
1172 2141 1308 2175 duobus
1328 2137 1523 2174 hortulanis
1545 2137 1663 2183 rigata

180 2182 317 2228 fuerat,
345 2188 463 2219 tamen
493 2186 686 2232 periculum
717 2194 794 2222 erat
822 2200 867 2222 ne
888 2190 1021 2233 absque
1046 2187 1262 2233 germinibus
1282 2191 1318 2221 et
1338 2185 1434 2221 foliis
1462 2184 1563 2219 arida
1586 2196 1661 2218 ma-

180 2230 322 2275 neret),
339 2230 535 2277 elegantem
551 2235 725 2279 quendam
748 2235 861 2269 virum
875 2262 885 2279 ,
909 2235 967 2269 cui
991 2234 1223 2268 Constantino
1248 2246 1372 2268 nomen
1401 2236 1520 2275 esset,
1552 2230 1667 2264 Duel-

180 2274 286 2314 latori
307 2284 574 2322 cognomentum
605 2285 810 2327 paternum,
853 2293 873 2316 e
912 2281 1031 2316 Lesbo
1072 2281 1246 2315 celeribus
1279 2279 1432 2324 navigiis
1462 2276 1666 2312 arcessivit.

183 2333 261 2358 nam
276 2322 453 2369 relegatus
474 2326 514 2360 in
545 2327 636 2363 hanc
666 2327 814 2362 insulam
848 2329 968 2362 fuerat
1003 2340 1024 2362 a
1052 2327 1249 2371 Michaelo‚
1281 2327 1342 2372 qui
1364 2338 1434 2360 non
1452 2325 1503 2358 ita
1525 2323 1664 2369 pridem

182 2375 414 2416 regnaverat,
448 2378 597 2420 propter
622 2373 765 2420 imperii
800 2374 1048 2419 cupiditatem,
1077 2375 1171 2419 quod
1207 2375 1252 2408 ad
1285 2386 1324 2408 se
1359 2383 1487 2418 rapere
1517 2375 1665 2404 conatus

185 2415 320 2461 suerat,
343 2417 395 2452 uti
418 2419 574 2454 nomiulli
592 2422 737 2455 tradunt
753 2421 906 2466 (diversi
928 2421 1019 2455 enim
1037 2421 1104 2455 hac
1123 2421 1168 2455 de
1185 2433 1226 2455 re
1248 2431 1406 2454 rumores
1426 2418 1662 2459 emanarunt),

184 2461 441 2498 affirmantibus
475 2465 573 2510 aliis,
610 2479 757 2512 quorum
789 2468 903 2503 aliena
932 2472 1077 2514 putatur
1096 2480 1116 2501 a
1139 2466 1331 2502 mendaciis
1355 2466 1498 2510 lingua,
1520 2468 1667 2516 propter

186 2507 356 2543 occultam
378 2521 455 2547 cum
486 2512 712 2558 imperatrice
739 2515 816 2549 Zoe
849 2514 1136 2551 consuetudinem
1152 2514 1328 2549 exulatum
1352 2512 1451 2547 abire
1474 2511 1606 2544 iussum
1631 2520 1668 2542 ιη

185 2565 261 2588 eam
283 2565 386 2600 quam
407 2556 557 2594 (fiximus
577 2558 738 2605 insulam',
757 2573 834 2596 cum
850 2572 972 2606 parum
994 2561 1170 2596 abfuisset
1183 2560 1268 2606 quin
1291 2559 1410 2594 oculos
1433 2557 1538 2591 etiam
1562 2555 1665 2609 amit-

185 2604 290 2635 teret.
340 2612 432 2637 nunc
453 2610 567 2640 autem
594 2607 806 2642 contrariam
835 2609 872 2642 in
900 2612 1035 2654 partem
1054 2607 1154 2653 lapsa
1178 2609 1341 2641 fortunae
1359 2610 1519 2647 tessera,
1547 2609 1585 2656 et
1602 2602 1666 2636 all—

186 2652 242 2681 ter
259 2649 440 2701 conuersis
461 2651 564 2696 quasi
585 2653 688 2688 testis
708 2654 824 2699 illius,
851 2654 1045 2699 imperator
1066 2661 1103 2689 et
1120 2666 1236 2688 rerum
1260 2652 1420 2687 dominus
1445 2654 1668 2702 renuntia-tus

187 2697 264 2738 est,
292 2704 354 2739 qul
383 2699 487 2731 antea
504 2699 711 2734 condicione,
739 2713 864 2736 servus
888 2706 966 2736 erat
990 2707 1027 2735 et
1051 2701 1156 2735 exilio
1176 2700 1339 2734 uniltatus
1360 2704 1396 2732 et
1415 2697 1452 2731 in
1475 2696 1670 2730 custodiam

186 2739 304 2794 dPtqs·
352 2752 466 2786 neque
486 2744 592 2779 multo
616 2752 698 2800 post
714 2748 814 2783 Zoen
832 2748 1091 2793 imperatricem
1111 2746 1332 2781 matrimonio
1362 2744 1430 2779 sibi
1449 2742 1577 2777 iunxit.
1619 2740 1670 2773 ita

186 2797 348 2821 nimirum
366 2793 530 2823 versatur
554 2790 593 2825 in
623 2799 760 2828 mcerto
788 2794 864 2829 vita
884 2795 1098 2830 mortalium:
1127 2793 1179 2827 ita
1201 2804 1318 2827 rerum
1340 2791 1566 2826 humanarum
1589 2791 1671 2820 rota

187 2843 325 2887 sursum
349 2834 583 2880 deorsumque
609 2849 753 2874 currens
784 2841 900 2875 omnia
923 2840 1084 2884 volutat,
1117 2844 1154 2874 et
1185 2840 1332 2874 confuse
1356 2835 1516 2871 invertit.
1565 2844 1667 2868 acce-

188 2889 302 2924 pimus
320 2886 435 2915 autem
453 2882 547 2918 fama
566 2883 802 2921 Duellatorem
826 2887 918 2922 hunc
935 2898 1051 2922 rerum
1071 2885 1213 2932 quidem
1225 2884 1426 2920 militarituu
1446 2881 1556 2915 fuisse
1568 2889 1671 2926 pror—
