1872 3236
171 303 287 339 P106

254 1116 284 1150 B

311 181 407 232 22'2
689 183 1060 232 CONSTANTINI'
1101 189 1374 234 MANASSIS¹

439 299 487 354 ἢν
509 299 549 350 ἐξ
562 297 750 356 Ὀρέστου
774 302 974 359 φέρουσαν
993 305 1084 359 πρὶν
1101 303 1172 359 τὴν
1189 305 1414 359 ἐπωνυμίαν

307 366 416 410 5195
435 368 640 423 Ἀδριανὸς
657 368 890 424 δειμάμενος
906 369 927 412 ὃ
947 375 1025 413 τῶν
1042 370 1248 426 Ῥωμαιίυν
1268 370 1428 429 κράτωρ
1443 371 1446 374 ’

439 436 511 489 τὴν
530 440 668 491 κλῆσιν
686 439 896 494 ἐχαρίσατο
916 442 967 495 τῇ
986 437 1096 481 πόλει
1114 440 1186 493 τὴν
1210 441 1327 482 ι’ὃιάν.

440 503 475 544 οἱ
500 504 543 545 δὲ
559 510 684 559 γονεῖς
701 508 767 547 καὶ
789 508 1004 563 φυτουργοὶ
1019 511 1090 548 τοῦ
1109 505 1374 554 καλλικλάδου
1399 507 1564 564 δένδρου

439 570 486 611 οὗ
509 571 800 616 πολυτάλαντοί
815 591 936 625 τινες,
971 574 1175 631 ῥυηφενεῖς
1195 574 1266 615 οὐκ
1288 570 1404 628 ἦσαν,

439 638 531 680 οὐδὲ
550 642 978 698 προβατοθρὲμμονες,
1013 642 1059 684 οὗ
1083 643 1242 698 πλέθρα
1262 647 1334 697 γῆς
1355 639 1578 695 αὐχοῦντες,

302 705 412 748 5200
439 706 531 748 ἀλλ’
556 708 767 765 αὐτουργοὶ
789 711 855 751 καὶ
875 710 1035 764 πένητες
1053 711 1119 751 καὶ
1139 714 1219 752 τῶν
1232 707 1516 766 χειροβιώτων.

438 767 494 816 ὧν
512 774 747 818 ἐκλιπόντων
763 777 836 832 τὴν
854 778 955 831 ζωὴν
973 779 1038 819 καὶ
1057 782 1182 832 γῆθεν
1203 775 1495 831 μεταστάντων,

436 844 503 883 καὶ
521 847 594 884 τοῦ
609 843 855 901 Βουλγάρων
875 844 1066 902 ἄρχοντος
1087 850 1159 887 τοῦ
1178 850 1392 900 τηνικαῦτα
1412 842 1606 902 Κρούμου

438 909 727 966 ἐπιδραμόντος
747 911 961 966 σύμπασαν
980 913 1053 967 τὴν
1070 911 1148 954 ὑπὸ
1171 913 1265 962 τοὺς
1279 911 1499 966 Ῥωμαίους

436 979 503 1019 καὶ
525 977 679 1020 σκύλων
695 977 999 1034 ὖποπλήσαντος
1018 980 1142 1023 αὐτοῦ’
1163 980 1235 1035 τὴν
1256 982 1524 1038 στραταρχίαν

303 1044 412 1087 5205
436 1046 502 1086 καὶ
523 1045 683 1099 σύμπαν
704 1046 903 1102 νεοτήσιον
923 1048 1051 1098 ἄνθος
1070 1047 1323 1104 ἢφανικότος,

439 1115 609 1165 θεμένου
634 1115 678 1156 δὲ
696 1117 762 1156 καὶ
778 1118 959 1165 πλείονας
978 1116 1019 1157 ἐν
1040 1114 1302 1171 ἀνδραπόδων
1320 1116 1458 1175 μοίρᾳ,

436 1179 541 1222 ἑάλω
563 1184 628 1223 καὶ
653 1185 862 1233 Βασίλειος
882 1182 1128 1240 Βουλγάρων
1146 1190 1234 1233 ταῖς
1253 1182 1459 1237 παλάμαις

437 1246 570 1305 ὥσπερ
593 1250 794 1306 στρουθὸς
816 1252 1073 1306 καλλίπτερος
1093 1254 1223 1307 πικρῷ
1247 1250 1508 1310 δικτυοθήρᾳ.
1579 1300 1581 1302 ,

435 1316 509 1364 τὰς
527 1319 783 1371 παλαμναίας
801 1318 844 1359 δὲ
865 1318 1002 1375 φυγὼν
1022 1319 1216 1373 βροχίδας
1237 1321 1317 1359 τῶν
1339 1316 1594 1375 Βουλγάρων·

300 1381 411 1424 5210
434 1383 574 1437 ἐπέστη
591 1383 881 1439 πτερυξάμενος
899 1380 1022 1434 αὖθις
1033 1383 1239 1439 Ῥωμαίων
1258 1383 1386 1441 ὅροις,

434 1452 500 1492 καὶ
524 1451 625 1506 πρὸς
646 1452 831 1507 λατρείαν
851 1449 993 1493 ἑαυτὸν
1014 1449 1068 1500 ὥς
1088 1452 1207 1505 πένης
1226 1450 1497 1504 ἐκμισθώσας,

434 1520 501 1559 καὶ
524 1518 791 1573 τληπαθήσας
811 1521 877 1560 καὶ
896 1518 1068 1569 πολλοὺς
1099 1516 1303 1572 καμάτους
1325 1517 1570 1570 ἀεθλεῦσας,

431 1587 497 1626 καὶ
518 1586 634 1640 γνοὺς
654 1585 709 1636 ὡς
729 1588 784 1636 εἷς
809 1584 1044 1642 ἄκάρπωτον
1066 1591 1139 1641 γῆν
1162 1585 1212 1628 τὰ
1234 1590 1305 1628 τοῦ
1323 1584 1444 1628 πόνου
1466 1585 1628 1644 σπείρει,

431 1652 648 1710 ἀφίσταται
666 1658 745 1696 τῶν
765 1658 990 1710 προσγενιῦν
1011 1655 1078 1695 καὶ
1098 1657 1171 1708 τῆς
1189 1654 1464 1708 ἐνεγκαμένης,

294 1720 403 1762 5215
430 1722 497 1762 καὶ
519 1719 648 1763 πάντα
669 1719 926 1776 λογισάμενος
945 1715 1072 1762 τᾶλλα
1088 1720 1213 1778 μικρὰ
1236 1723 1303 1762 καὶ
1326 1725 1463 1777 φαῦλα

429 1786 484 1837 ὡς
500 1788 600 1845 πρὸς
619 1788 767 1831 σκοπὸν
789 1789 948 1845 ἐφέρετο
969 1788 1040 1843 τὴν
1059 1789 1286 1840 Βυζαντίδα
1307 1787 1434 1831 πόλιν.
1455 1805 1457 1807 ’

432 1853 487 1904 ὡς
510 1857 553 1897 δὲ
571 1861 651 1898 τῶν
669 1855 829 1912 πύργων
848 1857 1001 1911 γέγονεν
1019 1856 1127 1906 ἐντὸς
1146 1860 1226 1898 τῶν
1242 1854 1532 1914 καλλιπύργων,

433 1923 610 1966 ἐνταῦθα
633 1924 705 1978 τὴν
729 1921 950 1978 εὐμήχανον
966 1924 1118 1980 βουλὴν
1136 1924 1378 1981 θεωρητέον,

390 2062 480 2098 5198
502 2059 548 2098 οὔ
567 2060 760 2108 ῥυηφενεῖς
782 2055 878 2108 ἦσαν
898 2063 932 2099 R
1043 2063 1132 2099 5201
1153 2060 1391 2098 ἐκλειπόντων
1406 2062 1516 2108 vulgo

296 2184 387 2229 urbi,
411 2196 511 2229 quam
531 2186 627 2231 prius
646 2188 689 2221 ab
713 2186 841 2220 Oreste
866 2186 1136 2230 cognominatam
1162 2186 1324 2231 deinceps
1351 2185 1541 2230 imperator
1558 2183 1731 2218 Romano-

296 2240 370 2263 rum
393 2230 563 2264 Adrianus
594 2233 637 2265 ab
671 2243 709 2265 se
738 2231 959 2265 instauratam
991 2233 1034 2265 de
1060 2243 1122 2265 suo
1145 2231 1281 2265 nomine
1303 2230 1524 2276 nuncupavit.
1569 2232 1732 2274 parentes

296 2281 409 2309 autem
433 2275 507 2310 eius
531 2288 595 2309 nec
618 2276 770 2320 opulenti
793 2282 892 2310 erant
914 2288 978 2310 nec
998 2276 1130 2310 divitiis
1151 2277 1374 2320 abundantes,
1401 2277 1464 2310 sed
1485 2275 1587 2321 plane
1609 2273 1732 2318 inopes

297 2319 482 2364 laboreque
511 2332 666 2354 manuum
692 2332 827 2355 suarum
851 2321 979 2355 victum
1008 2327 1235 2366 quaerentes;
1271 2321 1395 2365 quibus
1422 2320 1497 2354 vita
1522 2319 1679 2362 functis,·
1695 2322 1732 2351 et

295 2365 520 2409 Bulgarorum
547 2365 704 2410 principe
724 2366 849 2399 Crumo
872 2366 1040 2400 dicionem
1061 2377 1192 2400 omnem
1214 2367 1400 2400 Romanam
1422 2377 1497 2399 cum
1515 2364 1624 2410 copiis
1647 2374 1730 2409 per—

297 2415 457 2445 currente
485 2422 634 2454 suosque
668 2410 792 2444 milites
827 2410 948 2455 opimis
981 2411 1100 2456 spoliis
1132 2410 1436 2456 collocupletante,
1485 2415 1521 2445 et
1559 2409 1729 2444 exstincto

297 2456 387 2490 omni
407 2455 595 2490 iuventutis
618 2456 705 2489 flore
727 2455 909 2500 multisque
931 2456 967 2489 in
985 2457 1220 2501 captivitatem
1243 2457 1413 2500 redactis,
1446 2455 1594 2490 Basilius
1625 2455 1728 2488 etiam

287 2507 407 2547 captus
435 2507 488 2534 est
514 2513 534 2534 a
551 2501 708 2544 Bulgaris
725 2505 885 2545 tanquam
906 2501 1038 2535 avicula
1058 2502 1224 2545 quaedam
1274 2501 1407 2535 raedita
1426 2501 1582 2535 venustis
1603 2499 1667 2534 alis
1684 2499 1727 2534 ab

289 2557 420 2591 aucupe
443 2546 532 2580 diro.
580 2557 654 2579 cum
683 2550 795 2579 autem
824 2557 844 2580 e
870 2546 984 2580 saevis
1011 2546 1236 2591 Bulgarorum
1272 2546 1390 2600 aqueis
1412 2546 1602 2589 evasisset,
1635 2545 1728 2579 intra

290 2592 378 2625 fines
409 2592 637 2625 Romanorum
666 2601 827 2624 reversus
861 2602 924 2624 ceu
956 2602 1088 2636 pauper
1117 2603 1240 2636 operas
1271 2591 1355 2626 alias
1379 2603 1459 2626 suas
1483 2603 1547 2637 pro
1569 2590 1727 2625 mercede

292 2637 445 2680 locabat,
470 2637 506 2670 in
524 2648 591 2681 quo
612 2636 707 2670 vitae
729 2647 856 2680 genere
877 2635 991 2669 varias
1010 2647 1188 2670 aerumnas
1206 2636 1350 2681 pertulit
1372 2643 1408 2671 et
1427 2637 1564 2671 labores
1586 2645 1726 2680 magnos

293 2681 494 2716 exantlavit.
540 2682 677 2715 tandem
703 2680 939 2715 animadverso
965 2692 1004 2714 se
1031 2692 1112 2715 suos
1134 2682 1238 2715 hosce
1264 2681 1401 2717 labores
1421 2682 1458 2716 in
1479 2681 1599 2722 sterile
1618 2679 1726 2715 solum

292 2733 478 2772 spargere,
510 2725 711 2772 propinquis
732 2726 804 2760 suis
821 2726 950 2760 relictis
969 2738 989 2760 e
1006 2727 1120 2770 patria
1141 2726 1306 2772 discedit,
1334 2733 1370 2762 et
1389 2733 1507 2762 cetera
1529 2726 1641 2761 omnia
1661 2735 1725 2770 pro

296 2772 402 2808 nihilo
432 2773 558 2806 ducens
591 2778 686 2806 recta
710 2771 913 2815 Byzantium
936 2771 1125 2806 contendit.
1171 2783 1246 2807 cum
1279 2778 1392 2807 autem
1420 2775 1540 2807 urbem
1567 2771 1727 2819 pulchras
1773 2811 1775 2814 Ι

295 2821 410 2854 turres
429 2818 611 2855 habentem
630 2817 806 2864 ingressus
825 2817 905 2863 fuit,
926 2816 983 2854 hic
1001 2816 1085 2853 mihi
1101 2817 1280 2855 consilium
1298 2817 1615 2855 artificiosissimum
1633 2816 1727 2860 vide,
1744 2826 1746 2830 ³
