1898 3242
527 196 909 243 GOMPENDIUM
943 198 1295 245 CHRONIGUM.

298 307 354 353 οὗ
371 310 523 355 δοῦπον
541 308 856 369 ἁρματόκτυπον
879 311 1041 357 ἀκούειν
1064 313 1140 357 κᾶν
1160 315 1202 358 ἓν
1220 314 1375 367 ὕπνοις,

298 377 395 422 οῦδὲ
410 383 484 435 τῆς
499 377 720 437 σάλπιγγος
737 381 844 435 βοὰς
864 386 937 436 τῆς
958 385 1286 441 πολεμιστηριάς,Ι

297 446 346 491 οὗ
371 448 555 505 λαλαγάς
578 447 762 507 ἅρεΐκᾶς,
799 450 848 493 οὗ
865 451 1038 493 κέλαδον
1058 451 1308 510 κακόθρουν,

296 523 476 575 τρυφαῖς
492 517 707 572 ἐσχόλαζεν
725 518 786 561 ἀεὶ
807 521 873 561 καὶ
895 523 1087 578 λιπαραῖς
1109 522 1337 577 τραπέζαις,

159 582 273 629 6045
296 587 366 628 καὶ
381 589 561 642 γυναιξὶν
579 587 786 645 ἐπέχαιρεν
804 587 993 642 ἆσέμνοις
1017 588 1268 646 ὃρχηστρίσι,

298 653 514 712 φιλαύλοις
537 658 830 714 φιλοπαίγμοσι
851 659 1266 715 φιλοκιθαριστρίαις,

297 725 366 766 καὶ
387 728 518 767 ταῦτα
532 723 831 782 παλαιόχρονος
851 726 1053 781 πέμπελος
1071 725 1127 768 ὢν
1149 727 1354 785 τριγέρων.

294 793 437 848 ’ψυχὴν
459 794 503 836 δὲ
520 792 800 852 δειλοκάρδιον
820 797 887 837 καὶ
906 795 1139 853 τρομαλέαν
1161 794 1266 849 ἔχων

293 860 374 904 ἀπὸ
394 865 523 917 ψιλῆς
541 864 738 917 διαβολῆς
758 863 854 914 τοὺς
872 865 1034 915 πλείους
1056 863 1308 921 ἀπετύφλου,

157 930 271 976 6050
291 927 348 982 ὥς
370 932 500 986 δῆθεν
515 928 817 988 ὖπορύττοντας
836 932 982 984 δόλους
1009 932 1274 984 ἄποστασίας.

295 999 360 1042 ἐπὶ
380 1001 474 1043 δυσὶ
496 999 566 1043 τὸν
581 1001 673 1055 βίον
697 1002 742 1044 δὲ
756 1000 948 1045 ,σαλεύων
965 1001 1215 1061 θυγατράσι,

0 1054 12 1118 l·
294 1070 363 1111 καὶ
385 1067 488 1126 πρός
505 1086 624 1112 τινων
646 1071 905 1125 ἓκδιδαχθεὶς
926 1069 983 1122 ὥς
1004 1071 1101 1126 μετ’
1127 1070 1251 1113 αὐτὸν
1274 1069 1320 1112 τὸ
1347 1066 1498 1127 κράτος

297 1139 354 1188 εἰς
373 1135 583 1192 Ῥωμανὸν
610 1138 838 1196 φοιτήσειεν
846 1173 860 1193 ,
897 1141 967 1183 ἕνα
987 1145 1069 1183 τῶν
1089 1144 1163 1196 τῆς
1181 1137 1423 1195 συγκλήτου,

297 1207 462 1262 ἐπίκλην
472 1206 799 1265 Ἀργυρόπουλον
808 1242 821 1261 ,
856 1207 1038 1264 βιάζεται
1057 1209 1128 1252 τὸν
1148 1208 1280 1265 ἄνδρα

157 1273 271 1318 605⁵
296 1275 370 1331 τὴν
396 1276 545 1331 ἄλοχον
564 1279 630 1329 καὶ
650 1278 828 1333 γαμετὴν
850 1279 924 1333 τὴν
950 1281 1045 1336 πρὶν
1066 1278 1356 1333 ἀποβαλέσθαι

295 1346 364 1387 καὶ
384 1346 602 1401 συζυγῆναι
620 1351 669 1403 τῇ
688 1350 789 1403 Ζωῇ
809 1351 860 1404 τῇ
877 1345 1301 1405 πορφυροβλαστήτῳ.

293 1415 362 1457 καὶ
379 1418 512 1457 ταῦτα
531 1416 775 1469 διαθέμενος
799 1417 1048 1469 μεθίσταται
1065 1420 1139 1457 τοῦ
1160 1412 1270 1469 βίου,

293 1482 432 1540 βραχῦ
456 1487 530 1537 τῆς
549 1481 854 1541 αὐτοκράτορος
878 1484 1009 1541 ἀρχῆς
1028 1481 1368 1541 παραπολαύσας,

295 1552 365 1594 καὶ
382 1549 559 1608 χρόνους
579 1550 654 1594 δύο
669 1550 877 1610 μόναρχος
897 1555 1072 1607 δειχθεὶς
1093 1550 1422 1609 αὖσονοκράτωρ.

134 1615 270 1663 ’6060
339 1621 426 1663 Καὶ
444 1618 655 1674 Ῥωμανὸς
682 1619 909 1677 ἐγκάθηται
930 1628 1016 1672 τοῖς
1027 1623 1254 1675 βασιλείοις
1275 1619 1459 1677 θρόνοις,

293 1688 397 1746 ἀνὴρ
417 1687 573 1747 σοφός,
602 1688 807 1745 θεοσεβής
817 1723 830 1742 ,
866 1692 1095 1745 ἓμμελετῶν
1114 1697 1200 1740 τοῖς
1215 1691 1348 1739 θείοις

295 1759 363 1800 καὶ
379 1759 541 1813 βίβλοις
557 1759 716 1816 χαίρων
739 1759 792 1802 τὰ
811 1759 945 1801 πολλὰ
967 1761 1034 1801 καὶ
1061 1757 1229 1802 στάσεσι
1246 1755 1489 1812 παννύχοις·

295 1825 342 1878 ὃς
362 1826 467 1884 ἄγαν
488 1823 806 1887 μεγαλοπρεπῶς
827 1833 880 1888 τῇ
897 1827 1081 1887 θεοτόκῳ
1105 1826 1207 1886 κόρῃ

247 1967 342 2004 6042
356 1966 426 2010 τὰς
448 1969 484 2004 R
576 1969 863 2014 πολεμιστηρίου
884 1969 926 2004 Μ
1029 1969 1122 2005 6043
1145 1966 1318 2014 θόρυβον
1335 1967 1376 2002 Μ
1469 1967 1562 2004 6046
1581 1968 1646 2004 καὶ

247 2012 409 2059 φαύλοις
431 2015 472 2051 Μ
592 2016 684 2051 6θ49
707 2012 850 2063 ἄνδρας
873 2017 913 2052 Μ
1036 2016 1130 2052 6055
1155 2012 1277 2060 αὐτὴν
1297 2014 1337 2049 Μ
1446 2014 1537 2051 6061
1555 2016 1644 2050 θεο-

247 2060 360 2107 φιλὴς
381 2061 423 2097 Μ
514 2059 563 2096 τὰ
581 2062 675 2097 θεῖα
698 2062 739 2097 Μ

156 2185 297 2232 quidem
323 2187 545 2234 sustinebat,
573 2201 736 2225 curruum
763 2189 934 2236 strepitus
966 2200 1011 2223 ne
1040 2199 1107 2234 per
1140 2198 1296 2222 somnum
1327 2185 1470 2232 quidem
1509 2185 1646 2230 audire,

157 2231 304 2269 bellicae
338 2236 447 2270 tubae
467 2236 678 2281 clangores,
709 2248 818 2272 voces
851 2243 887 2270 et
915 2234 1082 2270 tumultus
1111 2234 1261 2269 Martios
1288 2233 1384 2267 ferre
1403 2245 1474 2267 non
1491 2236 1647 2279 poterat,

156 2278 397 2325 voluptatibus
421 2281 598 2328 lautisque
620 2284 749 2317 mensis
767 2288 942 2329 perpetuo
961 2282 1123 2326 deditus,
1146 2293 1188 2315 ac
1210 2279 1480 2315 delectationem
1504 2279 1649 2325 capiens

158 2336 205 2359 ex
235 2328 488 2364 consuetudine
515 2329 769 2374 impudicarum
800 2328 1100 2372 muliercularum,
1137 2325 1374 2370 saltatricum,
1409 2326 1648 2369 tibicinarum,

157 2370 400 2420 ridicularum,
426 2375 718 2410 citharistriarum
735 2403 745 2421 ‚
776 2375 918 2410 tametsi
952 2375 1021 2408 iam
1040 2373 1242 2419 decrepitus
1269 2384 1379 2407 senex
1396 2372 1505 2407 foret.
1551 2371 1647 2406 idem

158 2417 385 2455 formidoloso
403 2422 510 2456 corde
528 2422 712 2468 praeditus
735 2423 828 2457 nuda
848 2427 885 2456 et
904 2421 975 2455 levi
999 2420 1205 2466 plerumque
1232 2418 1404 2454 calumnia
1420 2417 1645 2464 perpelleba—

157 2467 219 2497 tur
247 2468 288 2499 ut
315 2466 510 2513 complures
543 2468 652 2503 oculis
679 2469 850 2514 spoliaret
881 2472 1047 2513 tanquam
1084 2467 1229 2501 fraudes
1269 2465 1480 2500 defectionis
1513 2463 1650 2499 occulte

159 2513 350 2547 struentes,
397 2525 474 2548 cum
499 2513 590 2548 filias
610 2520 743 2549 tantum
768 2517 855 2550 duas
874 2514 1025 2549 haberet
1047 2514 1162 2559 deque
1185 2512 1254 2546 illis
1273 2511 1443 2546 sollicitus
1464 2516 1560 2545 esset
1575 2537 1585 2554 ‚
1606 2521 1648 2544 ac

159 2555 310 2591 monitus
334 2569 356 2592 a
375 2559 579 2604 quibusdam
613 2562 711 2596 foret
734 2561 884 2607 imperio
906 2565 989 2606 post
1010 2560 1125 2605 ipsum
1150 2559 1323 2604 quendam
1344 2557 1478 2592 ordinis
1501 2561 1645 2591 senato-

158 2602 206 2637 rii
226 2602 359 2648 virum,
393 2605 450 2640 cui
472 2618 599 2642 nomen
630 2613 725 2643 esset
743 2608 944 2652 Romanus,
966 2612 1233 2651 cognomentum
1255 2603 1518 2649 Argyropulus,
1547 2602 1644 2648 poti—

158 2654 294 2693 turum,
325 2650 363 2684 vi
397 2651 571 2687 hominem
603 2654 726 2699 adegit
748 2659 787 2689 ut
817 2666 927 2689 uxore
952 2653 1066 2699 prima
1083 2651 1271 2698 repudiata
1295 2651 1395 2685 Zoen
1417 2649 1524 2684 filiam
1548 2659 1645 2683 suam

159 2694 198 2729 in
221 2707 379 2741 purpura
399 2702 516 2734 natam
536 2700 757 2735 matrimonio
779 2701 849 2735 sibi
874 2700 1052 2745 iungeret.
1102 2705 1208 2743 atque
1230 2697 1285 2731 his
1311 2697 1363 2731 ita
1383 2695 1584 2731 constitutis
1611 2700 1648 2728 et

159 2741 332 2776 ordinatis
365 2743 473 2778 vitam
503 2755 579 2780 cum
610 2752 722 2781 morte
756 2747 1002 2791 commutavit,
1036 2757 1113 2780 cum
1142 2742 1335 2790 perpusillo
1357 2747 1518 2788 tempore
1535 2766 1545 2786 ‚
1569 2739 1644 2775 solo

158 2787 321 2822 nimirum
341 2789 486 2824 biennio
500 2817 510 2834 ‚
532 2792 639 2827 rebus
682 2794 886 2828 raefuisset.

252 2835 341 2869 Inde
361 2836 539 2871 Romanus
561 2837 598 2871 in
618 2850 657 2873 so
672 2839 706 2873 io
724 2840 826 2884 regio
851 2838 1043 2874 collocatur
1055 2864 1065 2883 ,
1088 2837 1145 2871 vir
1162 2836 1306 2882 sapiens
1318 2862 1327 2880 ‚
1350 2834 1539 2880 religiosus
1552 2859 1561 2876 ‚
1587 2831 1642 2866 di-

1547 200 1649 247 257

1671 531 1789 569 9123

105 2877 109 2884 '
157 2879 260 2916 vinae
282 2892 342 2916 res
361 2883 522 2917 studiose
537 2885 796 2931 pervestigans,
818 2885 920 2920 libris
940 2885 1146 2931 plerumque
1169 2895 1208 2918 se
1227 2882 1422 2925 oblectans,
1442 2884 1479 2915 et
1501 2881 1644 2913 noctur-
1690 2928 1692 2930 Ι

216 2933 334 2970 comt.
373 2936 570 2972 Manasses.
1310 2932 1363 2971 17
