1864 3242
313 198 408 246 242
829 197 888 241 IN
921 197 1216 242 GEORGIU'M

314 309 580 357 consentiunt,
622 313 703 344 tam
740 312 890 344 veteres
919 319 1038 359 quam
1061 314 1259 354 recentes3
1302 317 1356 343 ex
1384 317 1551 358 quorum
1576 319 1741 344 numero

314 366 517 404 videantur
533 364 681 401 Paulus
699 364 892 400 Aemilius
915 364 1060 401 Histor.
1079 363 1225 400 Gallor.
1246 362 1316 399 lib.
1335 364 1360 402 6
1378 369 1417 399 et
1433 363 1544 400 Ubbo
1562 362 1747 400 Emmius

314 424 404 459 Rer.
423 422 600 457 Frisicar.
624 419 694 456 lib.
709 420 757 467 8,
787 425 960 456 recentes
987 409 1148 470 quidem
1170 419 1285 455 ambo
1306 415 1378 454 sed
1398 417 1595 474 elegantes
1617 425 1655 456 et
1674 431 1742 456 ac-

314 478 435 515 curati
465 477 684 527 scriptores.
740 487 878 512 verum
905 474 1017 513 Ubbo
1041 482 1173 512 noster
1189 475 1336 511 variare
1356 480 1542 512 auctores
1547 475 1590 511 iu
1608 475 1742 526 ponti-

310 534 388 569 ficii
414 533 535 582 legati
557 532 716 568 nomine
735 537 915 580 annotat,
946 520 1138 582 quosdam
1159 531 1385 580 Pelagium,
1413 529 1626 582 quosdam
1622 530 1742 568 Colu-

309 601 445 625 mnam
455 560 716 637 e>ingerentes,
751 585 927 624 Bloudus
951 588 1097 624 Histor.
1124 584 1270 623 Decad.
1299 588 1326 626 2
1350 585 1427 622 lib:
1447 587 1499 635 7,
1527 584 1742 636 vBonflnius

311 646 401 681 Rer.
422 645 568 694 Ungar.
589 639 735 680 Decad.
755 646 781 684 2
805 643 876 680 lib.
894 645 942 690 7,
974 649 1012 679 et
1046 643 1114 679 alii
1145 640 1386 679 cardinalem
1416 639 1649 679 Columnam
1676 639 1758 678 hic

311 705 538 750 agnoscunt.
596 699 854 749 Cuspinianus
882 697 1105 750 (Platinam
1130 699 1172 735 in
1198 699 1277 735 vita
1300 697 1464 734 Honorii
1480 699 1505 738 3
1522 693 1742 751 sequutus)

309 758 352 793 in
378 757 493 792 Petro
524 753 862 792 Antisiodorensi
850 767 947 804 unp.
966 755 1192 804 cpolitano:
1221 760 1277 791 est
1294 759 1378 789 tum
1396 752 1592 790 Iohannes
1611 751 1743 790 cardi—

310 811 416 848 nalis
443 811 491 847 cle
522 810 714 847 Columna
741 809 896 860 legatus
911 810 1133 847 declaratus
1160 809 1244 856 (ab
1260 809 1449 845 Honorio
1449 807 1660 867 pontifice)
1687 807 1746 845 ad
1783 850 1786 852 v

309 866 436 904 Asiae
467 879 528 903 res
553 866 842 916 reformandas,
871 879 905 902 c
907 879 962 902 im
988 867 1109 916 copiis
1132 865 1183 901 ab
1203 865 1439 902 Innocentio
1445 859 1641 901 excitatio.
1692 861 1742 900 de

309 923 471 972 Pelagio
500 924 732 972 Anonymus
757 920 942 958 historiae
968 922 1174 959 orientalis
1201 928 1239 958 et
1266 927 1399 971 captae
1419 921 1631 957 Damiame
1643 920 1743 959 ‘sefl-
1793 948 1796 951 -

309 986 397 1029 ptor
407 951 527 1029 βειΡιιά
550 978 728 1016 Vincent.
755 978 1021 1014 Bellovacens.
1046 978 1163 1028 spec.
1191 978 1336 1013 Histor.
1361 975 1431 1013 lib.
1454 977 1506 1017 31
1532 982 1617 1028 cap.
1636 976 1741 1016 188:

310 1035 505 1071 Damiata
532 1033 666 1070 multis
695 1032 894 1069 laboribus
913 1040 1030 1082 capta
1049 1040 1086 1070 et
1099 1045 1174 1082 per
1189 1044 1340 1069 annum
1357 1031 1422 1068 vel
1431 1031 1606 1080 amplius·
1619 1039 1650 1067 'a
1669 1043 1742 1068 no-

308 1091 399 1127 ⁷§utris
418 1103 614 1140 possessa,
636 1089 887 1138 postmodum
903 1088 1070 1138 Pelagio
1093 1088 1293 1125 cardinali
1305 1094 1341 1123 et
1354 1087 1484 1138 legato
1509 1086 1742 1136 Templariis

310 1153 346 1182 et
363 1145 651 1195 Hospitalariis
666 1151 818 1195 totoque
835 1145 1000 1181 exercitu
1016 1144 1345 1187 Christianorum,
1373 1149 1527 1192 excepto
1540 1152 1630 1194 rege
1637 1143 1741 1179 Hie-

308 1201 480 1238 rusalem
501 1200 695 1245 Iohanne,
724 1201 794 1250 qui
809 1199 856 1235 ob
876 1200 1079 1250 quandam
1098 1199 1333 1236 discordiam
1354 1199 1454 1235 inter
1474 1198 1605 1248 ipsum
1627 1203 1672 1234 et
1683 1197 1741 1234 'le-

305 1264 448 1319 gutum
482 1262 628 1293 motam
655 1254 707 1291 ab
739 1256 906 1291 exercitu
931 1256 1101 1300 recessit,
1129 1268 1156 1290 a
1188 1254 1363 1291 Soldano
1381 1266 1456 1303 per
1479 1253 1742 1304 infortunium

309 1313 436 1362 captis
455 1319 492 1347 et
503 1311 680 1362 graviter
698 1310 873 1360 afflictis,
902 1310 1055 1347 reddita
1077 1317 1134 1347 est
1142 1311 1333 1360 paganis.
1394 1307 1608 1346 discordiae
1626 1308 1742 1346 huius

309 1369 491 1405 fomitem
510 1380 560 1403 an
583 1367 747 1413 fontem,
774 1367 852 1403 nisi
866 1365 1000 1414 fallor,
1030 1367 1123 1403 satis
1142 1366 1293 1416 liquere
1311 1365 1493 1402 existimo
1512 1377 1564 1402 ex
1582 1363 1743 1402 historia

308 1425 425 1461 Pauli
454 1423 636 1470 Aemilii,
667 1434 786 1472 quem
808 1420 899 1458 vide
927 1422 1013 1459 loco
1030 1433 1146 1473 supra
1169 1423 1305 1470 citato3
1336 1427 1375 1459 et
1393 1433 1445 1458 ex
1463 1433 1508 1458 eo
1527 1422 1674 1472 Meyer.
1690 1418 1747 1458 ad*

309 1492 457 1516 annum
476 1481 596 1519 1221.
652 1478 814 1515 DovsA.

417 1548 459 1585 p.
480 1537 534 1577 32
555 1546 595 1571 v.
616 1535 654 1573 6-
711 1534 895 1583 Pelagius
924 1531 1131 1570 cardinalis
1159 1532 1394 1570 Albanensis
1412 1531 1616 1583 episcopus
1629 1531 1741 1582 lega-

307 1598 370 1628 tus
393 1591 440 1628 ab
463 1591 690 1627 Innocentio
708 1591 765 1626 III
786 1590 941 1640 Cpolim
958 1590 1146 1636 mittitur,
1176 1601 1328 1626 summ-a
1350 1589 1574 1625 auctoritate
1593 1589 1740 1624 iustru-

310 1653 415 1694 ctus,
445 1653 489 1682 ut
515 1646 704 1693 Graecos,
737 1647 805 1697 qui
833 1646 982 1683 Latinis
1009 1645 1219 1696 parebant,
1249 1657 1271 1681 a
1298 1641 1504 1681 schismate
1532 1641 1741 1687 abduceret

308 1709 426 1754 atque
447 1700 499 1738 ad.
516 1702 702 1739 ecclesiae
723 1703 853 1738 sinum
876 1707 1085 1738 revocaret.
1141 1707 1273 1737 narrat
1299 1698 1373 1736 hoc
1395 1698 1503 1736 idem
1522 1698 1740 1736 Sabellicus

307 1756 485 1795 Ennead.
507 1759 532 1796 9
555 1757 624 1794 lib.
648 1755 696 1796 5:
724 1758 924 1794 Henricus
942 1758 1151 1806 imperator
1177 1756 1420 1793 Christianae
1431 1756 1592 1804 pietatis
1610 1754 1740 1791 obser-

306 1814 560 1851 vantissimus
585 1825 625 1848 se
652 1812 869 1849 adiutorem
892 1811 1077 1862 praebuit
1102 1812 1278 1848 Romani
1289 1812 1509 1861 pontificis,
1537 1810 1666 1861 legato
1685 1810 1743 1847 ad

275 1876 281 1883 ’
305 1869 379 1906 hoe
410 1869 654 1918 Byzantium
680 1870 813 1913 misso,
843 1875 887 1904 ut
920 1869 1090 1905 Graecos
1114 1867 1307 1918 subigeret
1323 1867 1380 1903 ad
1394 1867 1601 1903 Romanae
1618 1866 1739 1903 eccle·-

305 1926 387 1962 siae
409 1926 529 1961 ritum
548 1924 852 1973 suscipiendum.
910 1925 977 1961 vix
999 1937 1045 1960 ea
1065 1937 1125 1960 res
1148 1924 1295 1960 moveri
1313 1929 1446 1972 coepta
1469 1929 1540 1967 est,
1569 1935 1659 1959 cum
1677 1935 1738 1958 se—

307 1981 402 2018 ditio
427 1983 566 2031 ingens
586 1981 782 2016 civitatem
799 1980 962 2025 invasit,
998 1980 1162 2017 Graecis
1177 1978 1482 2016 reclamantibus
1497 1978 1739 2028 imperatoris

307 2037 479 2086 officium
497 2049 575 2072 esse
590 2049 704 2071 arma
721 2049 876 2080 curare,
904 2049 982 2072 non
1003 2049 1135 2082 sacra;
1163 2037 1260 2072 satis
1273 2047 1462 2085 superque
1481 2047 1508 2071 a
1523 2047 1563 2070 se
1581 2033 1736 2077 datum,

306 2093 376 2142 qui
403 2105 517 2128 suam
545 2093 657 2140 passi
680 2098 801 2128 essent
825 2090 1026 2128 ecclesiam
1045 2091 1252 2127 Romame
1269 2090 1482 2127 subiectam
1502 2090 1732 2126 renuntiari.

306 2149 506 2184 Henricus
536 2146 682 2183 relicti-s·
715 2161 804 2184 cum
831 2160 905 2183 sua
925 2148 1149 2196 pertinacia
1173 2147 1336 2183 Graecis
1353 2147 1411 2183 ad
1426 2145 1578 2194 imperii
1594 2145 1737 2181 consti-

307 2204 491 2239 tutionem
517 2204 762 2239 convertitur.
822 2201 865 2239 id
892 2209 1024 2239 tamen
1047 2215 1127 2239 non
1151 2203 1387 2239 Graecorum
1404 2201 1636 2252 pertinacia,
1666 2198 1738 2236 sed

305 2259 425 2308 legati
449 2257 714 2306 imprudentia
738 2265 775 2295 et
803 2259 925 2295 nimio
955 2260 996 2294 in
1025 2259 1139 2295 rebus
1169 2256 1408 2309 exequendis
1431 2254 1567 2292 ardore
1587 2255 1736 2292 factum

306 2326 413 2361 esse,
443 2314 576 2362 colligi
604 2320 733 2362 potest
765 2326 817 2349 ex
845 2314 931 2350 aliis
960 2326 1116 2365 quoque
1145 2313 1306 2350 huiusce
1335 2312 1484 2361 Pelagii
1506 2311 1738 2348 actionibus.

303 2382 397 2406 nam
417 2368 597 2418 plerique
624 2381 771 2412 omne-2,
799 2374 844 2404 ut
872 2376 1002 2405 narrat
1028 2368 1261 2419 Spondanus
1290 2381 1392 2405 anno
1416 2369 1517 2407 1221
1538 2379 1647 2403 mun·
1673 2369 1737 2414 19,

306 2426 522 2462 Damiatae
544 2423 952 2464 amissionisdedeeus
979 2426 1021 2460 in
1051 2425 1262 2475 Pelagium
1285 2424 1483 2468 reiieiunt,
1511 2423 1581 2472 qui
1602 2419 1738 2459 eontm

305 2483 479 2518 omnium
504 2479 735 2516 militarium
760 2479 906 2516 ducum
936 2482 1182 2524 sententiam,
1211 2481 1293 2528 ipse
1319 2492 1453 2515 earum
1474 2491 1604 2514 rerum
1626 2479 1738 2514 inex-

298 2543 454 2586 pertus,
492 2535 729 2572 alieni-<mimo
765 2541 932 2584 tempore
972 2538 1014 2571 vi
1049 2549 1301 2571 censurarum
1322 2535 1510 2572 adversus
1534 2533 1737 2570 sultanum

306 2599 437 2628 eastra
467 2603 617 2628 movere
643 2590 858 2628 inconsulte
883 2592 1062 2640 coegerit,
1102 2598 1137 2626 et
1165 2597 1318 2627 tautum
1349 2604 1429 2627 non
1458 2590 1738 2640 ignavissimae

306 2649 421 2684 morti
446 2647 511 2684 vel
531 2648 779 2697 turpissime
806 2647 983 2683 servituti
995 2646 1323 2695 florentissimum
1347 2646 1654 2684 Christianorum
1670 2657 1736 2680 ex-

305 2705 467 2740 ercitum
491 2702 684 2748 obiecerit,
714 2716 789 2753 quo
822 2700 888 2739 vel
917 2709 1000 2738 tum
1033 2703 1258 2738 universam
1292 2703 1450 2751 Syriam
1478 2707 1514 2736 et
1536 2700 1738 2737 Palaesti-

304 2773 416 2804 nam,
446 2766 483 2795 et
509 2759 761 2795 commodiori
785 2765 951 2808 tempore
971 2758 1089 2794 etiam
1106 2757 1338 2808 Aegyptum
1363 2766 1400 2794 et
1417 2755 1663 2806 Babylonem
1677 2761 1736 2791 to—

304 2823 464 2867 tumque
491 2815 686 2853 Orientem
705 2813 919 2865 subiugat-e
924 2812 1175 2864 facillimum
1187 2814 1349 2864 ficc‘sset.
1410 2825 1484 2850 nec
1506 2813 1636 2849 minus
1663 2809 1738 2848 hac
