1872 3236
235 809 262 842 B

227 1627 257 1660 C

301 158 398 208 218
685 162 1057 209 CONSTANTINI
1083 165 1345 212 MANASSIS

429 270 578 329 ἔρημον
595 268 666 316 οὖν
683 275 930 331 παραλαβὼν
947 276 1016 320 τὸν
1037 276 1181 321 ι’ίθλιον
1202 280 1346 323 ἐκεῖνον

428 342 495 382 καὶ
511 340 555 382 τὸ
577 342 884 399 περιφερόμενον
899 343 1124 399 ἐκκόψαντα
1149 347 1220 402 τὴν
1235 354 1353 404 χεῖρα

425 408 499 461 τὴν
523 409 652 458 δεξιὰν
671 410 863 471 ἀριστερᾷ
877 411 980 454 κατὰ
1003 413 1096 464 τοὺς
1118 416 1394 469 μαινομένους,

425 479 579 529 μᾶλλον
597 477 638 518 δ’
663 481 781 520 εἰπεῖν
799 477 1032 534 ἀπάλαμνον
1050 480 1190 538 ἄχειρα
1204 481 1404 538 γεγονότα,

292 541 399 584 5105
417 541 443 597 ἢ
466 543 570 585 κατὰ
590 544 636 587 τὸ
654 543 929 603 μυθούργημα
947 553 1018 602 τῆς
1032 551 1264 600 Αἶσωπειάς
1280 547 1405 607 λῦρας

426 610 644 667 προβάτιον
664 615 720 664 εἷς
735 613 872 658 ἄνοιαν
894 615 1129 673 αὐτόχρημα
1148 618 1322 673 φανέντα

425 680 492 720 καὶ
512 677 633 730 κύνας
652 680 906 725 ἀπελάσαντα
927 687 977 740 τῇ
994 688 1204 742 συμβουλῇ
1226 688 1298 727 τοῦ
1315 681 1451 735 λύκου,

423 745 470 788 τὸ
491 745 637 803 κράτος
660 749 701 790 ἐκ
726 754 799 793 τοῦ
814 748 1008 807 κράτορος
1033 754 1088 802 εἷς
1108 751 1249 795 ἑαυτὸν
1268 755 1451 806 μεθειλκε

425 815 489 855 καὶ
508 819 587 857 πᾶν
602 817 722 859 ε’ποίει
738 817 935 872 βουλητὸν
952 818 1137 876 ἄντικρυς
1159 818 1214 870 ὥς
1229 818 1418 870 αὖτάναξ.
1479 815 1481 817 ’

288 880 398 923 5110
417 881 463 922 οὗ
483 882 564 935 μὴν
584 883 676 925 ἀλλ’
701 884 948 929 ἔκκεκύλιστο
969 888 1036 928 καὶ
1058 887 1158 944 πρὸς
1177 888 1428 943 παρανομίαν

422 950 510 990 οἵαν
530 950 575 991 οὔ
596 949 762 1007 Σκύθης
780 953 992 1009 δέδρακεν,
1027 954 1073 997 οὗ
1094 956 1281 1011 Πέρσης,
1311 955 1358 996 οὗ
1378 950 1609 1010 Σαρμάτης,

420 1016 511 1058 υἱοῦ
534 1021 694 1073 γνησίου
712 1025 883 1077 γαμετῇ,
919 1026 995 1077 φεῦ
1014 1020 1236 1065 ἀκολάστου
1256 1020 1443 1078 γνώμης]

419 1084 654 1140 μιγνύμενος
673 1087 903 1144 ἀναφανδὸν
922 1087 951 1131 o‘
958 1107 977 1138 ς
993 1088 1136 1132 ἑαυτοῦ
1154 1090 1393 1148 συλλέκτρῳ.

420 1151 565 1205 ἤκουσε
584 1159 700 1197 τοῦτο
719 1156 764 1197 τὸ
787 1155 914 1198 δεινὸν
928 1155 1115 1211 Ἰγνάτιος
1140 1156 1161 1199 ὃ
1185 1157 1321 1213 μέγας,

285 1218 394 1260 5115
418 1217 438 1260 ὃ
457 1226 671 1274 τηνικαῦτα
688 1228 889 1279 κυβερνῶν
910 1223 982 1278 τὴν
999 1226 1189 1277 βασιλίδα
1212 1223 1348 1267 πόλιν·

413 1281 463 1341 ἦν
485 1288 561 1344 γὰρ
582 1289 914 1345 περιλαλούμενον
932 1292 973 1332 ἓν
993 1292 1172 1347 ἀγυιαῖς,
1201 1291 1243 1334 ἓν
1259 1292 1395 1343 οἴκοις,

413 1356 480 1396 καὶ
504 1354 662 1398 πάντων
681 1359 899 1413 περιέτρεχε
919 1358 992 1408 τὰς
1015 1359 1140 1409 ἀκοὰς
1160 1358 1204 1401 τὸ
1226 1357 1367 1412 μύσος.

412 1424 478 1463 καὶ
498 1424 629 1465 τοίνυν
649 1422 886 1480 ἐσωφρόνιζε
906 1425 975 1467 τὸν
1000 1427 1193 1480 Καίσαρα
1210 1426 1279 1465 τὸν
1297 1425 1468 1479 Βάρδαν
1545 1477 1547 1480 v

410 1488 542 1544 λόγοις
555 1522 568 1542 ,
600 1490 839 1548 φοβήτροις,
876 1491 1055 1542 ἀπειλαῖς
1075 1495 1154 1534 τῶν
1169 1495 1399 1545 μελλουσῶν
1419 1491 1623 1546 βασάνων,

275 1555 387 1599 5120
402 1557 636 1612 ἐπέπληττε,
671 1556 899 1615 κατήρτιζεν
907 1590 921 1611 ,
954 1558 1138 1614 ἤλεγχεν,
1173 1559 1384 1610 ἐνουθέτει,

413 1629 546 1666 πᾶσαν
566 1626 679 1668 ἐκίνει
700 1626 883 1680 μηχανὴν
901 1628 956 1676 εἷς
971 1621 1141 1681 ἐκκοπὴν
1156 1630 1229 1668 τοῦ
1247 1624 1420 1675 πάθους.

411 1692 506 1734 ἀλλ’
526 1687 576 1748 ἦν
595 1694 636 1735 ἐν
654 1699 775 1736 πᾶσιν
796 1693 955 1748 ἀληθὴς
974 1692 1000 1748 ἡ
1022 1697 1285 1747 Σολομῶντος
1302 1691 1419 1750 λύρα,

414 1761 581 1815 ἐλέγχειν
602 1761 881 1819 ἀποτρέπουσα
900 1761 995 1813 τοὺς
1011 1765 1431 1818 κακογνωμονοῦντας·

369 1910 404 1933 v.
424 1898 513 1934 5108
536 1912 590 1934 om
616 1900 655 1935 M
819 1901 910 1936 5109
929 1899 1088 1945 θελητὸν
1109 1901 1143 1935 R
1307 1901 1397 1936 5110
1429 1897 1629 1935 ἕκεκύλιστο
1651 1900 1721 1935 AM

368 1944 458 1979 5115
475 1941 614 1989 Ῥώμην
636 1946 700 1980 AR
841 1946 931 1981 5318
962 1944 1116 1990 γέροντα
1136 1946 1176 1981 Μ
1320 1946 1412 1982 5122
1430 1943 1470 1980 ἐν
1491 1943 1671 1989 πνεύματ’
1689 1946 1719 1980 Α

366 1989 457 2025 5123
474 1990 816 2035 κακομηχανοῦντας
835 1991 866 2025 A

276 2116 423 2146 crearet.
470 2113 536 2147 hoc
566 2114 666 2148 modo
695 2114 855 2148 miserum
883 2113 976 2147 illum
1005 2113 1112 2148 solum
1143 2115 1383 2159 desertumque
1409 2117 1548 2156 nactus,
1578 2110 1718 2156 quique,

275 2169 340 2190 ceu
373 2158 472 2202 vulgo
501 2158 570 2192 dici
598 2160 797 2204 consuevit,
823 2159 994 2193 hominum
1024 2159 1229 2193 furiosorum
1257 2171 1350 2193 more
1374 2158 1514 2192 sinistra
1542 2157 1717 2191 dexteram

276 2214 408 2236 manum
427 2204 642 2247 absciderat,
676 2205 733 2239 vel
759 2205 872 2250 potius
901 2204 1001 2250 plane
1033 2206 1099 2238 iam
1120 2205 1274 2238 manibus
1292 2203 1492 2248 spoliatum,
1513 2207 1573 2236 aut
1591 2213 1715 2236 secuu-

273 2249 352 2283 dum
370 2249 572 2291 Aesopicam
600 2249 691 2283 illam
718 2250 867 2284 fabulam
898 2250 954 2284 ovi
987 2250 1137 2284 dementi
1161 2249 1367 2283 consimilem
1397 2250 1544 2291 factum,
1576 2248 1619 2282 de
1643 2246 1717 2292 lupi

274 2292 416 2326 consilio
445 2293 553 2337 pulsis
593 2294 752 2337 canibus,
792 2295 972 2339 imperium
1003 2296 1046 2328 ab
1082 2294 1287 2339 imperatore
1323 2295 1367 2328 ad
1400 2306 1439 2328 se
1470 2293 1715 2337 transferebat,

272 2338 453 2381 omniaque
489 2350 551 2382 pro
584 2339 753 2373 arbitratu
777 2340 880 2373 animi
904 2340 958 2373 sui
981 2341 1126 2383 gerebat
1149 2346 1186 2374 ut
1206 2340 1404 2384 imperator.
1451 2339 1534 2383 quin
1555 2337 1714 2372 etiam'in

270 2383 439 2426 flagitium
470 2382 592 2427 ingens
619 2384 908 2428 provolvebatur,
936 2384 1036 2428 quale
1065 2396 1129 2418 nec
1155 2385 1286 2428 Scytha
1316 2383 1485 2429 quispiam
1513 2395 1577 2418 nec
1605 2381 1715 2417 Persa

272 2441 335 2462 nec
354 2429 512 2462 Sarmata
536 2430 747 2472 designaret.
795 2441 871 2463 nam
890 2441 964 2463 cum
986 2430 1049 2462 filii
1072 2429 1216 2473 coniuge
1241 2430 1345 2474 (proh
1367 2430 1502 2463 foedam
1520 2428 1712 2471 lasciviam)

269 2486 338 2507 non
359 2473 459 2507 aliter
482 2475 728 2508 consuescebat
759 2479 862 2519 atque
886 2474 917 2507 si
943 2475 1013 2508 tori
1034 2474 1177 2518 legitimi
1199 2486 1339 2510 consors
1370 2481 1475 2509 esset.
1523 2474 1588 2508 hoc
1608 2473 1711 2507 terri-

268 2519 338 2553 bile
356 2518 490 2552 facinus
513 2519 573 2553 ubi
596 2531 737 2564 magnus
763 2519 918 2563 Ignatius
947 2519 1004 2553 ille
1034 2519 1222 2563 comperit,
1257 2520 1316 2564 qui
1349 2532 1391 2553 eo
1413 2525 1568 2564 tempore
1589 2530 1712 2553 novam
1756 2556 1759 2558 v

268 2565 408 2598 Romam
432 2565 646 2607 gubernabat
667 2566 761 2608 (erat
778 2564 868 2598 enim
886 2565 1032 2598 omnium
1050 2564 1087 2598 in
1108 2576 1168 2598 ore
1191 2565 1359 2609 piaculum
1377 2565 1489 2608 istud,
1515 2564 1711 2610 passimque

269 2620 333 2654 per
355 2609 504 2653 compita
533 2615 569 2643 et
597 2611 700 2644 aedes
729 2610 958 2653 iactabatur),
980 2610 1128 2643 Bardam
1155 2610 1339 2644 Caesarem
1373 2610 1490 2645 verbis
1519 2610 1712 2653 castigabat

266 2659 389 2689 metum
407 2654 670 2699 incutientibus,
697 2655 842 2689 adiectis
863 2661 1043 2688 secuturae
1064 2654 1158 2688 vitae
1181 2655 1425 2700 suppliciorum
1443 2655 1542 2689 minis
1555 2682 1565 2700 ,
1597 2660 1708 2688 terre-

267 2702 329 2733 bat
353 2700 539 2743 hominem,
574 2700 610 2734 in
639 2701 730 2735 viam
758 2701 966 2744 revocabat,
997 2700 1293 2744 reprehendebat,
1326 2701 1548 2744 admonebat,
1578 2710 1707 2734 omnem

268 2745 454 2778 machinam
483 2745 670 2779 adhibebat
694 2752 733 2780 ut
760 2745 880 2780 malum
907 2745 991 2779 illud
1022 2745 1251 2779 exscinderet.
1299 2747 1359 2780 sed
1379 2746 1467 2780 enim
1484 2756 1601 2779 verum
1634 2749 1709 2777 erat

268 2789 404 2825 omnino
429 2794 571 2826 verbum
601 2791 683 2826 illud
713 2791 925 2835 Solomonis,
947 2790 1006 2836 qui
1030 2796 1127 2826 vetat
1142 2790 1319 2837 improbos
1336 2790 1448 2832 taxari
1466 2796 1503 2826 et
1518 2790 1705 2835 reprehen-
