1864 3242
374 189 470 238 272
637 162 639 164 ’
766 228 769 231 .
888 193 949 237 IN
982 195 1276 239 GEORGIUM

372 304 472 347 tunt,
505 313 547 337 se
575 311 596 336 a
615 297 808 339 michaele
825 299 999 353 proditos
1016 316 1099 340 esse
1117 303 1212 351 rafi3
1245 316 1342 356 quos
1360 302 1418 341 ita,
1431 303 1604 343 turbatos
1623 307 1796 356 aggressi

373 355 511 396 Graeci
528 358 704 394 maxima
725 369 777 393 ex
793 365 902 408 parte
920 358 1104 407 caedunt,
1141 367 1313 397 caeteros
1337 361 1470 412 paucis
1492 363 1666 413 exceptis
1685 362 1796 400 vivos

372 413 550 461 capiunt,
580 413 680 449 inter
698 425 795 464 quos
810 414 1071 465 Peloponnesi
1091 421 1130 452 et
1149 414 1320 452 Achaiae
1336 417 1620 467 princepsafuit.
1675 418 1796 454 aliam

369 464 530 504 huiusce
549 468 730 505 victoriae
749 482 907 506 causam
922 477 1053 508 narrat
1071 469 1350 522 Pachymerius
1370 483 1410 522 p.
1429 473 1481 513 84
1509 474 1548 520 6,
1577 473 1796 524 principem

369 523 518 560 scilicet
545 530 582 560 et
610 524 717 562 illius
745 526 922 576 equitum
949 539 1125 576 proceres
1154 528 1309 564 Ioannis
1333 526 1411 564 filii
1429 525 1632 566 Michaelis
1659 530 1794 567 uxoris

369 589 501 615 amore
527 585 657 629 captos
686 581 896 633 animoque
919 582 1175 634 obsequentes
1200 584 1282 619 vim
1297 583 1441 620 inferre
1459 581 1674 634 pudicitiae
1685 584 1794 622 illius

366 633 408 669 in
432 636 561 672 animo
582 634 778 674 habuisse.
835 650 896 674 res
912 639 1049 674 Ioanni
1078 637 1277 688 displicet,
1309 646 1347 676 et
1381 651 1609 676 aerumnam
1635 650 1795 690 gravem

367 690 555 740 repellere
579 693 765 729 minatur.
822 695 971 744 equites
1002 692 1127 731 ridere
1151 701 1188 730 et
1210 694 1338 732 verbis
1365 695 1484 731 etiam
1503 694 1692 733 lacessere
1713 707 1794 733 non

367 742 562 784 desinunt.
597 748 652 784 sic
668 749 832 786 Ioannes
853 750 1071 800 principem
1091 747 1210 786 trahit
1230 748 1282 787 ad
1300 761 1496 800 pugnam3
1527 749 1623 789 dum
1640 761 1811 801 pugnw„

366 805 430 837 tur
448 803 549 839 iuter
571 816 660 851 eos,
699 816 722 840 a
742 804 898 842 Graecis
921 807 1083 842 victoria
1101 807 1220 843 stetit.
1277 806 1434 843 Siciliae
1457 818 1529 843 rex
1553 818 1644 844 cum
1659 807 1793 857 paucis

365 869 526 894 suorum
550 858 650 895 clam
669 858 819 909 effugit.
848 861 1010 898 Iacobus
1030 863 1230 898 Pomanus
1247 868 1328 899 not.
1348 863 1388 898 in
1407 874 1441 898 c.
1459 862 1487 902 4
1503 861 1573 899 lib.
1598 865 1618 903 1
1639 860 1794 899 Phran—

366 925 434 949 zae
455 916 600 951 mirum
616 916 658 951 in
675 915 837 952 modum
849 917 891 953 in
911 914 973 954 his
988 917 1211 954 nominibus
1233 930 1318 954 sese
1336 917 1523 968 implicat.
1543 918 1794 957 exsolvamus
1861 915 1863 919 ¹

365 981 470 1006 eum.
526 969 596 1007 ubi
622 972 848 1008 asteriscum
874 974 1053 1022 reposui,
1089 974 1279 1022 scriplum
1307 980 1362 1010 est
1381 974 1425 1009 in
1451 972 1602 1010 Graeco
1627 969 1699 1013 τᾶν
1723 975 1794 1024 τῆς

363 1025 544 1074 Σικελίας
558 1026 661 1078 ῥ’ῆγα
679 1027 831 1080 Μαφρέ
851 1028 1013 1064 Siciliae
1030 1041 1159 1078 regem
1178 1027 1452 1078 B‘Iarfiedum.
1503 1030 1680 1079 sequitur
1698 1042 1791 1066 con-

363 1080 527 1117 tinenter
550 1081 617 1121 καὶ
643 1079 710 1122 τὸν
735 1085 806 1134 τῆς
827 1081 1114 1133 Πελοπονήσου
1140 1083 1207 1123 καὶ
1226 1078 1382 1135 ’Λχαΐας
1406 1082 1597 1136 πρίγκιπα
1616 1090 1654 1120 et
1670 1084 1790 1121 Pelo·-

357 1138 497 1184 ponesc‘
520 1144 638 1188 atque
654 1137 839 1175 Achaiae
858 1139 1095 1188 princzpem.
1153 1138 1380 1176 Demeudus
1405 1145 1464 1176 est
1486 1140 1711 1188 asteriscus,
1750 1146 1790 1177 et

362 1192 479 1228 verba
503 1193 558 1229 ita
586 1200 630 1230 ut
656 1194 784 1230 iacent
810 1195 851 1230 in
875 1201 990 1230 textu
1018 1193 1264 1244 reponenda,
1302 1195 1338 1232 α’
1369 1195 1573 1231 veritatem
1605 1193 1790 1233 historiae

359 1248 555 1284 volumus.
613 1249 756 1285 similia
774 1250 968 1298 Gregorae
998 1250 1116 1286 verba
1144 1262 1260 1299 supra
1276 1250 1478 1299 posuimus
1496 1261 1581 1300 cap.
1601 1251 1669 1290 79.
1725 1263 1791 1288 se-

361 1304 493 1352 quitur
507 1305 733 1343 ,Pontanusz
771 1304 1013 1355 Manfi‘ecltos
1032 1304 1222 1341 Friderici
1238 1305 1400 1342 secundi
1415 1318 1460 1341 ex
1470 1304 1738 1354 pellic-ofilius
1756 1314 1793 1343 et

365 1358 526 1395 Siciliae
542 1372 625 1404 rex,
662 1360 851 1409 quomodo
871 1361 1005 1410 potuit
1031 1373 1109 1397 esse
1125 1374 1247 1411 gener
1265 1360 1446 1410 despotae
1460 1361 1578 1411 Epiri
1601 1367 1636 1398 et
1658 1374 1685 1398 a
1702 1363 1792 1399 Mi-

359 1413 492 1450 chaele
512 1415 751 1466 Palaeologo
771 1417 878 1465 capi,
908 1430 1022 1466 quem
1047 1416 1211 1453 Carolus
1231 1416 1391 1453 Galliae
1409 1429 1476 1453 rex
1495 1417 1538 1453 in
1551 1416 1703 1466 praelio
1725 1419 1792 1454 in·-

357 1469 526 1519 tezseec‘t,
554 1478 599 1507 ut
617 1479 758 1508 narrat
782 1472 950 1508 ῚῚιοηιαε
967 1470 1149 1509 Fazellus
1166 1485 1296 1508 rerum
1321 1472 1548 1510 Sicularum
1561 1472 1714 1509 Deead.
1738 1474 1790 1515 12

358 1524 429 1562 lib.
452 1528 495 1571 8,
524 1527 702 1577 equidem
721 1541 799 1564 non
819 1528 943 1564 video.
1003 1526 1184 1564 viderunt
1206 1529 1275 1579 qui
1297 1541 1380 1564 rem
1400 1529 1613 1566 accuratius
1634 1530 1790 1566 exami-

357 1589 511 1619 narunt.
570 1595 619 1619 an
644 1585 698 1620 ita
719 1583 886 1620 arduum
909 1584 1026 1620 fuerit
1051 1582 1254 1634 despotam
1279 1585 1391 1634 Epiri
1409 1582 1612 1621 manfredo
1624 1585 1788 1622 ,Siciliae

357 1639 440 1687 regi
459 1644 497 1675 et
514 1639 746 1689 Peloponesi
765 1647 804 1676 et
819 1638 989 1676 Achaiae
1008 1640 1174 1690 principi
1196 1640 1392 1677 Gulielmo
1420 1639 1520 1676 filias
1547 1651 1641 1677 suas.
1664 1640 1788 1676 collo-

357 1706 464 1731 casse
482 1695 524 1731 in
547 1694 870 1733 matrimonium?
904 1702 943 1732 et
959 1702 1091 1732 tamen
1109 1696 1334 1743 collocavit,
1365 1696 1399 1732 si
1417 1695 1664 1745 Acropolitae
1688 1696 1788 1732 Gre-

356 1761 472 1798 gorae
493 1748 694 1787 Phranzae
707 1750 803 1788 fides
820 1750 1042 1788 adhibenda
1061 1757 1131 1798 est,
1153 1757 1191 1787 et
1213 1764 1305 1788 saue
1327 1749 1507 1787 adhiberi
1528 1749 1656 1788 debet.
1685 1749 1787 1789 adde

356 1806 475 1841 etiam
495 1804 752 1857 Pachymerio
771 1819 811 1858 p.
832 1809 886 1847 82
913 1807 981 1847 21.
1040 1820 1088 1842 en
1105 1808 1238 1858 itaque
1260 1805 1455 1858 quomodo
1474 1805 1700 1844 Maufredus
1719 1807 1786 1844 Si-

355 1861 467 1897 cane
493 1874 565 1898 rex
591 1869 629 1898 et
654 1863 888 1913 Peloponesi
915 1863 1096 1913 princeps
1127 1864 1262 1912 generi
1291 1860 1494 1899 Michaelis
1523 1862 1648 1899 fuere.
1715 1861 1786 1900 sed

354 1916 580 1954 Manfredus
600 1918 826 1956 interfectus
845 1918 920 1955 fuit
940 1931 961 1953 a
981 1919 1131 1955 Carolo.
1174 1917 1270 1969 quid
1286 1924 1372 1954 tum
1381 1916 1401 1955 ’Ξ
1430 1930 1510 1954 nou
1528 1919 1652 1968 potuit
1673 1925 1786 1955 ante-

355 1984 474 2023 quam
502 1974 806 2022 interficeretur,
848 1986 1015 2010 uxorem
1050 1973 1190 2010 ducere
1220 1980 1258 2010 et
1288 1986 1409 2023 gener
1437 1971 1641 2012 Michaelis
1671 1972 1783 2011 esse?

350 2035 480 2065 narret
501 2028 694 2081 quidquid
712 2030 807 2068 velit
827 2030 1017 2076 Fazessus,
1043 2030 1206 2067 oculatis
1224 2031 1307 2080 ipse
1326 2029 1488 2066 testibus
1506 2031 1632 2080 magis
1653 2028 1782 2066 credo.

353 2083 463 2120 addit
488 2086 710 2133 Pomanus,
751 2087 910 2122 omniuo
940 2085 1042 2135 fugit
1069 2087 1166 2122 ratio
1198 2086 1560 2135 protovestiarium‚
1598 2091 1637 2122 et
1662 2085 1783 2122 alium

354 2141 556 2177 nominare
579 2142 703 2178 voluit
728 2148 794 2178 aut
814 2140 961 2178 debuit.
1018 2139 1088 2177 sed
1110 2139 1184 2178 hoc
1209 2139 1456 2191 probandum
1481 2147 1583 2186 erat,
1620 2146 1659 2176 et
1684 2142 1781 2177 ratio

352 2206 422 2244 pro
444 2198 738 2245 protovestiario
760 2204 847 2245 stat,
872 2210 946 2233 nec
970 2197 1091 2233 alium
1109 2198 1310 2234 nominare
1327 2197 1452 2234 voluit
1470 2202 1536 2232 aut
1558 2194 1712 2244 debuit,
1748 2198 1782 2233 si

352 2253 494 2288 mentis
512 2265 591 2288 nou
617 2252 846 2303 desipiebat.
902 2254 1003 2290 Am„

461 2319 502 2356 p.
527 2308 606 2347 178
627 2321 665 2344 v.
683 2311 723 2348 2.
780 2304 905 2358 ἑάλω]
935 2306 1214 2358 Pachymerius
1237 2307 1307 2344 lib.
1332 2309 1358 2347 2
1386 2320 1426 2356 p.
1448 2306 1526 2345 106
1562 2307 1623 2347 16,
1679 2307 1779 2344 Am„

462 2375 502 2412 p.
526 2365 602 2402 179
625 2375 664 2399 v.
686 2363 726 2403 5.
782 2365 823 2399 in
858 2365 1034 2414 equitum
1063 2375 1225 2399 numero
1250 2363 1418 2399 multum
1443 2362 1546 2398 inter
1569 2374 1612 2398 se
1637 2360 1780 2399 distant

351 2418 572 2467 Acropolita
612 2423 650 2454 et
685 2416 978 2468 Pachymerius.
1035 2418 1259 2468 Acropolita
1296 2430 1376 2454 non
1406 2417 1508 2453 ultra
1545 2418 1780 2468 quingentos

329 2489 333 2493 ¹
353 2474 547 2523 agnoscit,
576 2472 856 2525 Pachymerius
877 2473 928 2510 ad
945 2475 1019 2510 tria
1035 2474 1144 2509 milia
1163 2471 1351 2510 extendit.
1408 2474 1509 2509 Am„

462 2528 514 2566 ib.
542 2542 579 2566 v.
604 2531 643 2569 9.
699 2527 772 2581 τήν
794 2532 925 2569 πᾶσαν
948 2525 1074 2568 αὐτοῦ
1099 2525 1304 2580 στρατιὰν]
1334 2526 1614 2579 Pachymerius
1641 2524 1712 2568 τᾶν
1737 2526 1780 2568 δέ

349 2597 392 2637 γε
411 2585 601 2637 πρίγκιπα
621 2581 713 2625 ὅλον
733 2581 808 2636 εἶχε
828 2582 901 2624 σῦν
919 2588 1000 2631 τοῖς
1019 2580 1313 2636 στρατεύμασιν.
1369 2585 1470 2621 Am„

459 2652 498 2690 p-
524 2642 597 2680 181
620 2654 656 2680 v.
677 2642 742 2681 12.
801 2640 927 2681 ἕωθεν
947 2638 1009 2691 δὲ]
1041 2641 1231 2689 Gregoras
1250 2652 1289 2689 p.
1308 2639 1362 2680 74
1389 2641 1456 2679 21.
1513 2639 1613 2676 Au..

463 2694 516 2732 ib.
541 2708 580 2732 v.
603 2698 666 2736 16.
725 2695 749 2737 ὅ
775 2695 848 2748 μὲν
876 2691 950 2736 οὖν
977 2692 1098 2743 νόθος
1126 2692 1237 2746 υἴὸς]
1279 2693 1327 2732 de
1353 2692 1430 2732 hoc
1451 2696 1597 2732 Ioanne
1622 2690 1779 2745 Pachy-

352 2752 465 2788 merii
491 2751 608 2788 verba
635 2765 751 2803 supra
779 2751 1029 2789 adduximus.
1085 2752 1186 2788 Am„

460 2806 512 2844 ib.
537 2819 574 2844 v.
598 2810 663 2850 18.
720 2807 745 2848 ὅ
766 2807 808 2848 δὲ
827 2810 995 2862 πρίγκιψ
1013 2803 1187 2858 Ἀχαῖὰς]
1217 2804 1412 2858 quomodo
1435 2811 1568 2856 postea
1593 2809 1777 2854 occupata
