1832 3250
458 169 830 216 COMPENDIUM
868 169 1216 216 CHRONICUM.

130 285 238 331 1375
259 286 328 329 καὶ
349 287 428 336 τῶν
444 282 580 327 Ἰνδῶν
597 288 681 334 τοῖς
700 282 867 337 α’ίμασιν
885 279 1134 340 ἦρῦθρωσαν
1153 277 1343 340 ἀροῦρας,

262 356 330 397 καὶ
346 357 419 396 τοῦ
437 350 708 409 Σκαμάνδρου
726 351 800 402 τὰς
817 350 915 408 ῥοὰς
933 353 1134 407 ἓφοίνιξαν
1157 357 1240 402 τοῖς
1261 350 1443 411 λύθροις.

322 421 400 464 Ἔν
413 419 570 474 τούτοις
587 413 660 463 οὖν
678 420 895 473 κατέλαβεν
917 417 943 474 ἦ
962 423 1041 460 τῶν
1062 417 1337 474 ἀναθημάτων

259 495 344 541 τοῖς
353 488 526 545 ’Ἕλλησι
546 486 777 546 πανήγυρις,
804 486 908 530 ἀλλὰ
927 488 994 529 καὶ
1017 493 1100 536 τοῖς
1115 486 1354 546 βαρβάροις,

261 559 327 600 καὶ
346 562 468 600 πᾶσιν
484 551 533 612 ἦν
555 556 742 611 ἀνακωχὴ
762 555 946 610 πολέμων
970 556 1037 597 καὶ
1059 554 1264 608 καμάτων.

128 627 236 668 1880
257 627 323 668 καὶ
344 625 394 681 δὴ
411 625 584 683 στρατὸς
596 623 808 681 Ἐλλήνιος
827 625 892 667 καὶ
915 623 961 666 τὸ
990 627 1070 666 τῶν
1093 621 1248 680 Τρώων
1269 629 1422 680 σμῆνος

258 692 446 749 ἀλλήλοις
462 695 714 749 ἕπεμίγνυπο
738 695 886 750 πρᾶξαι
911 692 1038 747 μηδὲν
1058 694 1295 744 τολμῶντες.

258 756 308 817 ἦν
331 763 375 804 δὲ
391 762 487 813 ναὸς
501 761 579 819 πρὸ
600 766 680 804 τῶν
697 766 837 815 τειχῶν
854 765 926 816 τῆς
944 758 1213 816 καλλιπύργου
1236 762 1400 817 Τροίας,

258 827 360 872 ἔνθα
383 832 569 884 θαμίζων
580 829 783 884 Ἀχιλλεὺς
803 827 879 871 εἶδε
897 828 969 884 τὴν
986 829 1220 883 Πολυξένην

221 915 227 923 ‘
258 899 325 941 καὶ
342 897 412 941 τὸν
427 897 580 956 πυρσὸν
596 901 670 941 τοῦ
687 897 788 954 πρὸς
801 897 926 952 αὐτὴν
946 896 1092 954 ἔρωτος
1115 897 1341 952 ἓπανῆψεν·

125 968 232 1010 1385
257 967 299 1008 ἓν
319 964 478 1024 λύτροις
493 966 571 1024 γὰρ
590 973 674 1019 τοῖς
682 965 880 1023 ’Έκτορος
899 965 1025 1020 αὐτὴν
1048 964 1308 1022 προεωράκει,

255 1035 322 1076 καὶ
346 1042 558 1090 κατασχεῖν
580 1032 799 1088 δυνάμενος
813 1033 924 1088 ὅμως
945 1034 1017 1076 οὐκ
1034 1032 1263 1089 ἠβουλήθη.

252 1100 341 1145 τότε
367 1103 412 1145 δ’
436 1101 491 1154 ὡς
514 1101 614 1147 εἶδεν
634 1102 776 1155 ἔπαθε,
805 1104 872 1145 καὶ
893 1106 952 1160 τῷ
972 1103 1092 1159 πατρὶ
1117 1100 1300 1162 Πριάμῳ

253 1168 397 1226 λόγους
413 1171 606 1214 ἐπέστειλε
625 1173 751 1227 ζητῶν
774 1173 830 1221 εἷς
855 1169 984 1227 γάμον
1001 1171 1249 1226 Πολυξένην.

256 1236 278 1280 ὅ
299 1240 343 1282 δὲ
357 1242 728 1296 συγκατατίθεσθαι
744 1241 870 1295 δῆθεν
890 1244 1177 1296 προσεποιεῖτο,

124 1308 231 1349 1390
254 1308 320 1349 καὶ
343 1312 471 1351 ταῦτα
490 1307 624 1359 δόλοις
646 1307 842 1366 ἔπραττον
862 1308 1079 1364 Δηΐφοβος
1100 1309 1166 1349 καὶ
1188 1304 1339 1365 Πάρις.

255 1373 311 1426 ὥς
325 1370 398 1418 οὖν
421 1378 610 1431 εἷσῆλθον
631 1378 686 1427 εἷς
702 1376 799 1418 ναὸν
810 1375 1058 1426 Ἀπόλλωνος
1070 1375 1258 1418 Ἀλσαίου

254 1442 389 1500 ὅρκοις
403 1442 773 1499 κατεμπεδώσοντες
786 1443 836 1486 τὰ
859 1445 946 1499 περὶ
961 1444 1206 1497 Πολυξένης,

253 1510 275 1554 ὃ
297 1513 370 1566 μὲν
386 1513 608 1570 ΔηΐφοβοςΥ
621 1511 808 1569 προσφὺς
828 1512 953 1568 ἐφίλει
973 1510 1042 1553 τὸν
1061 1512 1246 1565 Πηλέως,

255 1582 375 1637 φίλης
386 1581 559 1637 νυμφίον
580 1580 758 1636 ἀδελφῆς
779 1579 901 1622 αὐτὸν
922 1578 1218 1633 κατονομάζων,

121 1648 227 1691 1395
253 1649 367 1704 ἔγγὺς
386 1649 430 1690 δὲ
450 1648 549 1699 στὰς
558 1647 817 1704 Ἀλέξανδρος
836 1644 1019 1702 ἐπήνεγκε
1041 1648 1215 1703 καιρίαν,

253 1718 319 1758 καὶ
342 1715 495 1771 πλήξας
512 1714 731 1773 ὑπεξέφυγε
754 1714 856 1769 μετὰ
879 1719 952 1758 τοῦ
975 1713 1207 1772 Δηϊφόβου.

251 1780 274 1826 ὃ
298 1784 340 1826 δ’
357 1784 559 1839 Ἀχιλλεὺς
577 1785 828 1838 κατενεχθεὶς
849 1789 991 1834 πνοαῖς
1008 1777 1057 1839 ἦν
1073 1785 1114 1825 ἓν
1135 1779 1336 1837 ἐσχάταις.

1502 169 1567 216 61

1590 976 1688 1014 Ρ29

1586 1790 1616 1825 Β

209 1905 299 1940 1377
320 1901 360 1940 δὲ
381 1903 489 1938 MRR.
640 1902 728 1938 1378
750 1901 827 1936 τῶν
846 1899 1050 1948 βαρβάρων
1070 1900 1168 1936 ARR
1306 1899 1392 1936 1381
1417 1900 1565 1935 τελοῦν-

208 1962 268 1990 τες
287 1951 322 1985 R
423 1949 512 1984 1384
530 1944 729 1994 ’ὖπανῆψεν
749 1948 822 1982 MR
903 1949 992 1982 1388
1012 1945 1197 1982 ἐπέστελλε
1218 1946 1285 1982 RR
1364 1947 1455 1981 1392
1476 1958 1564 1981 κατ·

206 1993 481 2040 εμπεδοίσαντες
501 1993 600 2030 ARR
736 1993 825 2029 1394
847 1989 998 2037 εὐνέτην
1015 1993 1050 2028 R

114 2100 248 2135 demum
266 2097 460 2134 hominibus
477 2096 586 2131 aciem
604 2100 852 2142 opposuerunt,
870 2096 1101 2140 Indorumque
1120 2093 1287 2138 sanguine
1301 2097 1429 2129 terram
1445 2093 1560 2128 tinxe-

113 2150 207 2189 runt,
232 2150 271 2179 ut
290 2156 332 2178 ea
348 2145 492 2179 ruberet
511 2155 553 2177 ac
575 2143 653 2188 ipsa
676 2143 817 2177 flumina
837 2142 1039 2175 Scamandri
1063 2152 1165 2175 cruor
1187 2152 1361 2186 purpurea
1384 2141 1562 2175 redderet.

203 2191 260 2225 Eo
287 2196 444 2234 tempore
473 2190 599 2223 festum
622 2188 842 2223 donariorum
866 2189 1075 2232 appetebat,
1106 2187 1199 2231 quod
1218 2192 1288 2220 tam
1311 2186 1442 2220 Graeci
1463 2197 1565 2231 quam

111 2236 255 2272 barbari
283 2235 519 2270 celebrabant.
566 2234 685 2279 itaque
706 2235 820 2268 factae
840 2239 921 2267 sunt
947 2232 1106 2267 induciae
1133 2231 1298 2266 bellorum
1325 2243 1367 2266 ac
1395 2232 1564 2267 laborum.

85 2309 94 2315 ε
137 2282 238 2317 uibus
258 2281 461 2316 durantibus
484 2281 697 2315 Graecorum
720 2286 754 2315 et
779 2279 1010 2314 Troianorum
1031 2278 1153 2323 copiae
1179 2279 1402 2312 ostentabant
1425 2290 1464 2312 se
1480 2277 1564 2322 -qui-

111 2294 190 2363 dem
214 2333 343 2371 mutuo,
365 2327 428 2361 sed
451 2325 536 2360 nihil
557 2326 669 2359 moliri
690 2331 811 2359 contra
828 2337 867 2359 se
890 2324 1038 2358 invicem
1060 2325 1247 2358 audebant.
1294 2322 1456 2367 templum
1477 2335 1564 2358 vero

112 2374 283 2419 quoddam
301 2378 378 2406 erat
395 2378 476 2407 ante
495 2371 637 2405 Troiam
661 2371 813 2416 pulchris
839 2375 994 2404 ornatam
1019 2369 1192 2413 turribus,
1213 2369 1250 2402 in
1273 2380 1342 2414 quo
1361 2371 1565 2414 frequenter

112 2430 256 2453 versans
285 2417 436 2452 Achilles
461 2416 672 2460 Polyxenam
698 2416 789 2451 vidit
816 2421 852 2451 et
876 2415 1013 2450 ardenti
1041 2415 1115 2449 eius
1144 2426 1260 2449 amore
1289 2420 1470 2459 correptus
1494 2419 1561 2450 est.

111 2463 241 2519 quippe
261 2468 491 2508 conspexerat
517 2475 613 2506 eam,
636 2463 833 2508 priusquam
858 2461 992 2496 Hector
1013 2461 1260 2502 redimeretur;
1287 2460 1346 2494 ubi
1371 2471 1446 2495 cum
1470 2460 1562 2495 illam

110 2514 264 2544 retinere
281 2508 465 2555 potuisset,
486 2520 555 2542 non
570 2514 685 2543 tamen
702 2507 738 2543 id
757 2509 874 2542 facere
890 2507 1012 2542 voluit.
1060 2512 1097 2541 at
1114 2507 1174 2540 ubi
1191 2511 1274 2540 tunc
1292 2518 1366 2540 eam
1389 2506 1562 2552 adspexit,

111 2554 208 2589 affici
227 2555 353 2600 coepit,
375 2553 582 2599 Priamoque
600 2555 693 2599 patri
710 2553 929 2588 denuntiavit
949 2565 987 2587 se
1005 2551 1217 2596 Polyxenam
1235 2563 1376 2586 uxorem
1399 2564 1560 2597 poscere.

110 2600 268 2634 Priamus
286 2600 448 2634 assentiri
463 2611 502 2634 se
522 2599 717 2644 simulabat,
734 2599 918 2645 Deiphobo
941 2604 977 2633 et
997 2598 1125 2632 Paride
1147 2598 1288 2632 fraudes
1308 2597 1411 2632 hasce
1431 2598 1561 2632 machi-

110 2645 286 2680 nantibus.
333 2657 439 2691 quare
459 2657 534 2679 cum
560 2646 827 2690 ingrederentur
848 2645 884 2678 in
907 2644 1076 2690 Apollinis
1099 2643 1245 2689 Alphaei
1269 2644 1405 2687 fanum,
1427 2643 1559 2679 iureiu-

110 2691 220 2726 rando
237 2701 276 2724 se
301 2690 500 2725 obstrieturi
520 2690 556 2724 in
581 2703 684 2725 causa
705 2691 917 2735 Polyxenae,
937 2691 1140 2735 Deiphobus
1162 2689 1259 2724 Pelei
1280 2689 1385 2723 filium
1407 2689 1558 2734 comple-

111 2747 175 2770 xus
191 2734 421 2779 osculabatur,
438 2748 539 2771 carae
557 2737 687 2771 sororis
705 2736 798 2771 illum
813 2747 975 2781 sponsum
994 2735 1211 2781 appellando,
1232 2735 1428 2770 Alexander
1444 2741 1557 2769 autem

109 2793 220 2827 prope
243 2781 382 2814 adstans
404 2781 506 2816 letale
526 2782 650 2817 vulnus
669 2783 816 2824 inflixit3
840 2793 909 2828 quo
931 2781 1027 2816 illato
1052 2792 1120 2816 una
1143 2793 1217 2816 cum
1240 2780 1425 2826 Deiphobo
1443 2781 1480 2814 in
1499 2782 1555 2814 fu-

109 2839 187 2872 gam
201 2838 241 2860 se
258 2826 443 2872 proripuit.
488 2828 638 2863 Achilles
655 2828 825 2874 collapsus
845 2833 1033 2863 extremam
1047 2828 1176 2874 agebat
1189 2826 1347 2863 animam.
1394 2827 1430 2862 id
1448 2826 1555 2871 Ulys-
