1924 3242
758 162 1017 208 ANNALES.
1553 165 1616 210 33

172 273 491 333 §waffl'fflm
510 276 590 316 τῶν
613 271 857 330 ἀναγκαίων,
901 281 981 319 τῶν
999 276 1041 319 δ’
1067 274 1267 334 ἧμετέρων
1286 276 1468 333 ἐκστῆναι
1491 281 1616 332 σεβα-

157 339 336 397 -ᾳμᾶῐων
364 341 441 383 καὶ
453 339 772 398 θρησκευμάτων
791 347 871 385 τῶν
892 343 1100 387 ἀδυνάτων
1118 342 1247 402 πάντῃ
1266 346 1519 401 καθ-ἕστηκεν.
1590 346 1618 401 ἢ

171 413 268 467 γοῦν
295 411 418 451 λῦσον
444 407 540 464 ἡμῖν
569 410 620 452 τὰ
649 408 869 453 ἐπελθόντα
898 411 1026 464 δεινά,
1069 412 1096 468 ἢ
1123 412 1224 469 ἄφες
1245 412 1300 463 ὡς
1320 415 1555 471 ἐλευθέρους
1574 415 1617 456 ἓν

163 478 256 528 ’τοῖς
273 477 495 533 ῖθαγενέσιν
513 477 732 535 ἀφῖχθαι.»
801 479 917 521 ταῦτ’
943 477 1063 531 εἶπον,
1098 481 1275 531 κάκεῖνος
1297 482 1354 536 μὴ
1375 481 1619 536 βουλόμενος

0 563 29 598 ῑ
138 545 214 593 Ιὲν
244 543 425 602 στερήσει
451 546 636 601 γενέσθαι
665 544 866 589 τοσούτων
894 550 1027 589 καλῶν
1047 547 1241 602 κάγαθῶν
1262 548 1490 606 ἀνθρώπων
1500 582 1514 602 ,
1548 552 1615 593 καὶ
1638 559 1668 594 C

171 612 338 664 ἄκοντος
352 617 426 655 τοῦ
444 615 650 670 εῗρημένου
666 613 831 671 λεγάτου
852 613 946 665 τούς
964 632 1006 657 τε
1026 615 1149 665 ναοὺς
1170 616 1325 672 ἀνέῳξε,
1346 622 1412 659 καὶ
1425 618 1519 668 τούς
1532 617 1619 661 ὅσοι

171 687 259 732 ταῖς
279 683 452 740 εἶρκταῖς
465 676 571 737 ἦσαν
594 684 871 738 κατισχημένοι
886 681 1088 737 μοναχούς
1110 700 1157 725 τε
1172 685 1238 724 καὶ
1257 684 1370 741 ἷερεῖς
1389 685 1618 738 ἇπολέλυκε,

171 751 238 792 καὶ
256 749 326 792 τὸν
346 749 600 804 κατασχόντα
618 740 705 794 τότε
724 751 798 805 τὴν
815 752 1119 794 Κωνσταντίνου
1142 749 1325 793 κλύδωνα
1347 752 1617 809 κατεστόρεσε.
1670 762 1678 768 ”

2 838 30 869 ἐς
160 819 310 859 πολλοὶ
331 818 374 860 δὲ
392 822 473 860 τῶν
492 823 682 872 μοναχῶν
703 818 950 876 προεξιόντες
969 823 1043 874 τῆς
1055 821 1362 861 Κωνσταντίνου
1384 825 1442 877 τῷ
1461 825 1624 873 βασιλεῖ

115 897 160 932 10
174 883 375 943 Θεοδώρῳ
395 890 651 942 προσῆλθον,
698 889 765 929 καὶ
795 887 932 937 αὐτοῖς
959 885 1171 944 προστάξει
1202 885 1346 930 τούτου
1376 890 1496 942 μοναὶ
1520 889 1620 945 πρὸς

167 954 398 1008 καταμονὴν
418 954 676 996 ἔπιόέδονται.
745 956 811 997 καὶ
842 954 1103 1012 πρεσβύτεροι
1138 955 1181 997 δὲ
1212 955 1312 1012 πρὸς
1342 956 1415 1010 τὴν
1443 957 1619 999 Νίκαιαν

103 1076 105 1079 ⁴
167 1019 351 1072 ἀπιόντες
384 1022 423 1063 οἷ
452 1022 526 1076 μὲν
559 1027 618 1080 τῷ
649 1028 928 1081 πατριαρχικιῇ
961 1022 1095 1080 κλήρῳ
1117 1024 1456 1079 συγκατελέγησαν
1466 1056 1479 1075 ,
1515 1025 1552 1066 οἳ
1577 1025 1620 1067 δὲ

165 1091 294 1140 θείοις
319 1091 643 1144 ἔνασμενίσαντες
663 1097 747 1142 τοῖς
769 1098 906 1146 σηκοῖς
928 1092 1149 1148 ἐλευθέρως
1170 1092 1355 1145 ἐβίωσαν.
1424 1094 1491 1134 καὶ
1515 1091 1620 1134 οὕτω

165 1159 238 1211 μὲν
268 1156 434 1214 ἐγεγόνει
462 1163 591 1202 ταῦτα
622 1159 734 1216 παρὰ
756 1164 829 1202 τοῦ
847 1158 935 1202 τότε
959 1158 1243 1214 βασιλεύοντος
1265 1164 1338 1214 τῆς
1360 1161 1618 1204 Κωνσταντί-
1641 1180 1674 1215 Ῑ)

113 1233 156 1270 15
167 1242 237 1268 νου
257 1226 394 1283 Ἐρρῆ.

307 1293 382 1338 18.
451 1291 609 1336 Τούτου
635 1295 679 1336 δὲ
699 1294 1005 1350 τελευτήσαντος
1031 1294 1052 1337 ὃ
1085 1295 1260 1352 ἀδελφὸς
1285 1295 1412 1338 αὐτοῦ
1427 1295 1621 1354 Ῥομπε’ρ-

165 1378 235 1412 τος
250 1358 538 1419 μαλακώτερον
556 1363 699 1419 ε’χρᾶτο
724 1369 807 1412 τοῖς
826 1361 1046 1419 πράγμασι.
1115 1362 1258 1405 τούτου
1280 1363 1353 1418 τὴν
1373 1364 1550 1420 ἀδελφὴν
1569 1367 1624 1415 εἷς

154 1429 341 1485 γαμετὴν
363 1428 515 1486 εῖλήφει
537 1428 558 1471 ὅ
575 1428 777 1484 βασιλεύς.
847 1431 894 1472 οὗ
917 1432 1057 1472 πολλοὶ
1077 1435 1293 1486 παρῆλθον
1314 1433 1489 1473 ἐνιαυτοί
1497 1463 1510 1483 ,
1555 1435 1623 1475 καὶ

164 1498 246 1539 ἐπεὶ
269 1495 290 1539 ὃ
313 1501 385 1551 τῆς
399 1496 860 1548 Κωνσταντινουπόλεως
879 1498 1069 1552 βασιλεὺς
1091 1497 1333 1555 Ῥομπέρτος
1362 1499 1434 1541 οὐκ
1465 1499 1623 1556 ἔφθασε

109 1566 379 1621 ΞΟσυζυγῆναι
400 1566 560 1620 γυναικί
562 1597 587 1617 ,.
612 1563 847 1622 παράνομόν
864 1583 902 1607 τι
923 1570 1088 1622 πρᾶγμα
1109 1565 1371 1620 βεβούλευται
1394 1566 1415 1609 ὅ
1434 1568 1625 1621 βασιλεὺς

166 1631 471 1690 διαπράξασθαι
484 1646 495 1657 ·
530 1633 592 1674 ἐπὶ
613 1632 690 1689 γὰρ
710 1637 761 1689 τῇ
779 1635 952 1690 θυγατρὶ
975 1634 1101 1675 αὐτοῦ
1117 1634 1295 1692 Εὖόοκίᾳ
1316 1636 1625 1691 προσλαβέσθαι

164 1702 321 1754 τουτονὶ
341 1700 524 1757 γαμβρὸν
547 1698 771 1757 ᾑρετίσατο.
840 1700 957 1743 ἔνθεν
985 1718 1048 1743 τοι
1077 1703 1144 1743 καὶ
1167 1701 1249 1757 ἔρις
1269 1703 1312 1743 ἐκ
1338 1707 1411 1744 τοῦ
1431 1702 1518 1745 τότε
1544 1721 1623 1745 πα-

164 1772 451 1827 τριαρχοῦντος
475 1769 681 1824 ΙΠανουὴλ
715 1772 784 1827 τῷ·
802 1772 967 1822 βασιλεῖ
994 1767 1233 1824 ’ξυμβεβήκει
1245 1801 1258 1822 ,
1301 1770 1402 1824 μηδ’
1441 1769 1544 1821 ὅλως
1573 1775 1624 1828 τῇ

253 1886 277 1922 7
298 1885 454 1930 μοναχοί
473 1885 506 1920 D
607 1887 630 1922 8
651 1884 713 1920 καὶ
735 1884 804 1922 τὸν
820 1905 866 1912 —-
881 1883 1118 1930 κατεστόρεσε
1142 1896 1196 1919 om
1217 1885 1249 1919 D
1342 1887 1365 1921 9
1388 1887 1622 1921 Κωνσταντι-

253 1929 465 1971 νουπόλεως
485 1931 518 1965 D
680 1934 724 1966 10
746 1932 944 1976 προσίεσαν
965 1932 998 1966 D
1154 1929 1250 1975 πρὸς
1273 1931 1487 1977 καταμονὴν
1511 1945 1564 1966 om
1587 1933 1619 1966 D

255 1978 298 2011 11
333 1973 547 2011 ἐπεδίδοντο
571 1977 603 2011 D
720 1978 763 2012 13
785 1978 905 2018 θείοις
927 1980 1032 2017 ναοῖς
1055 1975 1178 2020 ἐνασμ.
1204 1975 1325 2012 ἐλευθ.
1346 1977 1381 2011 D
1494 1977 1557 2013 καὶ
1576 1997 1621 2004 -

254 2023 300 2058 16
320 2020 473 2067 τούτου]
495 2022 563 2057 τοῦ
584 2019 693 2067 Ἐρρῆ
709 2022 754 2056 D.

162 2133 255 2158 arma
270 2134 393 2170 capere
408 2133 546 2157 necesse
563 2126 632 2157 est:
662 2126 698 2157 at
718 2123 844 2158 nostris
867 2123 987 2158 ritibus
1013 2125 1048 2157 et
1071 2122 1287 2158 caeremoniis
1311 2124 1350 2156 ut
1375 2121 1530 2157 cedamus
1544 2121 1620 2157 fieri

162 2168 294 2204 omnino
310 2169 436 2214 nequit.
490 2173 548 2203 aut
573 2169 688 2212 itaque
712 2180 773 2203 nos
795 2170 840 2202 ab
867 2169 999 2213 urgenti
1022 2169 1214 2203 discrimine
1237 2168 1363 2211 libera,
1390 2174 1449 2202 aut
1464 2174 1620 2213 tanquam

162 2213 276 2249 liberis
291 2214 334 2249 ad
348 2214 525 2259 indigenas
541 2214 715 2248 aditionem
732 2214 821 2248 dato.
832 2211 854 2224 '’
901 2216 950 2248 sic
971 2215 1088 2248 locuti.
1135 2214 1192 2247 ille
1213 2225 1287 2247 cum
1312 2219 1365 2248 tot
1390 2214 1504 2259 probis
1530 2214 1620 2258 opti-

162 2259 292 2314 misque
305 2260 386 2294 viris
401 2259 526 2306 privari
540 2260 659 2302 nollet,
685 2260 783 2293 etiam
798 2260 904 2294 invito
921 2261 1033 2303 iegato
1050 2260 1176 2305 templa
1191 2259 1378 2302 reseravit,
1401 2259 1542 2293 vinculis
1560 2269 1619 2292 cu-

163 2305 349 2350 studiisque
363 2307 544 2339 monachos
561 2316 600 2338 ac
616 2306 809 2350 sacerdotes
826 2306 999 2344 iiber-avit,
1035 2309 1070 2339 et
1086 2309 1318 2349 tempestatem
1329 2330 1339 2346 ‚
1363 2315 1431 2348 qua
1446 2309 1526 2338 tunc
1544 2305 1618 2348 By-

164 2350 310 2384 zantium
323 2351 531 2395 iactabatur,
555 2351 699 2384 sedavit.
748 2351 841 2384 multi
858 2363 939 2385 vero
957 2363 998 2384 ex
1015 2351 1200 2393 monachis,
1226 2355 1403 2394 antequam
1420 2350 1501 2383 haec
1517 2361 1618 2394 gere-

163 2398 300 2438 rentur,
324 2395 354 2430 C
379 2396 423 2430 oli
438 2397 639 2431 excedentes
654 2396 698 2430 ad
714 2396 947 2441 imperatorem
961 2396 1177 2430 Theodorum
1194 2395 1451 2440 commigrarunt
1462 2421 1472 2437 ,
1496 2396 1618 2440 quibus

163 2439 252 2475 illius
274 2451 348 2474 man
372 2445 429 2475 ato
453 2442 656 2476 monasteria
673 2442 717 2476 ad
735 2442 947 2476 habitandum
963 2442 1136 2486 assignata
1151 2446 1240 2475 sunt.
1288 2447 1324 2474 et
1339 2441 1534 2475 sacerdotes
1553 2440 1619 2474 Ni-

165 2495 278 2519 caeam
293 2490 458 2530 petentes,
480 2488 602 2532 partim
618 2487 832 2532 patriarchali
847 2488 937 2522 ciero
954 2487 1172 2530 adnumerati,
1221 2486 1318 2520 artim
1335 2486 1418 2520 locis
1434 2486 1540 2520 sacris
1556 2485 1620 2518 ob-

163 2530 293 2573 lectati,
306 2531 412 2566 libere
425 2532 528 2567 vitam
543 2533 731 2568 traduxere.
757 2538 791 2567 et
805 2533 890 2568 haec
904 2533 1038 2579 quidem
1054 2534 1119 2567 hoc
1134 2544 1187 2566 mo
1214 2543 1233 2566 ο
1249 2533 1292 2566 ab
1306 2532 1512 2576 imperatore
1527 2531 1619 2576 cpo-

163 2575 267 2610 litano
283 2576 387 2610 Erico
405 2582 503 2621 gesta
520 2582 612 2612 sunt.
926 2603 928 2605 »

256 2622 311 2657 18.
357 2621 460 2656 Erico
485 2623 555 2657 fato
579 2624 696 2657 functo
719 2624 828 2658 frater
853 2623 940 2657 iliius
954 2623 1126 2657 Robertus
1144 2621 1274 2656 mollius
1291 2622 1436 2666 negotiis
1450 2622 1618 2656 incumbe-

162 2667 234 2701 bat.
287 2665 385 2701 huius
401 2677 497 2701 soror
511 2668 703 2714 imperatori
719 2674 889 2714 nupserat.
938 2669 1053 2714 paucis
1078 2668 1199 2712 elapsis
1217 2668 1312 2701 annis
1329 2679 1403 2702 cum
1420 2668 1619 2712 Cpolitanus

161 2712 347 2757 imperator
367 2712 535 2746 Robertus
551 2715 646 2747 uxori
661 2726 725 2748 non
742 2720 833 2749 esset
849 2715 1014 2748 obnoxius
1025 2740 1035 2756 ‚
1069 2713 1250 2757 imperator
1263 2713 1398 2758 impium
1412 2714 1540 2747 facinus
1557 2723 1618 2755 pa-

161 2763 255 2791 trare
279 2757 343 2791 sibi
365 2757 399 2791 in
427 2757 534 2792 animo
584 2760 757 2804 imposuit,
793 2760 932 2794 studens
947 2771 1022 2792 eum
1038 2758 1212 2792 Eudociae
1226 2758 1317 2792 filiae
1333 2759 1474 2802 alligare
1489 2758 1619 2800 sibique

161 2814 322 2847 generum
340 2813 521 2838 assumere.
589 2803 642 2838 inc
658 2805 795 2839 dissidia
809 2805 898 2839 inter
913 2804 1100 2839 Manuelem
1117 2808 1196 2837 tunc
1213 2804 1373 2850 temporis
1392 2803 1618 2850 patriarcham

217 2856 347 2901 Georg.
380 2857 538 2901 Acropol.
572 2856 689 2890 Annal.
1317 2854 1342 2891 3
