1898 3242
539 169 914 216 COMPENDIUM
957 173 1308 219 CHRONIGUM.
1558 176 1654 222 263

315 285 386 328 καὶ
402 281 589 328 κάτωθεν
613 284 695 327 ἀπὸ
714 289 881 339 μοχλῶν
898 286 1024 342 αὐτὴν
1047 286 1365 344 ἀναμοχλεῦσας.

313 350 405 396 τότε
427 357 564 411 παρῆν
589 361 799 396 κατανοεῖν
819 355 862 405 ἐξ
879 355 1059 412 ἐναργῶν
1081 357 1332 415 πραγμάτων

177 419 291 467 6185
312 418 452 464 ὃποῒον
466 420 657 478 πλήθους
674 421 810 467 εὔνοια
833 425 925 481 περὶ
945 424 1015 466 τὸν
1039 425 1259 483 εὐεργέτην,

316 491 384 534 καὶ
403 487 512 534 πόσα
532 493 668 535 σθένει
684 493 872 550 κοίρανος
885 492 1028 550 ’ἄρχων
1048 493 1306 552 στρατάρχης
1329 496 1490 555 κράτωρ

314 559 468 618 πατρὸς
488 561 665 618 στοργὴν
682 565 972 605 καταπλουτῶν
989 564 1080 619 περὶ
1103 563 1199 613 τοὺς
1217 562 1296 606 ὕπὸ
1315 572 1436 623 χεῖρα

312 631 382 671 καὶ
405 630 508 687 παρ’
536 630 671 673 αὐτῶν
690 629 935 688 φιλούμενος
957 629 1147 688 καθάπερ
1168 630 1248 674 ὗπὸ
1270 634 1430 677 τέκνων.

312 697 396 740 ἐπεὶ
417 698 495 756 γὰρ
516 699 740 754 ἧνωτίσατο
760 700 806 742 τὸ
823 704 984 755 πλῆθος
1004 700 1055 742 τὰ
1077 705 1259 753 τοιαῦτα,

175 768 290 810 6190
311 764 369 816 ὥς
387 767 462 818 τὰς
483 766 665 819 ἀνάσσας
678 767 699 810 ὅ
722 773 883 829 κρατῶν
901 767 1143 827 ὑπερορίους
1162 771 1272 825 θείη,

311 833 368 886 ὥς
386 837 527 893 τρίχας
547 842 665 894 σφῶν
685 837 890 881 ἅεκουσῶν
910 838 1154 895 ἅποθερίσοι
1177 840 1264 899 βίᾳ,

313 902 370 954 ὧς
390 906 466 956 τὰς
479 907 661 960 ἐσθῆτας
680 907 756 957 τὰς
776 907 910 950 αὐτῶν
931 909 987 957 εἷς
1002 909 1130 961 μέλαν
1149 906 1416 965 μεταχρώσει,

310 977 454 1028 θυμοῦ
470 973 658 1029 καχλάζει
673 980 726 1033 τῇ
746 980 858 1036 πυρᾷ
867 1009 880 1027 ,
917 978 1062 1027 λίθους
1084 977 1210 1027 εὐθὺς
1235 976 1417 1034 ἁρπάζει,

307 1040 412 1093 ξύλα
427 1045 495 1086 καὶ
510 1047 592 1086 πᾶν
615 1044 662 1087 τὸ
683 1044 933 1102 προστυχόν,
958 1044 1142 1099 βώλους,
1178 1038 1376 1103 κορύνας,
1413 1048 1524 1105 ξίφη.

171 1109 282 1153 6195
303 1109 481 1156 ὥπλιστο
505 1115 573 1156 καὶ
599 1113 650 1156 τὰ
668 1112 816 1169 γύναια
837 1116 1011 1172 κερκίσιν
1035 1113 1171 1172 ὥσπερ
1195 1114 1375 1171 λόγχαις,

1678 834 1706 867 Ρ
1733 834 1796 869 126

307 1184 377 1223 καὶ
395 1181 470 1225 σὺν
491 1187 649 1240 κραυγῇ
673 1185 741 1226 καὶ
765 1187 924 1240 λαλαγῇ
941 1183 1045 1241 πρὸς
1061 1183 1131 1226 τὸν
1150 1189 1379 1241 κρατοῦντα
1395 1184 1540 1242 τρέχει,

307 1249 383 1300 τὰς
399 1252 643 1306 βασιλίσσας
659 1254 848 1307 ἐκζητοῦν
868 1252 981 1303 ὅλαις
994 1255 1112 1309 χερσὶ
1131 1255 1197 1295 καὶ
1219 1252 1413 1309 γνώμαις,

306 1321 375 1361 καὶ
393 1324 671 1377 βλασφημοῦν
691 1321 763 1363 τὸν
786 1321 964 1376 Μιχαὴλ
982 1326 1102 1375 βοαῖς
1125 1321 1402 1379 ἅγριοθρόοις.

307 1385 396 1431 τότε
418 1389 470 1444 δὴ
487 1387 578 1432 τότε
595 1390 777 1447 τρομερὰ
797 1392 939 1446 λαγίνα
958 1394 1181 1447 καθωρᾶτο

139 1489 142 1493 .
169 1457 283 1500 6200
309 1455 474 1514 δράκων
493 1456 514 1500 ὃ
535 1460 629 1515 πρὶν
645 1457 937 1516 βλοσυρωπός,
974 1456 995 1500 ὃ
1013 1460 1114 1501 λε’ων
1129 1459 1382 1513 χαμαιλέων.

304 1529 380 1568 τοῦ
397 1525 586 1584 θράσους
601 1529 833 1584 καθυφίησι
850 1529 918 1569 καὶ
937 1531 1010 1582 τῆς
1028 1528 1274 1580 ἀλαζονείας,

0 1594 7 1643 ἓ
303 1596 373 1637 καὶ
391 1593 656 1652 γοργοπλόοις
675 1595 874 1653 σκάφεσιν
895 1595 981 1651 ἄγει
1003 1596 1076 1646 τὰς
1096 1598 1352 1650 βασιλίσσας,

0 1660 2 1665 ’
303 1665 371 1706 καὶ
389 1662 511 1707 πάλιν
534 1665 782 1707 ἀποδίδωσιν
805 1665 948 1715 αὐταῖς
969 1664 1042 1719 τὴν
1061 1666 1282 1722 κρατορίαν
1672 1665 1701 1698 Β

303 1733 377 1788 τὴν
400 1734 444 1775 ἐκ
459 1732 668 1792 προγόνων
691 1739 891 1790 προσγενῆ
905 1767 918 1785 ,
953 1734 1027 1788 τὴν
1047 1735 1091 1775 ἐκ
1111 1738 1193 1776 τῶν
1211 1731 1464 1775 ἕπιποὶππων.

167 1799 278 1844 6205
299 1802 405 1857 πλὴν
430 1802 535 1844 ἀλλὰ
561 1801 682 1846 πάλιν
705 1802 731 1859 ἡ
754 1803 866 1860 πυρὰ
888 1807 961 1858 τῆς
980 1801 1161 1853 στάσεως
1188 1803 1356 1857 ἀνῆπτο,

304 1869 428 1913 πάλιν
450 1871 719 1930 ἀνερριπίζετο
742 1872 848 1914 κατὰ
865 1876 938 1914 τοῦ
957 1870 1256 1914 καταπτύστου.

257 1978 351 2016 6185
374 1976 491 2014 ὁποῖοι
513 1979 554 2016 Μ
623 1977 830 2024 ἀρχηγέτην
852 1980 926 2015 MR
1017 1980 1110 2014 6186
1133 1977 1238 2025 πόσῳ
1262 1979 1302 2013 Μ
1371 1974 1581 2021 κρατοίρχης
1601 1977 1648 2020 R,

256 2023 543 2070 πρατᾶρχωνΜ
635 2026 1011 2062 6187καταποιττόνΒ
1057 2023 1328 2071 ’ὑποκείρουςΚ
1410 2021 1648 2058 619ΟθύειΚ

256 2072 348 2108 6191
373 2068 609 2116 οἷποθερίσας
629 2073 669 2108 Μ
808 2073 900 2109 6193
922 2069 1106 2118 λαμβάνει
1128 2072 1168 2107 Μ
1307 2071 1400 2106 6198
1417 2071 1565 2114 φωναῖς
1574 2069 1646 2104 AM

257 2119 352 2155 6199
372 2117 518 2165 λαγωός
540 2120 580 2154 Μ

165 2221 236 2246 non
258 2210 362 2246 aliter
382 2214 490 2258 atque
510 2211 543 2247 si
567 2216 695 2247 ventus
719 2212 757 2247 in
779 2223 877 2247 mare
896 2213 1102 2246 incumbens
1124 2213 1234 2245 totum
1257 2210 1301 2244 ab
1320 2208 1390 2243 imo
1415 2210 1645 2243 commoveat.

165 2257 446 2293 animadvertere
463 2264 543 2294 <tum
567 2265 646 2293 erat
664 2271 709 2293 ex
731 2259 838 2294 certis
861 2270 978 2293 rerum
994 2256 1209 2302 argumentis
1231 2259 1363 2301 quanta
1379 2266 1438 2289 res
1463 2254 1513 2289 sit
1533 2254 1644 2288 bene-

164 2303 322 2340 volentia
343 2304 458 2350 plebis
477 2317 564 2350 erga
582 2305 779 2351 principem
792 2332 802 2351 ‚
828 2310 866 2339 et
889 2309 1041 2350 quantae
1064 2303 1138 2338 sint
1155 2303 1231 2337 eius
1250 2302 1308 2336 vel
1328 2301 1424 2346 regis
1454 2300 1513 2335 vel
1533 2300 1646 2345 magi-

164 2355 295 2386 stratus
319 2351 378 2386 vel
399 2351 519 2387 bellici
538 2352 637 2387 ducis
661 2352 758 2387 vires
773 2379 782 2397 ,
833 2351 869 2385 ui
892 2351 1007 2386 animo
1032 2362 1118 2395 erga
1140 2349 1301 2385 subditos
1320 2354 1469 2394 paterno
1499 2347 1647 2381 affectus

165 2400 223 2431 est
244 2401 282 2432 et
300 2397 457 2433 vicissim
483 2400 527 2433 ab
554 2399 607 2434 eis
628 2403 795 2444 tanquam
832 2398 944 2433 iberis
971 2397 1045 2432 suis
1077 2396 1250 2441 diligitur.
1298 2400 1528 2440 posteaquam
1553 2392 1644 2426 enim

163 2442 343 2478 auditione
365 2444 516 2490 populus
541 2457 585 2480 ea
602 2457 694 2491 quae
716 2450 818 2491 gesta
839 2444 993 2480 fuissent
1013 2443 1211 2488 accepisset
1223 2469 1234 2486 ⁷
1253 2441 1415 2475 nimirum
1432 2439 1574 2485 reginas
1599 2439 1643 2473 ab

162 2489 376 2535 imperatore
400 2490 509 2526 solum
534 2498 678 2527 vertere
701 2491 814 2527 iussas
829 2518 839 2535 ,
875 2490 989 2525 invite
1019 2501 1138 2534 rasas,
1171 2488 1282 2534 nigris
1304 2487 1465 2522 vestibus
1488 2486 1643 2528 indutas,

162 2535 302 2580 ingenti
317 2536 439 2572 fun-ore
453 2538 609 2584 percitus
634 2551 715 2574 mox
736 2538 894 2593 lapides,
916 2537 1033 2583 ligna,
1058 2535 1202 2582 quasvis
1224 2546 1283 2569 res
1305 2538 1417 2569 semet
1438 2534 1642 2574 offerentes,

163 2583 285 2628 glebas
299 2610 310 2628 ,
334 2583 473 2629 clavas,
495 2584 631 2630 gladios
651 2585 824 2631 corriplt,
848 2584 938 2630 ipsis
959 2583 1064 2618 etiam
1090 2581 1302 2616 mulierculis
1320 2580 1440 2615 radios
1465 2579 1642 2613 hastarum

163 2641 406 2675 armorumque
420 2630 498 2665 loco
517 2633 781 2678 usurpantibus.
829 2631 958 2666 deinde
975 2641 1100 2675 magno
1119 2640 1196 2663 cum
1219 2627 1370 2662 clamore
1388 2627 1432 2661 ad
1451 2626 1644 2678 imperato-

163 2687 238 2711 rem
260 2680 430 2722 currunt,
445 2677 603 2713 mutibus
628 2684 665 2713 et
686 2678 813 2713 animis
835 2677 977 2723 reginas
993 2678 1038 2711 ab
1061 2688 1104 2711 eo
1127 2679 1351 2720 repetentes,
1378 2678 1415 2708 et
1433 2672 1548 2718 ipsum
1569 2671 1640 2704 M1-

163 2722 322 2758 chaelum
357 2723 505 2767 Yocibus
542 2724 800 2760 immanissimis
846 2723 1076 2760 conviciando
1119 2721 1401 2776 proscindentes.
1460 2718 1521 2752 ille
1555 2727 1641 2750 vero

163 2769 262 2816 prius
287 2770 435 2804 draconi
456 2770 609 2806 terribili
639 2776 677 2807 et
701 2771 797 2806 leoni
830 2770 977 2814 similis,
1006 2781 1099 2804 nunc
1121 2773 1234 2803 mstar
1253 2766 1385 2814 leporis
1408 2764 1560 2799 feminae
1585 2761 1642 2796 vel

162 2815 436 2851 chamaeleontis
458 2816 704 2853 formidolosus
729 2818 909 2864 conspici,
931 2818 977 2852 de
1000 2815 1135 2851 ferocia
1152 2814 1355 2857 remittere,
1379 2811 1562 2863 celeribus·
1578 2819 1642 2842 na-

162 2862 270 2908 vigiis
285 2863 428 2908 reginas
450 2863 646 2910 adducere,
668 2864 956 2910 gubernationem
975 2868 1012 2899 et
1032 2861 1215 2909 imperium
1226 2860 1302 2896 eius
1320 2858 1452 2894 avitum
1471 2861 1640 2903 patmum-
