1872 3236
498 155 872 202 COMPENDIUM
916 156 1265 203 CHRONICUM.
1511 153 1606 203 183

151 269 265 316 4260
285 268 409 322 ἅλσος
429 267 756 327 ἃγλαοφῦτευτον
776 273 1035 327 παντοδαπῆς
1057 273 1229 330 σοφίας·

285 340 423 394 amm
441 338 520 396 γὰρ
542 333 646 394 ἦσαν
666 339 708 381 ἐν
729 338 839 397 αὐτῷ
858 340 1306 399 προτεθησαυρισμέναι

289 409 346 458 εἷς
362 409 604 466 τρισμυρίας
623 406 858 466 φθάνουσαι
883 408 984 464 πρὸς
1005 407 1147 460 ἄλλαις
1169 406 1405 467 τρισχιλίαις

286 478 342 528 εἷς
359 478 602 534 τρισχιλίους
622 474 842 534 φθάνουσα
858 476 961 533 πρὸς
981 484 1070 527 ταῖς
1090 478 1380 526 πεντακοσίαις.

283 545 355 588 τὸν
375 549 608 600 τηλικοῦτον
627 549 755 601 κῆπον
777 545 823 587 δὲ
840 546 907 586 καὶ
926 544 973 588 τὸ
996 550 1188 588 τοσοῦτον
1210 543 1343 596 ἄλσος

148 613 260 659 4265
281 617 394 666 θεῖος
412 613 513 672 ἀνὴρ
534 614 782 665 πεπίστευτο,
817 614 997 671 προέχων
1014 614 1056 655 ἓν
1073 615 1199 674 σοφία

284 684 352 726 καὶ
377 684 495 726 πλέον
518 682 678 726 πάντων
697 690 787 733 ταῖς
808 682 950 738 αὗγαῖς
969 686 1041 737 τῆς
1063 681 1246 737 γνώσεως
1266 679 1493 735 ἕκλάμπων,

285 750 428 803 ἄλλος,
463 750 513 794 ἂν
533 752 635 794 εἴποι
655 769 737 803 τις,
766 751 899 806 Ἀδὰμ
921 750 1062 801 ἔνθεος
1082 748 1363 808 δενδροκόμος,

282 826 367 871 τοῖς
383 825 455 876 τῆς
467 820 591 875 Ἔδὲμ
613 822 870 878 ἕπεντρυφῶν
888 818 1250 874 καλλιβλαστήτοις
1266 817 1443 868 κλάδοις,

282 890 350 930 καὶ
369 888 637 947 φυτευμάτων
654 889 831 947 γεωργὸς
850 893 930 931 τῶν
949 889 1007 943 μὴ
1025 888 1344 945 μαραινομένων.

143 952 257 1000 4270
279 955 410 1015 τούτῳ
429 962 606 1013 συνῆσαν
627 958 753 1015 ἕτεροι
772 958 840 1000 καὶ
861 959 1074 1013 συνὸἰῆγον
1094 956 1252 1013 ἄνδρες,

279 1025 468 1085 καθάπερ
489 1024 786 1084 ὑποστράτηγοι
807 1028 972 1084 γενναίῳ
993 1026 1254 1083 στρατηγέτῃ,

277 1093 442 1152 ἀστέρες
462 1095 650 1152 ἀντικρὺς
671 1096 837 1152 φαιδροὶ
856 1097 923 1137 καὶ
940 1099 1013 1150 τῆς
1034 1095 1178 1144 νυκτὸς
1198 1096 1408 1152 δᾳδοῦχοι.

278 1162 478 1220 ἐπλήρουν
497 1165 541 1207 δὲ
559 1165 629 1206 τὸν
646 1164 828 1221 ἀριθμὸν
847 1169 919 1207 τοῦ
941 1162 1152 1221 ζῳοφόρου
1173 1162 1334 1206 κύκλου.

280 1230 454 1286 ἅμισθοι
473 1233 515 1274 δ’
537 1226 641 1286 ἦσαν
657 1235 868 1275 παιδευταὶ
886 1238 969 1282 τοῖς
989 1234 1178 1289 ἐρασταῖς
1200 1237 1272 1274 τοῦ
1294 1231 1438 1288 λόγου·

141 1298 252 1344 4275
275 1299 464 1357 ἀφῄρουν
484 1300 564 1357 γὰρ
586 1300 633 1344 τὸ
656 1299 852 1355 κάλυμμα
871 1306 943 1354 τῆς
963 1301 1301 1355 σκοτεινολογιάς,

278 1367 406 1424 ὁπόση
427 1373 500 1424 τῆς
514 1367 749 1424 “Ελληνικῆς
768 1370 982 1425 τέρθρειάς
1004 1370 1070 1421 καὶ
1092 1370 1280 1424 σαπριάς,

275 1434 404 1493 ὁπόση
427 1454 470 1480 τε
491 1442 563 1493 τῆς
578 1438 685 1479 καθ’
708 1435 818 1492 ἡμᾶς
836 1435 1207 1494 ἶεροπρεπεστάτης.

275 1505 400 1556 αὐτὸς
421 1505 465 1548 δ’
491 1508 533 1549 ἓν
552 1501 675 1549 πᾶσιν
694 1505 873 1560 zemma»
890 1505 1003 1560 ἥλιος
1022 1505 1156 1562 ὥσπερ
1175 1507 1302 1561 γίγας.

275 1578 470 1617 τοσοῦτον
495 1574 540 1618 (5²
565 1568 615 1630 ἦν
633 1575 679 1617 τὸ
703 1574 842 1631 περιὸν
862 1579 935 1629 τῆς
958 1575 1102 1631 ἀρετῆς
1129 1576 1291 1623 ἐκείνοις

138 1639 252 1687 4280
275 1640 331 1694 ὥς
351 1643 452 1698 μηδ’
477 1644 615 1694 αὐτοῖς
636 1650 721 1694 τοῖς
738 1642 854 1694 ἄναξι
875 1649 1126 1697 καινοτομεῖν
1148 1645 1292 1694 ἐξεῖναι

273 1710 300 1767 ἢ
320 1711 510 1769 πράττειν
529 1729 568 1755 τι
589 1712 850 1769 καινοπρεπὲς
866 1713 932 1753 καὶ
952 1713 1054 1769 πέρα
1074 1715 1147 1753 τοῦ
1165 1708 1387 1766 συνήθους,

275 1779 328 1823 ἂν
347 1781 406 1836 μὴ
427 1782 621 1835 μετέσχον
642 1785 715 1836 τῆς
737 1785 891 1836 βουλῆς
913 1782 1052 1824 ἐκεῖνοι
1074 1781 1140 1822 καὶ
1160 1784 1232 1834 τῆς
1253 1778 1429 1835 γνώμης.

272 1847 481 1901 τοιούτους
503 1844 575 1893 οὗν
595 1856 880 1907 σεμνοπρεπεΐς
898 1849 1018 1901 ὄντας
1035 1850 1103 1892 καὶ
1127 1849 1366 1904 σεμνοβιόυς

227 1955 319 1992 4265
342 1955 545 2001 προΐστατο
568 1957 609 1992 Μ
744 1957 836 1993 4268
859 1956 1029 2000 δένδροις
1048 1958 1123 1993 MR
1261 1957 1351 1992 4271
1379 1954 1544 2000 γενναῖοι
1566 1953 1604 1988 Μ

226 2002 317 2039 4281
339 2002 416 2049 καὶ]
441 2000 464 2049 ἢ
483 2004 524 2039 Μ
659 2001 779 2049 πέραν
796 2005 842 2049 R,
866 2002 971 2049 παρὰ
995 2005 1026 2039 Α

133 2094 320 2130 arboribus
341 2095 450 2130 libros
469 2094 667 2131 ferentibus
686 2095 845 2141 plenum,
875 2097 1035 2141 adeoque
1051 2095 1165 2130 lucum
1183 2093 1426 2141 pulcherrimis
1448 2091 1605 2136 omnige-

133 2152 201 2175 nae
219 2141 400 2176 doctrinae
418 2141 684 2187 sapientiaeque
702 2142 832 2187 plantis
850 2143 1034 2177 consitum.
1084 2154 1161 2177 nam
1195 2146 1271 2176 erat
1294 2141 1331 2175 in
1356 2152 1399 2183 ea
1419 2143 1606 2184 congestus

131 2186 302 2222 librorum
324 2187 528 2231 thesaurus,
567 2199 712 2234 quorum
736 2200 897 2222 numerus
923 2189 1058 2223 tricena
1084 2194 1120 2223 et
1142 2188 1213 2223 tria
1233 2186 1327 2221 milia
1349 2186 1606 2231 complecteba-

131 2237 204 2270 tur.
250 2232 331 2268 talis
352 2234 473 2268 hortus
495 2238 683 2279 tantusque
705 2234 802 2268 lucus
822 2234 934 2268 divini
956 2235 1133 2270 cuiusdam
1156 2233 1305 2268 hominis
1329 2244 1434 2267 curae
1451 2229 1606 2275 fideique

133 2280 390 2322 commendatus
414 2283 502 2323 erat,
528 2280 589 2326 qui
612 2280 773 2315 doctrina
790 2282 995 2326 praestabat
1020 2286 1056 2316 et
1077 2292 1184 2326 supra
1202 2285 1339 2315 ceteros
1359 2289 1477 2313 omnes
1496 2275 1607 2311 radiis

131 2324 302 2361 scientiae
331 2325 543 2360 collucebat:
576 2338 647 2362 non
671 2326 792 2372 inepte
818 2327 949 2361 dixeris
972 2326 1075 2362 alium
1097 2327 1268 2372 quendam
1290 2326 1458 2360 Adamum
1480 2322 1605 2366 fuisse,

133 2369 288 2406 divinum
319 2377 514 2407 curatorem
536 2374 718 2418 arborum,
754 2374 799 2407 de
828 2373 982 2418 pulchris
1009 2373 1144 2408 Edenis
1168 2372 1353 2407 arboribus
1376 2369 1520 2405 delicias
1544 2380 1603 2402 ca-

134 2415 307 2496 pientem,
329 2418 475 2464 eiusque
495 2418 689 2464 plantarum
710 2431 780 2454 non
803 2419 1089 2455 marcescentium
1107 2418 1308 2464 agricolam.
1340 2417 1510 2451 vivebant
1528 2425 1604 2448 cum

160 2474 202 2497 oc
222 2468 260 2498 et
279 2463 350 2508 alii,
373 2470 537 2510 tanquam
554 2467 782 2502 secundarum
803 2465 953 2511 partium
972 2467 1091 2510 duces,
1114 2467 1158 2500 ab
1179 2465 1238 2499 illo
1257 2465 1470 2509 imperatore
1488 2460 1604 2507 primi,

134 2507 308 2544 luculenta
330 2522 456 2557 reapse
475 2511 594 2546 sidera
614 2512 797 2557 noctisque
816 2511 1090 2546 collustratores.
1118 2511 1154 2545 hi
1179 2516 1234 2546 tot
1255 2521 1398 2545 numero
1422 2514 1509 2554 quot
1533 2507 1602 2540 cir-

135 2553 206 2588 culi
223 2554 368 2591 Zodiaci
389 2557 490 2602 signa
513 2563 613 2601 sunt,
647 2559 780 2603 absque
801 2559 962 2592 mercede
983 2557 1162 2592 literarum
1186 2563 1224 2591 et
1247 2556 1429 2591 doctrinae
1457 2553 1603 2598 cupidos

134 2600 376 2647 instruebant,
409 2610 446 2638 et
466 2603 624 2648 caliginis
646 2604 760 2639 velum
778 2609 849 2639 tam
866 2604 905 2639 in
921 2604 1018 2659 putri
1036 2604 1309 2650 praestigiisque
1329 2603 1464 2638 referta
1485 2601 1600 2633 Grae-

135 2657 254 2700 corum
285 2658 388 2693 quam
410 2649 673 2695 religiosissima
695 2655 816 2685 nostra
843 2650 1029 2696 disciplina
1052 2650 1124 2685 suis
1149 2649 1366 2684 auditoribus
1390 2647 1602 2687 adimebant,

134 2703 205 2727 uno
227 2691 307 2746 ¹!¹⁰’
337 2694 382 2729 de
402 2705 471 2739 quo
490 2695 662 2741 diximus,
696 2697 790 2731 inter
811 2708 929 2731 omnes
953 2696 1037 2731 solis
1061 2697 1174 2730 instar
1196 2695 1347 2734 lucente.
1395 2698 1494 2728 tanta
1518 2701 1603 2724 vero

135 2738 173 2772 in
192 2738 357 2791 opinione
377 2739 519 2776 virtutis
541 2747 660 2787 erant,
692 2748 732 2777 ut
754 2754 799 2777 ne
821 2743 892 2789 ipsi
915 2743 1055 2788 quidem
1077 2743 1306 2787 imperatores
1329 2740 1414 2774 novi
1441 2738 1604 2783 quiddam

135 2789 174 2819 et
197 2784 357 2839 inusitati
379 2787 549 2830 agendum
569 2788 639 2823 sibi
657 2793 824 2834 putarent
842 2789 911 2823 illis
939 2789 976 2822 in
1001 2787 1181 2823 consilium
1200 2799 1269 2822 non
1287 2785 1468 2821 adhibitis.
1516 2783 1604 2816 talos

136 2841 223 2876 ergo
245 2842 355 2878 νιτοε,
377 2833 585 2870 auctoritate
603 2833 773 2881 singulari
801 2839 839 2871 et
866 2834 1070 2870 innocentia
1095 2833 1191 2870 vitae
1217 2832 1446 2879 conspicuos,
1484 2829 1603 2866 vario·
