1872 3236
0 1096 6 1136 ””’
0 927 11 1068 ffi'm'f‘·
0 332 26 905 ww-Zmffl-Ww.„

462 193 839 239 COMPENDIUM
872 193 1224 240 CHRONIGUM.
1487 152 1581 239 153

252 310 353 362 οἵοις
372 313 512 360 κακοῖς
532 306 628 359 τοὺς
647 314 822 364 γηγενεῖς
842 314 1082 365 κρεωκοπεῖς
1101 310 1168 352 καὶ
1189 303 1347 366 τρῦχεις
1360 311 1386 350 1

116 380 229 427 8555
252 374 701 432 οὖδὲνχᾶνθαμιλλᾶταί
718 393 781 420 σοι
805 376 1054 434 πραγμάτων
1073 382 1154 422 τῶν
1174 378 1217 421 ἐν
1235 378 1330 437 βίῳ,

252 447 370 492 οὐδὲν
391 447 629 504 ἀντιφερίζει
647 462 711 488 σοι
727 443 889 488 πάντων
905 451 986 488 τῶν
1004 447 1196 503 ἐπιγείων.

249 514 474 572 μαλάσσεις
493 515 564 558 τὸν
590 513 838 570 ἀμάλακτον,
872 514 943 557 τὸν
962 515 1148 569 μαλακὸν
1169 511 1424 573 σκληρύνεις·

251 590 439 644 γλῶσσαν
459 585 629 641 ἀνοίγεις
648 582 827 642 ἄφωνον,
857 582 982 626 λάλον
1004 584 1288 638 ἔπιστομίζεις·

254 661 380 705 ποιεῖς
393 653 554 710 βραδὺν
571 653 642 698 τὸν
662 650 868 710 δρομικόν,
903 650 1132 708 πτηνόπουν
1153 652 1224 695 τὸν
1245 649 1463 710 ἀργόπουν.

117 727 230 773 3560
257 721 454 780 πειράζεις
469 723 544 778 μὲν
562 724 631 765 καὶ
652 721 876 779 θελγητρόν
898 719 1056 778 ἐπάγεις
1075 727 1165 772 ταῖς
1184 723 1383 779 καρδίαις,

254 794 323 836 καὶ
346 790 546 848 γοητεύεις
569 791 694 847 ἴυγξιν
712 789 910 848 ἀφύκτοις
930 790 1005 841 τὰς
1029 789 1241 845 αἰσθήσεις
1248 823 1262 843 ,

255 859 363 905 ἀλλά
381 877 456 904 σου
475 861 523 904 τὸ
548 861 789 917 καλλίχροον
811 858 867 910 ὡς
888 859 1025 914 ἔχιδνα
1048 858 1298 918 φαρμάσσει.

255 929 438 985 θεσμοὺς
462 931 530 972 καὶ
552 927 701 984 νόμους
714 935 942 983 συμπατεῒς
961 930 1029 971 καὶ
1050 928 1123 984 τὴν
1141 930 1246 971 αἰδῶ
1265 926 1435 981 διώκεις.

254 1003 534 1056 τυμβωρυχεῖς
545 1031 558 1051 ,
593 1005 852 1056 τοιχωρυχεῖς
863 1030 876 1050 ,
913 997 1157 1052 ἀπεμπολεΐς
1166 1030 1180 1050 ,
1213 1000 1431 1055 προδίδως.

120 1070 230 1116 3565
257 1071 380 1125 λῆρος
398 1067 444 1111 τὸ
462 1065 782 1123 κομψευόμενον,
819 1065 875 1118 ὥς
894 1066 1010 1118 ἔοικε,
1045 1068 1113 1110 καὶ
1134 1070 1286 1120 μῦθος,

256 1135 314 1188 ὥς
331 1136 413 1194 ἄρα
432 1137 503 1180 τὸν
522 1126 739 1191 ἀδάμαντα
758 1133 884 1190 μόνον
901 1133 1005 1190 αἷμα
1024 1134 1260 1190 μαλθάσσει
1272 1149 1284 1161 ·

257 1207 300 1249 τί
317 1203 396 1263 γάρ
419 1223 493 1248 σου
515 1203 837 1263 δραστικώτερον
860 1206 926 1248 καὶ
948 1206 1093 1256 λίθους
1117 1202 1358 1261 ἆπαλύνεινς

258 1275 301 1318 τί
321 1275 366 1316 δὲ
388 1274 461 1330 τὴν
477 1272 747 1331 ὑπερίσχυρον
772 1272 889 1328 ἰσχύν
911 1291 986 1316 σου
1010 1272 1242 1331 διαφεύγει;

315 1337 414 1386 ἶὨδιε
436 1343 510 1398 μὲν
529 1347 660 1386 ταῦτα
683 1340 817 1397 στήτω
834 1359 906 1397 μοι
918 1374 929 1393 ,
965 1343 1016 1385 τὰ
1036 1343 1078 1384 δ’
1101 1344 1246 1399 ἐφεξῆς
1265 1340 1409 1398 (invia,-

121 1412 236 1456 3570
259 1410 330 1454 τὸν
353 1409 478 1469 φόνον
501 1411 571 1454 τὸν
594 1413 843 1468 μυρίανδρον
869 1409 889 1452 ὃ
915 1411 1107 1466 βασιλεῦς
1126 1408 1342 1466 μανθάνει,

259 1479 556 1539 καταγινώσκῃ·
570 1484 643 1534 τῆς
665 1478 789 1522 αὑτοῦ
815 1484 977 1537 ᾳαυλῆς
1000 1481 1299 1536 σμικρολογίας,

261 1551 457 1606 λογίζεται
478 1548 552 1604 τὴν
572 1547 805 1605 συμφοράν,
840 1548 886 1591 τὸ
905 1547 1043 1599 πάθος
1067 1549 1287 1600 ἀναστένει,

259 1620 326 1660 καὶ
349 1618 563 1675 μεταμέλῳ
584 1617 658 1672 τὴν
681 1617 820 1672 ψυχὴν
841 1616 1055 1672 πλήττεται
1076 1616 1310 1675 βαρυτάτῳ.

260 1687 446 1729 ἐντεῦθεν
472 1685 649 1743 δάκρυον
674 1686 785 1744 αὐτῷ
810 1686 956 1740 συχνὸν
981 1687 1024 1728 ἐκ
1046 1691 1126 1728 τῶν
1149 1685 1345 1740 ὀμμάτων

124 1755 235 1799 3575
261 1757 328 1798 καὶ
353 1758 565 1812 στεναγμοὶ
588 1753 834 1810 βαρύστονοι
858 1757 1029 1812 καρδίας
1052 1755 1131 1797 ἀπὸ
1151 1756 1293 1810 μέσης,

260 1817 326 1868 καὶ
350 1823 528 1881 πάταγος
547 1822 811 1882 βαρύδουπος
831 1824 882 1867 τὰ
904 1825 1049 1882 στέρνα
1071 1826 1334 1878 μωλωπίζων,

215 1965 307 2002 3554
326 1966 541 2006 κακοποιεῒς
561 1966 592 2001 Α
730 1966 822 2002 3556
841 1961 1111 2012 ἄντισφαιρίζει
1131 1965 1202 2002 ΑΜ
1313 1966 1405 2002 3557
1427 1963 1601 2009 μαλθάσ-

215 2021 290 2051 σεις
322 2012 430 2047 MRR
591 2012 685 2048 3567
722 2009 924 2053 ἄπαλύνεις
957 2014 991 2048 R
1162 2013 1253 2048 3571
1290 2013 1528 2058 μικρολογίας
1570 2013 1602 2047 R

215 2058 307 2094 3575
331 2055 371 2093 ἐκ
392 2057 507 2104 μέσης
528 2058 598 2104 τῆς
619 2059 775 2103 καρδίας
798 2059 832 2094 R

125 2184 206 2218 xas!
254 2183 348 2218 nulla
372 2195 430 2219 res
461 2183 498 2219 in
525 2184 700 2219 hominum
719 2183 795 2218 vita
818 2188 933 2219 tecum
961 2184 998 2218 in
1028 2188 1204 2219 certamen
1225 2185 1441 2220 descendere
1461 2186 1601 2230 potest:

127 2230 219 2266 nulla
242 2242 299 2264 res
322 2236 464 2265 terrena
486 2236 599 2265 tecum
625 2237 745 2276 potest
767 2231 803 2264 in
829 2231 1123 2276 comparationem
1151 2231 1287 2265 venire.
1346 2233 1468 2266 durum
1495 2230 1602 2264 emol-

126 2274 190 2322 ΓΒ,
224 2276 360 2311 mollem
377 2277 539 2312 induras:
574 2276 728 2322 linguam
747 2283 873 2311 mutam
892 2277 1022 2321 solvis,
1057 2278 1238 2324 loquacem
1261 2277 1483 2323 comprimis:
1521 2288 1601 2311 cur—

127 2324 236 2358 rendo
257 2322 430 2358 valentem
451 2324 588 2358 tardum
609 2323 734 2367 efficis,
757 2335 798 2357 ac
820 2323 971 2358 vicissim
990 2325 1034 2358 de
1056 2325 1157 2358 tardo
1182 2323 1388 2359 volucrem·
1422 2325 1529 2357 corda
1547 2323 1604 2357 in-

127 2368 281 2404 flammas
306 2375 343 2404 et
363 2369 544 2416 voluptate
569 2371 718 2416 quadam
737 2369 911 2404 demulces
926 2397 935 2413 ‚
977 2382 1100 2405 sensus
1131 2370 1307 2404 illecebris
1340 2369 1607 2404 inevitabilibus

129 2425 195 2449 ceu
217 2415 420 2461 praestigiis
445 2417 651 2461 quibusdam
682 2421 865 2460 exeamas,
901 2427 978 2451 cum
1003 2416 1146 2451 interim
1173 2422 1340 2451 venustas
1373 2415 1433 2450 illa
1455 2421 1517 2450 tua
1539 2428 1609 2450 non

129 2459 240 2506 minus
258 2472 395 2497 veneno
424 2473 487 2495 suo
511 2473 613 2508 quam
640 2461 766 2508 vipera
793 2468 932 2497 noceat.
979 2462 1077 2508 leges
1104 2469 1140 2497 et
1162 2462 1240 2497 iura
1261 2462 1466 2508 proculcas‚
1501 2474 1607 2496 vere-

130 2505 291 2542 cundiam
309 2513 346 2542 αι
367 2508 536 2554 pudorem
562 2508 697 2553 abigis,
738 2508 925 2554 sepulchra
948 2508 1081 2553 violas,
1119 2509 1276 2554 parietes
1307 2510 1491 2555 perforas,
1521 2508 1610 2543 nihil

130 2565 199 2586 non
218 2552 326 2588 habes
351 2553 511 2598 venales
538 2554 626 2588 nihil
649 2566 718 2588 non
742 2555 877 2600 prodis.
927 2555 1087 2590 nimirum
1110 2555 1273 2590 frivolum
1300 2556 1464 2601 quiddam
1490 2560 1544 2589 est
1568 2567 1610 2588 ac

129 2597 250 2633 sabula
276 2610 392 2644 mera,
436 2600 542 2646 vulgo
575 2601 670 2647 quod
700 2600 847 2646 dicitur,
881 2602 1097 2636 adamantem
1127 2601 1236 2636 solum
1269 2602 1440 2646 sanguine
1467 2600 1608 2635 molliri.

130 2643 215 2691 quid
239 2644 330 2679 enim
349 2657 428 2681 esse
449 2650 486 2680 te
506 2647 620 2692 possit
639 2647 832 2691 efficacius,
859 2648 964 2682 etiam
985 2648 1024 2682 in
1043 2647 1138 2682 saxis
1158 2647 1374 2682 emolliendis
1389 2650 1408 2682 ’ἐ

222 2690 414 2726 Enimvero
445 2693 490 2728 de
519 2693 585 2727 hoc
616 2693 716 2728 satis.
764 2693 849 2740 quid
873 2694 1039 2741 deinceps
1064 2695 1316 2729 subsecutum?
1351 2693 1544 2740 imperator
1564 2694 1609 2727 de

129 2736 306 2772 immensis
328 2736 398 2772 illis
419 2738 594 2774 hominum
618 2739 784 2775 caedibus
809 2741 1001 2786 cognoscit,
1027 2740 1208 2776 avaritiam
1234 2740 1312 2786 ipse
1335 2752 1430 2775 suam
1457 2741 1608 2783 damnat,

129 2782 361 2818 calamitatem
384 2790 562 2829 acceptam
581 2786 761 2831 expendit,
783 2787 958 2822 miseriam
978 2793 1108 2822 tantam
1128 2787 1171 2821 de
1199 2786 1306 2821 lorat:
1331 2787 1464 2821 animus
1484 2785 1606 2831 paeni-

129 2830 252 2864 tudine
279 2829 487 2873 gravissima
506 2831 721 2876 percellitur.
769 2833 851 2867 hinc
873 2836 1019 2868 crebrae
1046 2833 1082 2867 in
1106 2798 1213 2868 oculis
1242 2833 1424 2876 lacrimae,
1458 2831 1607 2876 gemitus

130 2886 175 2912 ex
196 2875 321 2911 intimo
346 2876 452 2912 corde
474 2876 592 2922 ducti,
615 2888 743 2923 graves
766 2883 803 2914 et
823 2891 900 2915 cum
921 2879 1096 2916 vibicibus
1119 2879 1325 2916 coniunctae
1348 2879 1503 2927 pectoris
1525 2888 1607 2913 ver-
