1864 3242
344 174 440 220 252
864 172 923 216 IN
939 202 942 207 -
957 171 1251 217 GEORGIUM
1298 195 1300 197 ·

343 284 512 335 imperil,
548 282 667 319 donee
695 282 739 319 ιἠ.
765 281 906 318 maiori
931 282 1160 318 constitutus
1185 288 1313 319 aetate
1331 284 1538 332 perveniat
1563 281 1622 320 ad
1644 281 1776 332 legeti-

344 353 463 377 mam.
523 351 631 375 mare
660 337 774 388 apud
805 337 984 376 Venetias
1011 338 1164 375 intrans
1192 337 1306 375 vadit
1324 338 1477 376 collato
1483 339 1650 376 exercitu
1673 338 1775 388 Ωρυ-

346 396 430 432 lim
455 463 495 501 p-
485 396 590 490 -ΑιίεῐέὶΙ
583 462 621 486 v-
638 451 676 490 8.
733 444 808 489 δυο
828 445 1055 500 ἔνιαυτους]
1084 447 1160 487 hoc
1179 448 1344 486 duorum
1361 461 1552 487 annorum
1569 448 1774 486 intervallo

344 509 531 544 Ioannem
555 517 687 556 regem
714 505 757 541 in
777 505 915 543 Galliis
941 506 1156 542 exercitum
1181 517 1424 556 comparasse
1445 511 1484 542 et
1501 505 1713 543 initaliam
1731 517 1773 542 se

346 561 397 599 ad
423 561 646 612 pontificem
673 562 882 599 contulisse
910 562 1054 609 Reate,
1092 559 1253 598 tandem
1282 562 1454 599 Venetiis
1481 561 1611 611 copias
1643 559 1774 610 impo-

345 619 468 655 suisse
494 618 658 655 navibus
679 624 717 655 et
740 618 893 669 cpolim
913 618 1165 668 applicuisse,
1195 617 1328 655 scribit
1347 617 1556 667 Gregorius
1573 617 1708 654 Nonus
1732 617 1774 662 ἰιι

342 675 688 727 Regestis.A1.1..

453 742 491 780 p.
513 729 566 770 50
592 742 630 767 v.
652 733 694 771 7.
720 751 723 754 >
749 731 821 781 τῆς
848 727 1081 780 ἐγκυκλίου]
1110 729 1224 764 Anna
1251 725 1448 765 comnena
1477 727 1548 764 lib.
1576 724 1603 767 5
1628 726 1774 763 Histor-

340 789 423 832 τοῖς
443 784 742 853 προϊσταμένοις
760 800 835 835 την
853 781 1056 836 ἐγκυκλιον
1073 779 1334 823 παιδεύεσθαι
1352 783 1557 828 παιδείαν,
1591 788 1630 820 et
1652 783 1775 821 ταῦτα

340 840 385 882 δὲ
402 839 498 893 λέγω
516 837 719 894 ἀχθομένη
739 838 806 881 Bw?
824 838 897 890 τὴν
915 841 1087 890 παντελῆ
1102 842 1173 890 τῆς
1193 839 1398 890 ἐγκυκλίου
1417 834 1658 884 παιδεύσεως
1678 830 1775 887 ἆμὲ-

339 901 460 937 λειαν.
517 898 734 949 encycliam
763 895 1024 934 eruditionem
1051 897 1263 946 improprie
1291 893 1357 932 hic
1385 894 1688 932 Grammaticam
1708 893 1773 928 in-

339 954 482 1003 telligit
509 960 640 991 noster
666 953 910 1004 Acropolita‚
938 952 1030 989 licet
1046 951 1113 988 alii
1132 952 1245 989 aliter
1264 958 1476 1004 exponant.
1536 949 1587 988 cf.
1603 950 1773 988 Tzetzes

341 1007 512 1046 Chiliad.
532 1012 559 1050 2
578 1023 618 1047 v.
639 1009 735 1051 522.
791 1010 892 1046 Am..

451 1063 505 1101 ib.
526 1078 564 1101 v.
583 1068 650 1106 21.
708 1063 733 1105 ὅ
756 1060 854 1116 ῥ’ήξ]
886 1062 934 1101 de
955 1061 1029 1100 hac
1049 1075 1144 1100 voce
1162 1061 1403 1099 Glossarium
1420 1060 1582 1098 Meursii
1600 1060 1643 1098 in
1659 1059 1775 1112 βασι-.-

339 1117 430 1168 λεύς
450 1127 488 1158 et
509 1117 597 1171 ῥ’ήξ.
651 1122 813 1159 DousA.
931 1146 936 1153 .

451 1189 491 1226 p-
511 1176 564 1216 52
586 1189 624 1213 v.
646 1176 712 1216 15.
769 1172 967 1228 ἐγεννήθη
991 1171 1065 1226 γὰρ
1089 1168 1216 1227 αυτῷ]
1245 1170 1384 1208 eadem
1405 1171 1654 1222 prosequitur
1674 1170 1774 1207 Gre-

342 1245 455 1283 goras
476 1244 517 1281 p.
537 1233 589 1272 29
621 1231 685 1272 15.
735 1238 886 1268 caetera
904 1231 1154 1267 conveniunt.
1201 1229 1394 1264 intersunt
1407 1233 1540 1264 tamen
1555 1227 1658 1263 inter
1674 1226 1774 1262 Gre-

342 1300 479 1339 goram
503 1293 542 1323 et
564 1287 853 1337 Acropolitam:
890 1298 983 1321 nam
1008 1286 1050 1322 in
1078 1285 1250 1334 Gregora
1276 1283 1397 1332 legati
1420 1295 1473 1319 ex
1495 1282 1677 1332 Bulgaris
1702 1293 1774 1318 ve-

341 1345 478 1390 niunt,
517 1344 558 1378 in
589 1343 813 1392 Acropolita
840 1342 887 1378 ab
917 1342 1150 1392 imperatore
1182 1339 1408 1386 mittuntur3
1437 1339 1480 1375 in
1505 1338 1676 1387 Gregora
1694 1336 1775 1373 filia

341 1399 504 1449 Bulgari
521 1398 673 1435 Helena
691 1397 874 1435 decennis
894 1403 971 1445 est,
1001 1397 1044 1434 in
1060 1395 1285 1445 Acropolita
1303 1395 1507 1431 novennis.
1562 1395 1664 1430 Au..

339 1454 342 1458 ’
451 1468 491 1505 Ρ.
519 1455 572 1494 53
603 1467 642 1491 v.
671 1456 711 1495 8·
770 1451 999 1504 Θεόδωρος]
1029 1453 1110 1502 legi
1135 1452 1267 1488 nescio
1298 1449 1395 1502 quid
1418 1448 1536 1487 huius
1560 1445 1774 1495 Theodori,

339 1509 410 1549 sed
440 1511 630 1547 memoria
656 1523 737 1547 non
771 1511 945 1560 suggerit
975 1507 1174 1560 quodnam
1199 1504 1300 1544 illud
1322 1507 1460 1544 fuerit.
1491 1503 1542 1542 ad
1561 1517 1621 1542 res
1641 1510 1773 1542 tamen

337 1565 634 1604 mathematicas
654 1573 849 1617 spectasse
873 1566 1061 1615 suspicor.
1117 1565 1218 1600 Am..

446 1636 486 1673 p.
507 1621 559 1662 54
578 1635 617 1659 v.
639 1625 678 1663 3.
737 1621 786 1659 de
807 1619 1027 1659 Bleminide
1046 1620 1223 1671 pluribus
1241 1618 1335 1654 alibi
1354 1618 1517 1667 egimus.
1560 1614 1664 1653 edita
1682 1622 1772 1653 sunt

336 1680 444 1716 illius
471 1676 750 1728 Philosophica
777 1685 815 1715 et
845 1678 1011 1727 Logica,
1043 1683 1082 1713 et
1105 1676 1297 1713 orationes
1321 1672 1421 1710 duae
1451 1671 1500 1710 de
1526 1674 1770 1735 processione

335 1737 494 1784 spiritus
527 1735 651 1770 sancti
676 1747 747 1784 per
771 1747 835 1770 me
866 1735 908 1769 in
933 1734 1117 1769 Latinum
1135 1742 1284 1767 versae.
1339 1729 1464 1766 multo
1486 1728 1601 1778 plura
1620 1734 1710 1764 sunt
1729 1728 1773 1764 in

333 1788 599 1827 bibliothecis.
655 1802 776 1839 penes
804 1802 868 1825 me
895 1796 984 1825 sunt
1011 1786 1188 1824 eiusdem
1214 1786 1359 1832 oratio,
1399 1783 1543 1825 ὁποῖον
1576 1784 1640 1823 δεῖ
1670 1779 1772 1823 εἶναι

332 1843 405 1886 τὸν
429 1843 611 1897 βασιλέα,
641 1851 679 1882 et
707 1843 868 1882 historia
889 1843 937 1881 de
955 1850 1087 1881 sancto
1107 1842 1230 1879 Paulo
1249 1848 1288 1878 et
1304 1842 1390 1877 aliis
1407 1839 1604 1890 patribus,
1634 1840 1703 1890 qui
1729 1840 1771 1875 in

332 1904 451 1939 Latro
483 1907 616 1938 monte
646 1901 860 1938 solitariam
877 1902 1001 1938 vitam
1021 1905 1207 1949 egerunt,
1238 1897 1526 1946 elegantissime
1545 1902 1583 1932 et
1602 1894 1653 1932 ad
1668 1896 1771 1931 anti·-

336 1971 475 2023 quum
487 1969 648 1994 succum
674 1958 906 2007 conscripta.
962 1957 1004 1992 in
1028 1957 1215 1993 Vaticana
1240 1953 1384 2003 legitur
1404 1950 1582 1989 eiusdem
1598 1947 1737 2004 λόγος
1729 1948 1770 1997 ὃς

333 2009 524 2064 ἐπεστάλη
547 2014 604 2065 τῷ
626 2013 796 2064 βασιλεῖ,
826 2008 1027 2064 βασιλικὸς
1048 2009 1211 2075 κληθεὶς
1234 1981 1419 2060 ἀνδριάς·
1450 2006 1528 2046 ἔστι
1546 2005 1587 2047 δὲ
1607 2005 1672 2046 καὶ
1696 2021 1770 2056 μο-

332 2073 493 2117 νασταῖς
522 2067 590 2108 καὶ
618 2067 738 2108 παντὶ
768 2069 971 2133 σπουδαίῳ
992 2062 1206 2117 λυσιτελής.
1261 2064 1518 2115 principium:
1549 2057 1673 2113 νόμος
1695 2057 1767 2113 οἷο-

329 2128 456 2178 χῆθεν
488 2125 718 2176 συμβαίνων
741 2127 823 2172 τοῖς
843 2135 1043 2177 πραγμασι
1062 2137 1156 2170 τους
1174 2117 1380 2172 υπηκόους
1402 2117 1595 2171 εἰσφέρειν
1615 2132 1668 2157 τω
1692 2119 1767 2169 βα-

322 2184 438 2221 Υσιλιεῐ.
494 2183 598 2218 Au..

439 2250 480 2287 p.
508 2236 562 2276 55
595 2236 706 2274 v-1·
763 2232 785 2276 ὅ
824 2231 1016 2288 Τρινόβου
1055 2228 1280 2285 αρχιερεύς]
1319 2229 1575 2280 Acropolita
1581 2226 1661 2269 nimi
1696 2226 1767 2268 τόν

330 2286 792 2338 Κωνσταντινουπόλεως
818 2293 959 2339 τελῶν,
989 2292 1179 2340 Gregoras
1209 2290 1263 2342 τῷ
1282 2285 1378 2332 τέως
1397 2281 1478 2324 ιῖπὸ
1501 2283 1572 2325 τόν
1592 2280 1766 2335 ἆρχιεπί-

330 2361 482 2388 σκοπον
499 2349 571 2398 τῆς
587 2360 744 2397 πρωτης
761 2349 885 2385 τελων
904 2343 1196 2397 Ἰουστινιανῆς.
1242 2349 1280 2380 et
1300 2341 1490 2379 consentit
1506 2339 1765 2393 Ephraemius

328 2405 369 2440 in
387 2402 598 2441 Chronico:

600 2458 655 2510 τῷ
670 2456 885 2507 τηνικαῦτα
901 2451 1168 2507 ποιμενάρχης
1190 2449 1402 2518 Τρινόβου,

599 2514 654 2580 τῷ
670 2512 915 2580 Βουλγαρίας
932 2510 1196 2575 υποκείμενος
1215 2506 1367 2562 θρόνῳ,

600 2564 675 2607 ου’κ
694 2563 772 2607 οἷδ’
793 2564 902 2614 ὅπως
921 2566 1073 2619 κέκριτο
1094 2562 1265 2606 συνόδου
1287 2565 1413 2629 κρίσει

599 2623 840 2675 θεσπίσματί
860 2637 900 2662 τε
920 2637 989 2662 του
1014 2624 1253 2675 κρατοῦντος
1270 2615 1466 2660 Αιῖσὸνων

599 2676 718 2729 τιμὴν
736 2674 976 2746 πατριάρχου
998 2693 1040 2731 γε
1061 2677 1128 2717 καὶ
1145 2680 1285 2727 κλῆσιν
1307 2675 1419 2726 ἔχειν,

598 2731 750 2786 κήδους
768 2731 956 2775 τινόντων
975 2748 1056 2774 των
1077 2729 1329 2785 κρατούντων
1351 2731 1392 2770 οἷ
1410 2725 1537 2781 χάριν.

327 2791 551 2842 Acropolita
570 2792 783 2829 memoriae
802 2792 915 2842 lapsu
933 2791 997 2829 vel
1014 2802 1154 2843 parum
1172 2789 1285 2827 rebus
1303 2785 1573 2825 ecclesiasticis
1592 2783 1762 2820 intentus
