<?xml version="1.0" encoding="UTF-8"?>
<!DOCTYPE html PUBLIC "-//W3C//DTD XHTML 1.0 Transitional//EN"
    "http://www.w3.org/TR/xhtml1/DTD/xhtml1-transitional.dtd">
<html xmlns="http://www.w3.org/1999/xhtml" xml:lang="en" lang="en">
 <head>
  <title>
</title>
<meta http-equiv="Content-Type" content="text/html;charset=utf-8" />
  <meta name='ocr-system' content='tesseract 3.04.00' />
  <meta name='ocr-capabilities' content='ocr_page ocr_carea ocr_par ocr_line ocrx_word'/>
</head>
<body>
  <div class='ocr_page' id='page_1' title='image "./corpusscriptorum06niebuoft_0458.png"; bbox 0 0 1924 3242; ppageno 0'>
   <div class='ocr_carea' id='block_1_1' title="bbox 310 162 1342 209">
    <p class='ocr_par' dir='ltr' id='par_1_1' title="bbox 310 162 1342 209">
     <span class='ocr_line' id='line_1_1' title="bbox 310 162 1342 209; baseline -0.002 -1"><span class='ocrx_word' id='word_1_1' title='bbox 310 163 375 209; x_wconf 76' lang='lat'>56</span> <span class='ocrx_word' id='word_1_2' title='bbox 699 162 932 208; x_wconf 89' lang='lat' dir='ltr'>GEORGII</span> <span class='ocrx_word' id='word_1_3' title='bbox 963 162 1342 208; x_wconf 81' lang='lat' dir='ltr'><strong>ACROPOLITAE</strong></span> 
     </span>
    </p>
   </div>
   <div class='ocr_carea' id='block_1_2' title="bbox 1888 0 1924 260">
    <p class='ocr_par' dir='ltr' id='par_1_2' title="bbox 1888 0 1924 260">
     <span class='ocr_line' id='line_1_2' title="bbox 1888 0 1924 260; baseline 0 2982"><span class='ocrx_word' id='word_1_4' title='bbox 1888 0 1924 260; x_wconf 95' lang='lat' dir='ltr'> </span> 
     </span>
    </p>
   </div>
   <div class='ocr_carea' id='block_1_3' title="bbox 262 274 1801 1678">
    <p class='ocr_par' dir='ltr' id='par_1_3' title="bbox 303 274 1762 737">
     <span class='ocr_line' id='line_1_3' title="bbox 308 274 1739 333; baseline -0.001 -13"><span class='ocrx_word' id='word_1_5' title='bbox 308 275 506 327; x_wconf 83' lang='grc' dir='ltr'><strong><em>’Λατίνοις</em></strong></span> <span class='ocrx_word' id='word_1_6' title='bbox 534 280 617 324; x_wconf 77' lang='grc' dir='ltr'><strong><em>τοῖς</em></strong></span> <span class='ocrx_word' id='word_1_7' title='bbox 643 274 685 316; x_wconf 72' lang='grc' dir='ltr'>ἓν</span> <span class='ocrx_word' id='word_1_8' title='bbox 705 278 755 331; x_wconf 85' lang='grc' dir='ltr'>τῇ</span> <span class='ocrx_word' id='word_1_9' title='bbox 777 277 1036 333; x_wconf 76' lang='grc' dir='ltr'><strong><em>Τζουρουλῷ,</em></strong></span> <span class='ocrx_word' id='word_1_10' title='bbox 1070 275 1197 333; x_wconf 74' lang='grc' dir='ltr'><strong><em>ἄνδρα</em></strong></span> <span class='ocrx_word' id='word_1_11' title='bbox 1220 280 1380 326; x_wconf 74' lang='grc' dir='ltr'><strong><em>πολλοῖς</em></strong></span> <span class='ocrx_word' id='word_1_12' title='bbox 1396 276 1739 331; x_wconf 67' lang='grc' dir='ltr'><strong><em>κατεξητασμένονῖ</em></strong></span> 
     </span>
     <span class='ocr_line' id='line_1_4' title="bbox 311 341 1728 399; baseline 0 -13"><span class='ocrx_word' id='word_1_13' title='bbox 311 342 495 398; x_wconf 62' lang='grc' dir='ltr'><strong><em>πολέμοις</em></strong></span> <span class='ocrx_word' id='word_1_14' title='bbox 503 375 515 394; x_wconf 91' lang='lat'><em>‚</em></span> <span class='ocrx_word' id='word_1_15' title='bbox 544 344 610 384; x_wconf 85' lang='grc' dir='ltr'>καὶ</span> <span class='ocrx_word' id='word_1_16' title='bbox 626 343 666 392; x_wconf 78' lang='grc' dir='ltr'>ἒς</span> <span class='ocrx_word' id='word_1_17' title='bbox 680 347 867 385; x_wconf 79' lang='grc' dir='ltr'><strong><em>τοσοῦτον</em></strong></span> <span class='ocrx_word' id='word_1_18' title='bbox 883 341 1192 397; x_wconf 74' lang='grc' dir='ltr'><strong><em>εὐδοκιμήσαντα</em></strong></span> <span class='ocrx_word' id='word_1_19' title='bbox 1215 342 1268 393; x_wconf 83' lang='grc' dir='ltr'>ὡς</span> <span class='ocrx_word' id='word_1_20' title='bbox 1287 342 1437 394; x_wconf 80' lang='grc' dir='ltr'><em>πάντας</em></span> <span class='ocrx_word' id='word_1_21' title='bbox 1453 342 1728 399; x_wconf 76' lang='grc' dir='ltr'><strong><em>τοιαύτην-δό-</em></strong></span> 
     </span>
     <span class='ocr_line' id='line_1_5' title="bbox 312 408 1728 467; baseline 0 -13"><span class='ocrx_word' id='word_1_22' title='bbox 312 415 383 462; x_wconf 82' lang='grc' dir='ltr'>ξαν</span> <span class='ocrx_word' id='word_1_23' title='bbox 413 412 503 466; x_wconf 74' lang='grc' dir='ltr'><strong><em>περὶ</em></strong></span> <span class='ocrx_word' id='word_1_24' title='bbox 530 408 671 451; x_wconf 88' lang='grc' dir='ltr'><strong><em>τούτου</em></strong></span> <span class='ocrx_word' id='word_1_25' title='bbox 701 417 832 464; x_wconf 78' lang='grc' dir='ltr'><strong><em>σχεῖν,</em></strong></span> <span class='ocrx_word' id='word_1_26' title='bbox 865 409 962 465; x_wconf 85' lang='grc' dir='ltr'><strong><em>μήτε</em></strong></span> <span class='ocrx_word' id='word_1_27' title='bbox 997 411 1072 467; x_wconf 83' lang='grc' dir='ltr'>πρὸ</span> <span class='ocrx_word' id='word_1_28' title='bbox 1105 412 1228 454; x_wconf 81' lang='grc' dir='ltr'>αὗτοῦ</span> <span class='ocrx_word' id='word_1_29' title='bbox 1255 409 1353 465; x_wconf 84' lang='grc' dir='ltr'><strong><em>μήτε</em></strong></span> <span class='ocrx_word' id='word_1_30' title='bbox 1377 411 1461 466; x_wconf 83' lang='grc' dir='ltr'>μὴν</span> <span class='ocrx_word' id='word_1_31' title='bbox 1493 411 1583 464; x_wconf 68' lang='grc' dir='ltr'>μετ’</span> <span class='ocrx_word' id='word_1_32' title='bbox 1606 411 1728 454; x_wconf 66' lang='grc' dir='ltr'><strong><em>αὐτὸν</em></strong></span> 
     </span>
     <span class='ocr_line' id='line_1_6' title="bbox 303 475 1728 535; baseline 0.001 -15"><span class='ocrx_word' id='word_1_33' title='bbox 303 479 431 520; x_wconf 75' lang='grc' dir='ltr'><strong><em>ἄλλον</em></strong></span> <span class='ocrx_word' id='word_1_34' title='bbox 466 475 638 534; x_wconf 79' lang='grc' dir='ltr'><strong><em>φανῆναι</em></strong></span> <span class='ocrx_word' id='word_1_35' title='bbox 664 476 856 528; x_wconf 84' lang='grc' dir='ltr'><strong><em>τοιούτοις</em></strong></span> <span class='ocrx_word' id='word_1_36' title='bbox 878 478 1005 535; x_wconf 71' lang='grc' dir='ltr'><strong><em>ἔργοις</em></strong></span> <span class='ocrx_word' id='word_1_37' title='bbox 1024 477 1315 535; x_wconf 80' lang='grc' dir='ltr'><strong><em>ἓγκεχειρηκότα</em></strong></span> <span class='ocrx_word' id='word_1_38' title='bbox 1334 478 1361 533; x_wconf 81' lang='grc' dir='ltr'><em>ἢ</em></span> <span class='ocrx_word' id='word_1_39' title='bbox 1381 483 1555 521; x_wconf 80' lang='grc' dir='ltr'><strong><em>τοσαῦτα</em></strong></span> <span class='ocrx_word' id='word_1_40' title='bbox 1573 489 1728 535; x_wconf 58' lang='grc' dir='ltr'><strong><em>κατωρ-</em></strong></span> 
     </span>
     <span class='ocr_line' id='line_1_7' title="bbox 308 543 1762 602; baseline 0.001 -15"><span class='ocrx_word' id='word_1_41' title='bbox 308 543 486 587; x_wconf 78' lang='grc' dir='ltr'><strong><em>θωκότα.</em></strong></span> <span class='ocrx_word' id='word_1_42' title='bbox 553 543 574 586; x_wconf 84' lang='grc' dir='ltr'><em>ὃ</em></span> <span class='ocrx_word' id='word_1_43' title='bbox 602 546 644 586; x_wconf 78' lang='grc' dir='ltr'>δὲ</span> <span class='ocrx_word' id='word_1_44' title='bbox 657 545 776 587; x_wconf 77' lang='grc' dir='ltr'><strong><em>Ἀσὰν</em></strong></span> <span class='ocrx_word' id='word_1_45' title='bbox 798 546 848 587; x_wconf 78' lang='grc' dir='ltr'>τὰ</span> <span class='ocrx_word' id='word_1_46' title='bbox 863 544 1044 602; x_wconf 71' lang='grc' dir='ltr'><strong><em>ὑπεράνω</em></strong></span> <span class='ocrx_word' id='word_1_47' title='bbox 1061 551 1140 588; x_wconf 80' lang='grc' dir='ltr'>τῶν</span> <span class='ocrx_word' id='word_1_48' title='bbox 1158 547 1369 602; x_wconf 76' lang='grc' dir='ltr'><em>εἰρημένων</em></span> <span class='ocrx_word' id='word_1_49' title='bbox 1384 545 1527 602; x_wconf 85' lang='grc' dir='ltr'><strong><em>χώρων</em></strong></span> <span class='ocrx_word' id='word_1_50' title='bbox 1547 547 1612 587; x_wconf 79' lang='grc' dir='ltr'>καὶ</span> <span class='ocrx_word' id='word_1_51' title='bbox 1630 546 1762 602; x_wconf 62' lang='grc' dir='ltr'>71ρόςῦ</span> 
     </span>
     <span class='ocr_line' id='line_1_8' title="bbox 312 607 1730 669; baseline 0.001 -16"><span class='ocrx_word' id='word_1_52' title='bbox 312 615 475 668; x_wconf 81' lang='grc' dir='ltr'><em>Βορρᾶν</em></span> <span class='ocrx_word' id='word_1_53' title='bbox 492 610 653 654; x_wconf 77' lang='grc' dir='ltr'>νεύοντα</span> <span class='ocrx_word' id='word_1_54' title='bbox 670 611 743 667; x_wconf 71' lang='grc' dir='ltr'>ὑφ’</span> <span class='ocrx_word' id='word_1_55' title='bbox 767 611 906 655; x_wconf 64' lang='grc' dir='ltr'><strong><em>ἑαυτὸν</em></strong></span> <span class='ocrx_word' id='word_1_56' title='bbox 925 613 1046 667; x_wconf 71' lang='grc' dir='ltr'><strong><em>ἴσχεν.</em></strong></span> <span class='ocrx_word' id='word_1_57' title='bbox 1094 614 1210 669; x_wconf 79' lang='grc' dir='ltr'><strong><em>μέχρι</em></strong></span> <span class='ocrx_word' id='word_1_58' title='bbox 1233 614 1304 666; x_wconf 78' lang='grc' dir='ltr'>μὲν</span> <span class='ocrx_word' id='word_1_59' title='bbox 1326 607 1396 655; x_wconf 71' lang='grc' dir='ltr'>οὖν</span> <span class='ocrx_word' id='word_1_60' title='bbox 1417 615 1488 659; x_wconf 73' lang='grc' dir='ltr'>καὶ</span> <span class='ocrx_word' id='word_1_61' title='bbox 1503 613 1635 655; x_wconf 76' lang='grc' dir='ltr'><strong><em>αὐτῶν</em></strong></span> <span class='ocrx_word' id='word_1_62' title='bbox 1650 616 1730 655; x_wconf 74' lang='grc' dir='ltr'>τῶν</span> 
     </span>
     <span class='ocr_line' id='line_1_9' title="bbox 311 678 1735 737; baseline 0 -15"><span class='ocrx_word' id='word_1_63' title='bbox 311 683 448 733; x_wconf 80' lang='grc' dir='ltr'><strong><em>τειχῶν</em></strong></span> <span class='ocrx_word' id='word_1_64' title='bbox 464 683 537 734; x_wconf 85' lang='grc' dir='ltr'>τῆς</span> <span class='ocrx_word' id='word_1_65' title='bbox 555 681 854 722; x_wconf 83' lang='grc' dir='ltr'><strong><em>Κωνσταντίνου</em></strong></span> <span class='ocrx_word' id='word_1_66' title='bbox 878 683 942 723; x_wconf 84' lang='grc' dir='ltr'>καὶ</span> <span class='ocrx_word' id='word_1_67' title='bbox 963 678 1182 737; x_wconf 80' lang='grc' dir='ltr'><strong><em>ἀμφότεροι</em></strong></span> <span class='ocrx_word' id='word_1_68' title='bbox 1201 679 1501 735; x_wconf 80' lang='grc' dir='ltr'><strong><em>κατηντήκεσαν,</em></strong></span> <span class='ocrx_word' id='word_1_69' title='bbox 1525 683 1596 722; x_wconf 78' lang='grc' dir='ltr'>τοῦ</span> <span class='ocrx_word' id='word_1_70' title='bbox 1615 679 1735 736; x_wconf 77' lang='grc' dir='ltr'><strong><em>ῥηγὸς</em></strong></span> 
     </span>
    </p>

    <p class='ocr_par' dir='ltr' id='par_1_4' title="bbox 262 745 1732 872">
     <span class='ocr_line' id='line_1_10' title="bbox 262 745 1732 805; baseline 0.001 -16"><span class='ocrx_word' id='word_1_71' title='bbox 262 745 489 790; x_wconf 81' lang='grc' dir='ltr'><strong><em>ΒἸωάννου</em></strong></span> <span class='ocrx_word' id='word_1_72' title='bbox 523 747 589 787; x_wconf 70' lang='grc' dir='ltr'>ἐπ’</span> <span class='ocrx_word' id='word_1_73' title='bbox 630 748 760 789; x_wconf 80' lang='grc' dir='ltr'><strong><em>αὐτῶν</em></strong></span> <span class='ocrx_word' id='word_1_74' title='bbox 789 749 1053 801; x_wconf 74' lang='grc' dir='ltr'>καθεζομένου</span> <span class='ocrx_word' id='word_1_75' title='bbox 1083 750 1147 790; x_wconf 82' lang='grc' dir='ltr'>καὶ</span> <span class='ocrx_word' id='word_1_76' title='bbox 1177 753 1458 805; x_wconf 72' lang='grc' dir='ltr'><strong><em>καθορῶντος,</em></strong></span> <span class='ocrx_word' id='word_1_77' title='bbox 1496 749 1564 790; x_wconf 70' lang='grc' dir='ltr'>καὶ</span> <span class='ocrx_word' id='word_1_78' title='bbox 1592 749 1732 791; x_wconf 69' lang='lat' dir='ltr'>molar</span> 
     </span>
     <span class='ocr_line' id='line_1_11' title="bbox 309 814 1732 872; baseline 0.001 -17"><span class='ocrx_word' id='word_1_79' title='bbox 309 814 459 868; x_wconf 82' lang='grc' dir='ltr'><strong><em>πολλὴν</em></strong></span> <span class='ocrx_word' id='word_1_80' title='bbox 477 820 558 863; x_wconf 79' lang='grc' dir='ltr'><strong><em>τοῖς</em></strong></span> <span class='ocrx_word' id='word_1_81' title='bbox 574 815 770 864; x_wconf 81' lang='grc' dir='ltr'>Λατίνοις</span> <span class='ocrx_word' id='word_1_82' title='bbox 788 816 971 868; x_wconf 77' lang='grc' dir='ltr'><strong><em>ἐνέβαλον</em></strong></span> <span class='ocrx_word' id='word_1_83' title='bbox 983 847 996 866; x_wconf 86' lang='grc'>,</span> <span class='ocrx_word' id='word_1_84' title='bbox 1025 818 1090 857; x_wconf 81' lang='grc' dir='ltr'>καὶ</span> <span class='ocrx_word' id='word_1_85' title='bbox 1112 817 1152 857; x_wconf 72' lang='grc' dir='ltr'>ἐν</span> <span class='ocrx_word' id='word_1_86' title='bbox 1170 820 1292 872; x_wconf 77' lang='grc' dir='ltr'><strong><em>στενῷ</em></strong></span> <span class='ocrx_word' id='word_1_87' title='bbox 1311 818 1455 871; x_wconf 73' lang='grc' dir='ltr'><strong><em>κομιδῇ</em></strong></span> <span class='ocrx_word' id='word_1_88' title='bbox 1473 815 1524 857; x_wconf 81' lang='grc' dir='ltr'>τὰ</span> <span class='ocrx_word' id='word_1_89' title='bbox 1542 815 1634 857; x_wconf 77' lang='grc' dir='ltr'><strong><em>κατ’</em></strong></span> <span class='ocrx_word' id='word_1_90' title='bbox 1656 814 1732 857; x_wconf 56' lang='grc' dir='ltr'>αὖε-</span> 
     </span>
    </p>

    <p class='ocr_par' dir='ltr' id='par_1_5' title="bbox 279 879 1787 1075">
     <span class='ocr_line' id='line_1_12' title="bbox 279 879 1787 940; baseline -0.001 -16"><span class='ocrx_word' id='word_1_91' title='bbox 279 882 282 886; x_wconf 72' lang='grc'><strong>’</strong></span> <span class='ocrx_word' id='word_1_92' title='bbox 310 882 403 931; x_wconf 75' lang='grc' dir='ltr'><strong><em>τοὺς</em></strong></span> <span class='ocrx_word' id='word_1_93' title='bbox 434 881 582 926; x_wconf 70' lang='grc' dir='ltr'><strong><em>ἔθεντο.</em></strong></span> <span class='ocrx_word' id='word_1_94' title='bbox 649 884 729 923; x_wconf 73' lang='grc' dir='ltr'>ἐπεὶ</span> <span class='ocrx_word' id='word_1_95' title='bbox 764 884 806 924; x_wconf 81' lang='grc' dir='ltr'>δὲ</span> <span class='ocrx_word' id='word_1_96' title='bbox 833 881 853 924; x_wconf 84' lang='grc' dir='ltr'><em>ὃ</em></span> <span class='ocrx_word' id='word_1_97' title='bbox 886 887 957 925; x_wconf 84' lang='grc' dir='ltr'>τοῦ</span> <span class='ocrx_word' id='word_1_98' title='bbox 984 882 1216 939; x_wconf 80' lang='grc' dir='ltr'><strong><em>μετοπώρου</em></strong></span> <span class='ocrx_word' id='word_1_99' title='bbox 1245 882 1447 940; x_wconf 84' lang='grc' dir='ltr'><strong><em>παρερρύη</em></strong></span> <span class='ocrx_word' id='word_1_100' title='bbox 1467 882 1603 939; x_wconf 80' lang='grc' dir='ltr'><strong><em>καιρὸς</em></strong></span> <span class='ocrx_word' id='word_1_101' title='bbox 1622 883 1688 924; x_wconf 77' lang='grc' dir='ltr'>καὶ</span> <span class='ocrx_word' id='word_1_102' title='bbox 1709 879 1787 924; x_wconf 68' lang='lat'>510</span> 
     </span>
     <span class='ocr_line' id='line_1_13' title="bbox 307 948 1733 1004; baseline 0 -13"><span class='ocrx_word' id='word_1_103' title='bbox 307 948 456 1002; x_wconf 79' lang='grc' dir='ltr'><strong><em>χειμὼν</em></strong></span> <span class='ocrx_word' id='word_1_104' title='bbox 487 948 656 1004; x_wconf 77' lang='grc' dir='ltr'><strong><em>ἤγγιζεν,</em></strong></span> <span class='ocrx_word' id='word_1_105' title='bbox 692 949 876 1004; x_wconf 79' lang='grc' dir='ltr'><strong><em>ἀλλήλοις</em></strong></span> <span class='ocrx_word' id='word_1_106' title='bbox 910 950 1191 1004; x_wconf 78' lang='grc' dir='ltr'><strong><em>συνταξάμενοι</em></strong></span> <span class='ocrx_word' id='word_1_107' title='bbox 1229 949 1251 992; x_wconf 83' lang='grc' dir='ltr'>ὅ</span> <span class='ocrx_word' id='word_1_108' title='bbox 1281 967 1321 993; x_wconf 85' lang='grc' dir='ltr'>τε</span> <span class='ocrx_word' id='word_1_109' title='bbox 1349 950 1536 1004; x_wconf 77' lang='grc' dir='ltr'><strong><em>βασιλεὺς</em></strong></span> <span class='ocrx_word' id='word_1_110' title='bbox 1551 948 1733 1003; x_wconf 68' lang='grc' dir='ltr'><strong><em>Ἰωάννης</em></strong></span> 
     </span>
     <span class='ocr_line' id='line_1_14' title="bbox 311 1014 1731 1075; baseline 0.001 -18"><span class='ocrx_word' id='word_1_111' title='bbox 311 1018 377 1058; x_wconf 82' lang='grc' dir='ltr'>καὶ</span> <span class='ocrx_word' id='word_1_112' title='bbox 409 1014 430 1057; x_wconf 82' lang='grc' dir='ltr'><strong>ὅ</strong></span> <span class='ocrx_word' id='word_1_113' title='bbox 449 1016 568 1058; x_wconf 79' lang='grc' dir='ltr'><strong><em>Ἀσὰν</em></strong></span> <span class='ocrx_word' id='word_1_114' title='bbox 597 1015 616 1057; x_wconf 83' lang='grc' dir='ltr'><strong><em>ὃ</em></strong></span> <span class='ocrx_word' id='word_1_115' title='bbox 653 1017 724 1070; x_wconf 74' lang='grc' dir='ltr'>μὲν</span> <span class='ocrx_word' id='word_1_116' title='bbox 745 1020 799 1067; x_wconf 84' lang='grc' dir='ltr'>εἷς</span> <span class='ocrx_word' id='word_1_117' title='bbox 819 1018 889 1072; x_wconf 86' lang='grc' dir='ltr'>τὴν</span> <span class='ocrx_word' id='word_1_118' title='bbox 910 1020 1054 1060; x_wconf 82' lang='grc' dir='ltr'><strong><em>οῗκειάν</em></strong></span> <span class='ocrx_word' id='word_1_119' title='bbox 1073 1017 1211 1075; x_wconf 81' lang='grc' dir='ltr'><strong><em>χώραν</em></strong></span> <span class='ocrx_word' id='word_1_120' title='bbox 1235 1022 1314 1060; x_wconf 80' lang='grc' dir='ltr'>τῶν</span> <span class='ocrx_word' id='word_1_121' title='bbox 1338 1016 1580 1074; x_wconf 81' lang='grc' dir='ltr'><strong><em>Βουλγάρων</em></strong></span> <span class='ocrx_word' id='word_1_122' title='bbox 1596 1023 1731 1074; x_wconf 76' lang='grc' dir='ltr'><strong><em>χωρεῖ,</em></strong></span> 
     </span>
    </p>

    <p class='ocr_par' dir='ltr' id='par_1_6' title="bbox 311 1081 1023 1144">
     <span class='ocr_line' id='line_1_15' title="bbox 311 1081 1023 1144; baseline 0.004 -20"><span class='ocrx_word' id='word_1_123' title='bbox 311 1081 332 1124; x_wconf 84' lang='grc' dir='ltr'><strong>ὅ</strong></span> <span class='ocrx_word' id='word_1_124' title='bbox 355 1084 398 1125; x_wconf 78' lang='grc' dir='ltr'>δὲ</span> <span class='ocrx_word' id='word_1_125' title='bbox 413 1084 601 1137; x_wconf 79' lang='grc' dir='ltr'><strong><em>βασιλεὺς</em></strong></span> <span class='ocrx_word' id='word_1_126' title='bbox 619 1085 659 1134; x_wconf 71' lang='grc' dir='ltr'>ἐς</span> <span class='ocrx_word' id='word_1_127' title='bbox 680 1085 750 1138; x_wconf 80' lang='grc' dir='ltr'>τὴν</span> <span class='ocrx_word' id='word_1_128' title='bbox 772 1086 822 1127; x_wconf 71' lang='grc' dir='ltr'>ἕω</span> <span class='ocrx_word' id='word_1_129' title='bbox 844 1088 1023 1144; x_wconf 77' lang='grc' dir='ltr'>διαπερᾷ.</span> 
     </span>
    </p>

    <p class='ocr_par' dir='ltr' id='par_1_7' title="bbox 305 1149 1801 1409">
     <span class='ocr_line' id='line_1_16' title="bbox 443 1149 1733 1208; baseline 0 -13"><span class='ocrx_word' id='word_1_130' title='bbox 443 1149 519 1195; x_wconf 85' lang='grc'>34.</span> <span class='ocrx_word' id='word_1_131' title='bbox 581 1151 687 1193; x_wconf 72' lang='grc' dir='ltr'><strong><em>Ἐπεὶ</em></strong></span> <span class='ocrx_word' id='word_1_132' title='bbox 707 1153 749 1193; x_wconf 73' lang='grc' dir='ltr'>δὲ</span> <span class='ocrx_word' id='word_1_133' title='bbox 768 1150 788 1193; x_wconf 85' lang='grc' dir='ltr'>ὁ</span> <span class='ocrx_word' id='word_1_134' title='bbox 808 1153 893 1201; x_wconf 78' lang='grc' dir='ltr'><strong><em>υἱὸς</em></strong></span> <span class='ocrx_word' id='word_1_135' title='bbox 910 1154 1033 1193; x_wconf 82' lang='grc' dir='ltr'><strong><em>αὐτοῦ</em></strong></span> <span class='ocrx_word' id='word_1_136' title='bbox 1054 1150 1262 1208; x_wconf 77' lang='grc' dir='ltr'><strong><em>Θεόδωρος</em></strong></span> <span class='ocrx_word' id='word_1_137' title='bbox 1277 1151 1429 1208; x_wconf 74' lang='grc' dir='ltr'><strong><em>ἀφῆλιξ·</em></strong></span> <span class='ocrx_word' id='word_1_138' title='bbox 1442 1149 1646 1207; x_wconf 74' lang='grc' dir='ltr'><strong><em>ἐτύγχανεν</em></strong></span> <span class='ocrx_word' id='word_1_139' title='bbox 1664 1151 1733 1204; x_wconf 61' lang='grc' dir='ltr'>ὢν,</span> 
     </span>
     <span class='ocr_line' id='line_1_17' title="bbox 312 1216 1801 1274; baseline 0.001 -16"><span class='ocrx_word' id='word_1_140' title='bbox 312 1216 516 1259; x_wconf 67' lang='grc' dir='ltr'><strong><em>ἑνδέκατον</em></strong></span> <span class='ocrx_word' id='word_1_141' title='bbox 542 1217 618 1273; x_wconf 81' lang='grc' dir='ltr'>γὰρ</span> <span class='ocrx_word' id='word_1_142' title='bbox 654 1217 806 1271; x_wconf 76' lang='grc' dir='ltr'><strong><em>διήνυεν</em></strong></span> <span class='ocrx_word' id='word_1_143' title='bbox 837 1219 943 1269; x_wconf 66' lang='grc' dir='ltr'><strong><em>ἔτος,</em></strong></span> <span class='ocrx_word' id='word_1_144' title='bbox 979 1218 1109 1274; x_wconf 80' lang='grc' dir='ltr'><strong><em>ὥσπερ</em></strong></span> <span class='ocrx_word' id='word_1_145' title='bbox 1143 1218 1313 1274; x_wconf 65' lang='grc' dir='ltr'><strong><em>ἔφημεν,</em></strong></span> <span class='ocrx_word' id='word_1_146' title='bbox 1351 1217 1465 1272; x_wconf 73' lang='grc' dir='ltr'><strong><em>ἡνίκα</em></strong></span> <span class='ocrx_word' id='word_1_147' title='bbox 1486 1224 1536 1274; x_wconf 83' lang='grc' dir='ltr'>τῇ</span> <span class='ocrx_word' id='word_1_148' title='bbox 1558 1220 1734 1272; x_wconf 66' lang='grc' dir='ltr'><strong><em>’βασιλίδι</em></strong></span> <span class='ocrx_word' id='word_1_149' title='bbox 1745 1223 1801 1260; x_wconf 78' lang='grc'>15-</span> 
     </span>
     <span class='ocr_line' id='line_1_18' title="bbox 305 1282 1735 1341; baseline 0.004 -18"><span class='ocrx_word' id='word_1_150' title='bbox 305 1282 440 1339; x_wconf 58' lang='lat' dir='ltr'>‘Ea-{vy</span> <span class='ocrx_word' id='word_1_151' title='bbox 466 1286 506 1332; x_wconf 76' lang='grc' dir='ltr'>ἐς</span> <span class='ocrx_word' id='word_1_152' title='bbox 532 1287 742 1326; x_wconf 82' lang='grc' dir='ltr'><strong><em>συνουσίαν</em></strong></span> <span class='ocrx_word' id='word_1_153' title='bbox 762 1285 895 1338; x_wconf 60' lang='grc' dir='ltr'><strong><em>ἔζιιενον</em></strong></span> <span class='ocrx_word' id='word_1_154' title='bbox 918 1287 1048 1338; x_wconf 70' lang='grc' dir='ltr'><strong><em>ἀτελῆ.</em></strong></span> <span class='ocrx_word' id='word_1_155' title='bbox 1117 1284 1304 1340; x_wconf 79' lang='grc' dir='ltr'><strong><em>ἀνήγοντο</em></strong></span> <span class='ocrx_word' id='word_1_156' title='bbox 1328 1286 1370 1326; x_wconf 80' lang='grc' dir='ltr'>δὲ</span> <span class='ocrx_word' id='word_1_157' title='bbox 1392 1285 1502 1341; x_wconf 83' lang='grc' dir='ltr'><strong><em>παρὰ</em></strong></span> <span class='ocrx_word' id='word_1_158' title='bbox 1522 1290 1593 1340; x_wconf 79' lang='grc' dir='ltr'>τῆς</span> <span class='ocrx_word' id='word_1_159' title='bbox 1614 1283 1735 1340; x_wconf 78' lang='grc' dir='ltr'><strong><em>βασι-</em></strong></span> 
     </span>
     <span class='ocr_line' id='line_1_19' title="bbox 312 1348 1736 1409; baseline 0.004 -19"><span class='ocrx_word' id='word_1_160' title='bbox 312 1352 421 1399; x_wconf 67' lang='lat' dir='ltr'>mog</span> <span class='ocrx_word' id='word_1_161' title='bbox 451 1348 623 1406; x_wconf 76' lang='grc' dir='ltr'><strong><em>Εἰρήνης</em></strong></span> <span class='ocrx_word' id='word_1_162' title='bbox 652 1353 718 1392; x_wconf 83' lang='grc' dir='ltr'>καὶ</span> <span class='ocrx_word' id='word_1_163' title='bbox 751 1350 1022 1402; x_wconf 72' lang='grc' dir='ltr'><strong><em>ἐπαιδεύοντο,</em></strong></span> <span class='ocrx_word' id='word_1_164' title='bbox 1059 1349 1125 1394; x_wconf 77' lang='grc' dir='ltr'>οἷα</span> <span class='ocrx_word' id='word_1_165' title='bbox 1152 1354 1274 1406; x_wconf 73' lang='grc' dir='ltr'><strong><em>ἐκείνη</em></strong></span> <span class='ocrx_word' id='word_1_166' title='bbox 1305 1350 1460 1409; x_wconf 83' lang='grc' dir='ltr'><strong><em>φύσεως</em></strong></span> <span class='ocrx_word' id='word_1_167' title='bbox 1483 1354 1642 1408; x_wconf 74' lang='grc' dir='ltr'><strong><em>ἀγαθῆς</em></strong></span> <span class='ocrx_word' id='word_1_168' title='bbox 1665 1370 1736 1395; x_wconf 79' lang='grc' dir='ltr'>τυ-</span> 
     </span>
    </p>

    <p class='ocr_par' dir='ltr' id='par_1_8' title="bbox 266 1415 1792 1678">
     <span class='ocr_line' id='line_1_20' title="bbox 266 1415 1738 1484; baseline 0.003 -26"><span class='ocrx_word' id='word_1_169' title='bbox 266 1430 295 1484; x_wconf 53' lang='lat' dir='ltr'>c:</span> <span class='ocrx_word' id='word_1_170' title='bbox 314 1422 444 1471; x_wconf 79' lang='grc' dir='ltr'>χοῦσα</span> <span class='ocrx_word' id='word_1_171' title='bbox 466 1419 531 1459; x_wconf 87' lang='grc' dir='ltr'>καὶ</span> <span class='ocrx_word' id='word_1_172' title='bbox 550 1418 648 1473; x_wconf 87' lang='grc' dir='ltr'><strong><em>πρὸς</em></strong></span> <span class='ocrx_word' id='word_1_173' title='bbox 671 1417 776 1460; x_wconf 79' lang='grc' dir='ltr'><strong><em>ἅπαν</em></strong></span> <span class='ocrx_word' id='word_1_174' title='bbox 798 1419 918 1461; x_wconf 84' lang='grc' dir='ltr'><strong><em>καλὸν</em></strong></span> <span class='ocrx_word' id='word_1_175' title='bbox 939 1417 1181 1461; x_wconf 75' lang='grc' dir='ltr'><strong><em>ἐπινεύουσα.</em></strong></span> <span class='ocrx_word' id='word_1_176' title='bbox 1248 1420 1298 1462; x_wconf 80' lang='grc' dir='ltr'>τὰ</span> <span class='ocrx_word' id='word_1_177' title='bbox 1318 1421 1390 1473; x_wconf 78' lang='grc' dir='ltr'>μὲν</span> <span class='ocrx_word' id='word_1_178' title='bbox 1411 1415 1480 1462; x_wconf 71' lang='grc' dir='ltr'>οὖν</span> <span class='ocrx_word' id='word_1_179' title='bbox 1499 1425 1578 1463; x_wconf 79' lang='grc' dir='ltr'>τῶν</span> <span class='ocrx_word' id='word_1_180' title='bbox 1600 1422 1738 1464; x_wconf 77' lang='grc' dir='ltr'><strong><em>Λατί-</em></strong></span> 
     </span>
     <span class='ocr_line' id='line_1_21' title="bbox 311 1483 1735 1544; baseline 0.003 -18"><span class='ocrx_word' id='word_1_181' title='bbox 311 1501 388 1526; x_wconf 85' lang='grc' dir='ltr'>νων</span> <span class='ocrx_word' id='word_1_182' title='bbox 421 1483 636 1541; x_wconf 82' lang='grc' dir='ltr'><strong><em>πράγματα</em></strong></span> <span class='ocrx_word' id='word_1_183' title='bbox 668 1485 884 1540; x_wconf 79' lang='grc' dir='ltr'><strong><em>συνεστάλη</em></strong></span> <span class='ocrx_word' id='word_1_184' title='bbox 914 1504 955 1528; x_wconf 86' lang='grc' dir='ltr'>τε</span> <span class='ocrx_word' id='word_1_185' title='bbox 986 1485 1072 1528; x_wconf 81' lang='grc' dir='ltr'><strong><em>τότε</em></strong></span> <span class='ocrx_word' id='word_1_186' title='bbox 1103 1485 1226 1538; x_wconf 88' lang='grc' dir='ltr'><strong><em>πολύ,</em></strong></span> <span class='ocrx_word' id='word_1_187' title='bbox 1259 1489 1404 1544; x_wconf 85' lang='grc' dir='ltr'>καὶτῷ</span> <span class='ocrx_word' id='word_1_188' title='bbox 1428 1486 1536 1540; x_wconf 76' lang='grc' dir='ltr'><strong><em>κήδει</em></strong></span> <span class='ocrx_word' id='word_1_189' title='bbox 1560 1493 1638 1530; x_wconf 82' lang='grc' dir='ltr'>τῶν</span> <span class='ocrx_word' id='word_1_190' title='bbox 1664 1487 1735 1530; x_wconf 83' lang='grc' dir='ltr'>δύο</span> 
     </span>
     <span class='ocr_line' id='line_1_22' title="bbox 313 1551 1792 1610; baseline 0.001 -17"><span class='ocrx_word' id='word_1_191' title='bbox 313 1551 616 1608; x_wconf 75' lang='grc' dir='ltr'><strong><em>αὐτοκρατόρων</em></strong></span> <span class='ocrx_word' id='word_1_192' title='bbox 644 1555 698 1602; x_wconf 79' lang='grc' dir='ltr'>εἷς</span> <span class='ocrx_word' id='word_1_193' title='bbox 728 1554 908 1596; x_wconf 81' lang='grc' dir='ltr'><strong><em>ταπεινὸν</em></strong></span> <span class='ocrx_word' id='word_1_194' title='bbox 936 1553 1035 1608; x_wconf 78' lang='grc' dir='ltr'><strong><em>ἄγαν</em></strong></span> <span class='ocrx_word' id='word_1_195' title='bbox 1065 1553 1354 1596; x_wconf 76' lang='grc' dir='ltr'><strong><em>καταπεπτώκει</em></strong></span> <span class='ocrx_word' id='word_1_196' title='bbox 1379 1555 1423 1595; x_wconf 87' lang='grc' dir='ltr'>τὸ</span> <span class='ocrx_word' id='word_1_197' title='bbox 1447 1553 1646 1610; x_wconf 77' lang='grc' dir='ltr'><strong><em>φρόνημα.</em></strong></span> <span class='ocrx_word' id='word_1_198' title='bbox 1713 1554 1792 1598; x_wconf 72' lang='lat'>520</span> 
     </span>
     <span class='ocr_line' id='line_1_23' title="bbox 315 1619 1736 1678; baseline 0.004 -18"><span class='ocrx_word' id='word_1_199' title='bbox 315 1620 358 1661; x_wconf 79' lang='grc' dir='ltr'>δὲ</span> <span class='ocrx_word' id='word_1_200' title='bbox 385 1619 456 1676; x_wconf 79' lang='grc' dir='ltr'>ῥὴξ</span> <span class='ocrx_word' id='word_1_201' title='bbox 475 1619 657 1674; x_wconf 79' lang='grc' dir='ltr'><strong><em>Ἰωάννης</em></strong></span> <span class='ocrx_word' id='word_1_202' title='bbox 675 1621 816 1678; x_wconf 83' lang='grc' dir='ltr'><strong><em>μικρὸν</em></strong></span> <span class='ocrx_word' id='word_1_203' title='bbox 838 1619 1051 1676; x_wconf 67' lang='grc' dir='ltr'><strong><em>ἐπιβιώσας</em></strong></span> <span class='ocrx_word' id='word_1_204' title='bbox 1066 1622 1107 1671; x_wconf 74' lang='grc' dir='ltr'>ἐξ</span> <span class='ocrx_word' id='word_1_205' title='bbox 1124 1620 1347 1678; x_wconf 75' lang='grc' dir='ltr'><strong><em>ἀνθρώπων</em></strong></span> <span class='ocrx_word' id='word_1_206' title='bbox 1364 1622 1508 1676; x_wconf 74' lang='grc' dir='ltr'><strong><em>ἐγένετο</em></strong></span> <span class='ocrx_word' id='word_1_207' title='bbox 1517 1654 1531 1674; x_wconf 83' lang='grc'>,</span> <span class='ocrx_word' id='word_1_208' title='bbox 1565 1624 1636 1677; x_wconf 84' lang='grc' dir='ltr'>τὴν</span> <span class='ocrx_word' id='word_1_209' title='bbox 1665 1628 1736 1678; x_wconf 84' lang='grc' dir='ltr'>τῆς</span> 
     </span>
    </p>
   </div>
   <div class='ocr_carea' id='block_1_4' title="bbox 403 1755 1738 2031">
    <p class='ocr_par' dir='ltr' id='par_1_9' title="bbox 403 1755 1738 2031">
     <span class='ocr_line' id='line_1_24' title="bbox 407 1755 1735 1805; baseline 0.002 -11"><span class='ocrx_word' id='word_1_210' title='bbox 407 1761 424 1794; x_wconf 85' lang='grc'><strong>1</strong></span> <span class='ocrx_word' id='word_1_211' title='bbox 452 1755 571 1803; x_wconf 82' lang='grc' dir='ltr'><strong><em>ἄνδρα</em></strong></span> <span class='ocrx_word' id='word_1_212' title='bbox 592 1781 635 1786; x_wconf 92' lang='grc'>-</span> <span class='ocrx_word' id='word_1_213' title='bbox 653 1762 676 1794; x_wconf 84' lang='grc'>4</span> <span class='ocrx_word' id='word_1_214' title='bbox 691 1759 982 1805; x_wconf 79' lang='grc' dir='ltr'>κατωρθωκότα]</span> <span class='ocrx_word' id='word_1_215' title='bbox 1007 1760 1116 1795; x_wconf 80' lang='grc' dir='ltr'><strong><em>τοῦτο</em></strong></span> <span class='ocrx_word' id='word_1_216' title='bbox 1143 1759 1181 1794; x_wconf 78' lang='grc' dir='ltr'>δὲ</span> <span class='ocrx_word' id='word_1_217' title='bbox 1199 1758 1242 1795; x_wconf 84' lang='grc' dir='ltr'>τὸ</span> <span class='ocrx_word' id='word_1_218' title='bbox 1262 1760 1326 1804; x_wconf 81' lang='grc' dir='ltr'>τῆς</span> <span class='ocrx_word' id='word_1_219' title='bbox 1353 1759 1566 1804; x_wconf 79' lang='grc' dir='ltr'><strong><em>Τζουρουλῶ</em></strong></span> <span class='ocrx_word' id='word_1_220' title='bbox 1584 1759 1630 1797; x_wconf 74' lang='grc' dir='ltr'>οὐ</span> <span class='ocrx_word' id='word_1_221' title='bbox 1645 1761 1735 1805; x_wconf 69' lang='grc' dir='ltr'>μετὰ</span> 
     </span>
     <span class='ocr_line' id='line_1_25' title="bbox 406 1803 1736 1851; baseline 0.003 -13"><span class='ocrx_word' id='word_1_222' title='bbox 406 1804 521 1839; x_wconf 82' lang='grc' dir='ltr'><strong><em>πολὺν</em></strong></span> <span class='ocrx_word' id='word_1_223' title='bbox 545 1803 676 1848; x_wconf 80' lang='grc' dir='ltr'><strong><em>χρόνον</em></strong></span> <span class='ocrx_word' id='word_1_224' title='bbox 702 1803 776 1840; x_wconf 71' lang='grc' dir='ltr'>’ὑπὸ</span> <span class='ocrx_word' id='word_1_225' title='bbox 802 1806 875 1840; x_wconf 77' lang='grc' dir='ltr'>τῶν</span> <span class='ocrx_word' id='word_1_226' title='bbox 897 1803 1102 1849; x_wconf 81' lang='grc' dir='ltr'><strong><em>Ῥωμαϊκῶν</em></strong></span> <span class='ocrx_word' id='word_1_227' title='bbox 1129 1803 1221 1840; x_wconf 77' lang='grc' dir='ltr'>ἑάλω</span> <span class='ocrx_word' id='word_1_228' title='bbox 1249 1803 1487 1849; x_wconf 79' lang='grc' dir='ltr'><strong><em>δυνάμεωνῡ</em></strong></span> <span class='ocrx_word' id='word_1_229' title='bbox 1621 1807 1642 1842; x_wconf 87' lang='grc'><strong><em>5</em></strong></span> <span class='ocrx_word' id='word_1_230' title='bbox 1668 1819 1736 1851; x_wconf 83' lang='grc' dir='ltr'>χω-</span> 
     </span>
     <span class='ocr_line' id='line_1_26' title="bbox 405 1848 1738 1894; baseline 0.004 -12"><span class='ocrx_word' id='word_1_231' title='bbox 405 1851 493 1892; x_wconf 82' lang='grc' dir='ltr'><strong><em>ρίων</em></strong></span> <span class='ocrx_word' id='word_1_232' title='bbox 510 1851 541 1882; x_wconf 88' lang='lat' dir='ltr'>D</span> <span class='ocrx_word' id='word_1_233' title='bbox 687 1851 748 1884; x_wconf 81' lang='grc' dir='ltr'>καὶ</span> <span class='ocrx_word' id='word_1_234' title='bbox 766 1849 812 1883; x_wconf 82' lang='grc' dir='ltr'>τὰ</span> <span class='ocrx_word' id='word_1_235' title='bbox 829 1849 922 1894; x_wconf 80' lang='grc' dir='ltr'><strong><em>πρὸς</em></strong></span> <span class='ocrx_word' id='word_1_236' title='bbox 941 1853 968 1884; x_wconf 83' lang='lat'>1)</span> <span class='ocrx_word' id='word_1_237' title='bbox 1103 1853 1145 1886; x_wconf 88' lang='lat'>10</span> <span class='ocrx_word' id='word_1_238' title='bbox 1169 1848 1188 1885; x_wconf 86' lang='grc' dir='ltr'>ὁ</span> <span class='ocrx_word' id='word_1_239' title='bbox 1208 1870 1250 1876; x_wconf 87' lang='grc'>-</span> <span class='ocrx_word' id='word_1_240' title='bbox 1267 1850 1330 1885; x_wconf 79' lang='grc' dir='ltr'>καὶ</span> <span class='ocrx_word' id='word_1_241' title='bbox 1349 1862 1401 1884; x_wconf 90' lang='lat' dir='ltr'>om</span> <span class='ocrx_word' id='word_1_242' title='bbox 1422 1851 1452 1884; x_wconf 83' lang='lat'>1)</span> <span class='ocrx_word' id='word_1_243' title='bbox 1508 1860 1509 1863; x_wconf 78' lang='grc'>’</span> <span class='ocrx_word' id='word_1_244' title='bbox 1589 1853 1630 1887; x_wconf 88' lang='grc'>11</span> <span class='ocrx_word' id='word_1_245' title='bbox 1654 1863 1738 1887; x_wconf 84' lang='grc' dir='ltr'><strong><em>συν-</em></strong></span> 
     </span>
     <span class='ocr_line' id='line_1_27' title="bbox 403 1892 1738 1940; baseline 0.001 -11"><span class='ocrx_word' id='word_1_246' title='bbox 403 1893 598 1937; x_wconf 77' lang='grc' dir='ltr'><strong><em>ταξάμενοι</em></strong></span> <span class='ocrx_word' id='word_1_247' title='bbox 627 1894 646 1931; x_wconf 85' lang='grc' dir='ltr'>ὁ</span> <span class='ocrx_word' id='word_1_248' title='bbox 673 1893 738 1938; x_wconf 74' lang='grc' dir='ltr'>μὲν</span> <span class='ocrx_word' id='word_1_249' title='bbox 761 1893 869 1929; x_wconf 86' lang='grc' dir='ltr'>Ἀσὰν</span> <span class='ocrx_word' id='word_1_250' title='bbox 885 1897 936 1936; x_wconf 80' lang='grc' dir='ltr'>εἰς</span> <span class='ocrx_word' id='word_1_251' title='bbox 955 1893 1002 1930; x_wconf 75' lang='grc' dir='ltr'>τοὶ</span> <span class='ocrx_word' id='word_1_252' title='bbox 1022 1895 1133 1936; x_wconf 80' lang='grc' dir='ltr'><strong><em>οἴκοι,</em></strong></span> <span class='ocrx_word' id='word_1_253' title='bbox 1159 1892 1178 1929; x_wconf 85' lang='grc' dir='ltr'>ὁ</span> <span class='ocrx_word' id='word_1_254' title='bbox 1201 1893 1238 1928; x_wconf 79' lang='grc' dir='ltr'>δὲ</span> <span class='ocrx_word' id='word_1_255' title='bbox 1256 1894 1422 1940; x_wconf 78' lang='grc' dir='ltr'><strong><em>βασιλεὺς</em></strong></span> <span class='ocrx_word' id='word_1_256' title='bbox 1439 1896 1489 1935; x_wconf 83' lang='grc' dir='ltr'>εἰς</span> <span class='ocrx_word' id='word_1_257' title='bbox 1509 1894 1555 1931; x_wconf 79' lang='grc' dir='ltr'>ἕω</span> <span class='ocrx_word' id='word_1_258' title='bbox 1575 1896 1738 1940; x_wconf 83' lang='grc' dir='ltr'><strong><em>διεπέρα-</em></strong></span> 
     </span>
     <span class='ocr_line' id='line_1_28' title="bbox 406 1938 1737 1986; baseline 0.004 -14"><span class='ocrx_word' id='word_1_259' title='bbox 406 1949 467 1972; x_wconf 83' lang='grc' dir='ltr'>σεν</span> <span class='ocrx_word' id='word_1_260' title='bbox 496 1941 524 1972; x_wconf 89' lang='grc' dir='ltr'>Ι)</span> <span class='ocrx_word' id='word_1_261' title='bbox 661 1943 703 1974; x_wconf 83' lang='lat'>14</span> <span class='ocrx_word' id='word_1_262' title='bbox 732 1938 829 1974; x_wconf 82' lang='grc' dir='ltr'><strong><em>Ἐπεὶ</em></strong></span> <span class='ocrx_word' id='word_1_263' title='bbox 854 1960 897 1966; x_wconf 90' lang='lat'>——-</span> <span class='ocrx_word' id='word_1_264' title='bbox 926 1939 1098 1985; x_wconf 82' lang='grc' dir='ltr'><strong><em>φρόνημα</em></strong></span> <span class='ocrx_word' id='word_1_265' title='bbox 1123 1951 1175 1973; x_wconf 89' lang='lat' dir='ltr'>om</span> <span class='ocrx_word' id='word_1_266' title='bbox 1200 1941 1229 1973; x_wconf 91' lang='lat' dir='ltr'>D</span> <span class='ocrx_word' id='word_1_267' title='bbox 1365 1942 1406 1975; x_wconf 89' lang='lat'>16</span> <span class='ocrx_word' id='word_1_268' title='bbox 1429 1938 1484 1985; x_wconf 80' lang='grc' dir='ltr'>ἐς]</span> <span class='ocrx_word' id='word_1_269' title='bbox 1509 1940 1737 1986; x_wconf 78' lang='grc' dir='ltr'><strong><em>συνεζεύχθη,</em></strong></span> 
     </span>
     <span class='ocr_line' id='line_1_29' title="bbox 405 1981 1524 2031; baseline 0.004 -14"><span class='ocrx_word' id='word_1_270' title='bbox 405 1982 451 2017; x_wconf 80' lang='grc' dir='ltr'>τὰ</span> <span class='ocrx_word' id='word_1_271' title='bbox 471 1981 534 2024; x_wconf 64' lang='grc' dir='ltr'>ἐςῗ</span> <span class='ocrx_word' id='word_1_272' title='bbox 671 1987 713 2020; x_wconf 89' lang='grc'>17</span> <span class='ocrx_word' id='word_1_273' title='bbox 736 1985 825 2019; x_wconf 76' lang='grc' dir='ltr'>0ἳόιῖ</span> <span class='ocrx_word' id='word_1_274' title='bbox 961 1987 1002 2021; x_wconf 89' lang='lat'>18</span> <span class='ocrx_word' id='word_1_275' title='bbox 1026 1983 1284 2020; x_wconf 70' lang='grc' dir='ltr'><strong><em>ἅπονεύουσοιῖ)</em></strong></span> <span class='ocrx_word' id='word_1_276' title='bbox 1307 1985 1353 2021; x_wconf 82' lang='lat' dir='ltr'>cf.</span> <span class='ocrx_word' id='word_1_277' title='bbox 1374 1997 1408 2031; x_wconf 86' lang='lat' dir='ltr'>p.</span> <span class='ocrx_word' id='word_1_278' title='bbox 1429 1986 1470 2021; x_wconf 80' lang='lat'>31</span> <span class='ocrx_word' id='word_1_279' title='bbox 1492 1997 1524 2021; x_wconf 85' lang='lat' dir='ltr'>a.</span> 
     </span>
    </p>
   </div>
   <div class='ocr_carea' id='block_1_5' title="bbox 318 2106 1743 2825">
    <p class='ocr_par' dir='ltr' id='par_1_10' title="bbox 318 2106 1742 2508">
     <span class='ocr_line' id='line_1_30' title="bbox 319 2106 1738 2154; baseline 0.002 -15"><span class='ocrx_word' id='word_1_280' title='bbox 319 2106 406 2151; x_wconf 84' lang='lat' dir='ltr'>apud</span> <span class='ocrx_word' id='word_1_281' title='bbox 423 2118 534 2141; x_wconf 91' lang='lat' dir='ltr'>omnes</span> <span class='ocrx_word' id='word_1_282' title='bbox 547 2107 626 2141; x_wconf 82' lang='lat' dir='ltr'>illud</span> <span class='ocrx_word' id='word_1_283' title='bbox 640 2108 809 2153; x_wconf 84' lang='lat' dir='ltr'>vulgatum</span> <span class='ocrx_word' id='word_1_284' title='bbox 824 2108 944 2152; x_wconf 86' lang='lat' dir='ltr'>fuerit,</span> <span class='ocrx_word' id='word_1_285' title='bbox 973 2108 1130 2143; x_wconf 85' lang='lat' dir='ltr'>neminem</span> <span class='ocrx_word' id='word_1_286' title='bbox 1152 2119 1258 2153; x_wconf 87' lang='lat' dir='ltr'>neque</span> <span class='ocrx_word' id='word_1_287' title='bbox 1272 2110 1349 2143; x_wconf 86' lang='lat' dir='ltr'>ante</span> <span class='ocrx_word' id='word_1_288' title='bbox 1366 2120 1436 2143; x_wconf 89' lang='lat' dir='ltr'>eum</span> <span class='ocrx_word' id='word_1_289' title='bbox 1452 2120 1558 2153; x_wconf 87' lang='lat' dir='ltr'>neque</span> <span class='ocrx_word' id='word_1_290' title='bbox 1572 2111 1650 2154; x_wconf 87' lang='lat' dir='ltr'>post</span> <span class='ocrx_word' id='word_1_291' title='bbox 1664 2120 1738 2143; x_wconf 88' lang='lat' dir='ltr'>eum</span> 
     </span>
     <span class='ocr_line' id='line_1_31' title="bbox 320 2152 1737 2198; baseline 0.002 -15"><span class='ocrx_word' id='word_1_292' title='bbox 320 2152 424 2184; x_wconf 88' lang='lat' dir='ltr'>fuisse</span> <span class='ocrx_word' id='word_1_293' title='bbox 439 2153 494 2195; x_wconf 92' lang='lat' dir='ltr'>qui</span> <span class='ocrx_word' id='word_1_294' title='bbox 509 2157 560 2186; x_wconf 86' lang='lat' dir='ltr'>tot</span> <span class='ocrx_word' id='word_1_295' title='bbox 575 2164 614 2186; x_wconf 87' lang='lat' dir='ltr'>ac</span> <span class='ocrx_word' id='word_1_296' title='bbox 629 2158 721 2187; x_wconf 75' lang='lat' dir='ltr'>tanta</span> <span class='ocrx_word' id='word_1_297' title='bbox 736 2155 884 2188; x_wconf 78' lang='lat' dir='ltr'>facinora</span> <span class='ocrx_word' id='word_1_298' title='bbox 898 2155 953 2188; x_wconf 84' lang='lat' dir='ltr'>vel</span> <span class='ocrx_word' id='word_1_299' title='bbox 969 2155 1139 2187; x_wconf 83' lang='lat' dir='ltr'>attentarit</span> <span class='ocrx_word' id='word_1_300' title='bbox 1159 2155 1288 2187; x_wconf 61' lang='lat' dir='ltr'>senicius</span> <span class='ocrx_word' id='word_1_301' title='bbox 1302 2154 1356 2187; x_wconf 88' lang='lat' dir='ltr'>vel</span> <span class='ocrx_word' id='word_1_302' title='bbox 1373 2154 1561 2198; x_wconf 74' lang='lat' dir='ltr'>prosperius</span> <span class='ocrx_word' id='word_1_303' title='bbox 1582 2154 1737 2197; x_wconf 78' lang='lat' dir='ltr'>gesserit,</span> 
     </span>
     <span class='ocr_line' id='line_1_32' title="bbox 320 2196 1739 2242; baseline 0.004 -15"><span class='ocrx_word' id='word_1_304' title='bbox 320 2201 358 2228; x_wconf 88' lang='lat' dir='ltr'>ut</span> <span class='ocrx_word' id='word_1_305' title='bbox 383 2196 459 2228; x_wconf 90' lang='lat' dir='ltr'>inde</span> <span class='ocrx_word' id='word_1_306' title='bbox 483 2197 609 2231; x_wconf 82' lang='lat' dir='ltr'>Latinis</span> <span class='ocrx_word' id='word_1_307' title='bbox 634 2199 689 2242; x_wconf 87' lang='lat' dir='ltr'>qui</span> <span class='ocrx_word' id='word_1_308' title='bbox 713 2199 746 2231; x_wconf 89' lang='lat' dir='ltr'>in</span> <span class='ocrx_word' id='word_1_309' title='bbox 769 2200 917 2233; x_wconf 88' lang='lat' dir='ltr'>Tzurulo</span> <span class='ocrx_word' id='word_1_310' title='bbox 940 2204 1036 2232; x_wconf 88' lang='lat' dir='ltr'>erant</span> <span class='ocrx_word' id='word_1_311' title='bbox 1051 2201 1183 2242; x_wconf 84' lang='lat' dir='ltr'>negotia</span> <span class='ocrx_word' id='word_1_312' title='bbox 1196 2199 1389 2233; x_wconf 80' lang='lat' dir='ltr'><strong>facesseret.</strong></span> <span class='ocrx_word' id='word_1_313' title='bbox 1433 2201 1562 2232; x_wconf 85' lang='lat' dir='ltr'>Asanus</span> <span class='ocrx_word' id='word_1_314' title='bbox 1577 2199 1739 2237; x_wconf 84' lang='lat' dir='ltr'>dictorum</span> 
     </span>
     <span class='ocr_line' id='line_1_33' title="bbox 318 2240 1742 2288; baseline 0.004 -17"><span class='ocrx_word' id='word_1_315' title='bbox 318 2240 465 2273; x_wconf 90' lang='lat' dir='ltr'>locorum</span> <span class='ocrx_word' id='word_1_316' title='bbox 484 2242 602 2284; x_wconf 71' lang='lat' dir='ltr'>&#39;partes</span> <span class='ocrx_word' id='word_1_317' title='bbox 626 2244 815 2286; x_wconf 78' lang='lat' dir='ltr'>superiores</span> <span class='ocrx_word' id='word_1_318' title='bbox 839 2245 882 2277; x_wconf 82' lang='lat' dir='ltr'>ad</span> <span class='ocrx_word' id='word_1_319' title='bbox 903 2244 1098 2287; x_wconf 75' lang='lat' dir='ltr'>Aquilonem</span> <span class='ocrx_word' id='word_1_320' title='bbox 1123 2243 1236 2277; x_wconf 85' lang='lat' dir='ltr'>tenuit.</span> <span class='ocrx_word' id='word_1_321' title='bbox 1283 2248 1318 2276; x_wconf 93' lang='lat' dir='ltr'>et</span> <span class='ocrx_word' id='word_1_322' title='bbox 1333 2243 1375 2276; x_wconf 83' lang='lat' dir='ltr'>ad</span> <span class='ocrx_word' id='word_1_323' title='bbox 1391 2244 1480 2287; x_wconf 80' lang='lat' dir='ltr'>ipsos</span> <span class='ocrx_word' id='word_1_324' title='bbox 1506 2254 1610 2288; x_wconf 86' lang='lat' dir='ltr'>usque</span> <span class='ocrx_word' id='word_1_325' title='bbox 1623 2244 1742 2288; x_wconf 75' lang='lat' dir='ltr'>Cpolis</span> 
     </span>
     <span class='ocr_line' id='line_1_34' title="bbox 321 2285 1740 2332; baseline 0.004 -16"><span class='ocrx_word' id='word_1_326' title='bbox 321 2295 432 2317; x_wconf 85' lang='lat' dir='ltr'>muros</span> <span class='ocrx_word' id='word_1_327' title='bbox 450 2285 572 2318; x_wconf 86' lang='lat' dir='ltr'>Ioanne</span> <span class='ocrx_word' id='word_1_328' title='bbox 587 2298 667 2328; x_wconf 84' lang='lat' dir='ltr'>rege</span> <span class='ocrx_word' id='word_1_329' title='bbox 682 2288 713 2319; x_wconf 88' lang='lat' dir='ltr'>in</span> <span class='ocrx_word' id='word_1_330' title='bbox 726 2288 793 2321; x_wconf 84' lang='lat' dir='ltr'>illis</span> <span class='ocrx_word' id='word_1_331' title='bbox 808 2289 980 2322; x_wconf 80' lang='lat' dir='ltr'><strong>adsidente</strong></span> <span class='ocrx_word' id='word_1_332' title='bbox 995 2293 1029 2322; x_wconf 90' lang='lat' dir='ltr'>et</span> <span class='ocrx_word' id='word_1_333' title='bbox 1042 2288 1189 2321; x_wconf 83' lang='lat' dir='ltr'>intuente</span> <span class='ocrx_word' id='word_1_334' title='bbox 1211 2294 1351 2332; x_wconf 87' lang='lat' dir='ltr'>uterque</span> <span class='ocrx_word' id='word_1_335' title='bbox 1366 2288 1560 2332; x_wconf 84' lang='lat' dir='ltr'>perveniens</span> <span class='ocrx_word' id='word_1_336' title='bbox 1573 2289 1740 2332; x_wconf 85' lang='lat' dir='ltr'>ingentem</span> 
     </span>
     <span class='ocr_line' id='line_1_35' title="bbox 321 2329 1740 2376; baseline 0.004 -15"><span class='ocrx_word' id='word_1_337' title='bbox 321 2329 471 2361; x_wconf 85' lang='lat' dir='ltr'>timorem</span> <span class='ocrx_word' id='word_1_338' title='bbox 495 2329 622 2362; x_wconf 80' lang='lat' dir='ltr'>Latinis</span> <span class='ocrx_word' id='word_1_339' title='bbox 641 2331 803 2375; x_wconf 84' lang='lat' dir='ltr'>iniecere,</span> <span class='ocrx_word' id='word_1_340' title='bbox 833 2344 953 2376; x_wconf 84' lang='lat' dir='ltr'>resque</span> <span class='ocrx_word' id='word_1_341' title='bbox 976 2344 1088 2367; x_wconf 91' lang='lat' dir='ltr'>eorum</span> <span class='ocrx_word' id='word_1_342' title='bbox 1113 2333 1146 2366; x_wconf 88' lang='lat' dir='ltr'>in</span> <span class='ocrx_word' id='word_1_343' title='bbox 1167 2338 1345 2366; x_wconf 86' lang='lat' dir='ltr'>extremum</span> <span class='ocrx_word' id='word_1_344' title='bbox 1356 2333 1538 2366; x_wconf 78' lang='lat' dir='ltr'>‘discrimen</span> <span class='ocrx_word' id='word_1_345' title='bbox 1560 2333 1740 2367; x_wconf 79' lang='lat' dir='ltr'>deduxere.</span> 
     </span>
     <span class='ocr_line' id='line_1_36' title="bbox 322 2377 1741 2422; baseline 0.004 -17"><span class='ocrx_word' id='word_1_346' title='bbox 322 2385 421 2416; x_wconf 90' lang='lat' dir='ltr'>porro</span> <span class='ocrx_word' id='word_1_347' title='bbox 438 2385 509 2407; x_wconf 90' lang='lat' dir='ltr'>cum</span> <span class='ocrx_word' id='word_1_348' title='bbox 526 2380 699 2408; x_wconf 85' lang='lat' dir='ltr'>autumnus</span> <span class='ocrx_word' id='word_1_349' title='bbox 715 2377 942 2419; x_wconf 81' lang='lat' dir='ltr'>praeteriisset</span> <span class='ocrx_word' id='word_1_350' title='bbox 956 2389 994 2410; x_wconf 88' lang='lat' dir='ltr'>ac</span> <span class='ocrx_word' id='word_1_351' title='bbox 1009 2378 1109 2410; x_wconf 85' lang='lat' dir='ltr'>hiems</span> <span class='ocrx_word' id='word_1_352' title='bbox 1123 2377 1275 2419; x_wconf 80' lang='lat' dir='ltr'>instaret,</span> <span class='ocrx_word' id='word_1_353' title='bbox 1294 2378 1432 2410; x_wconf 82' lang='lat' dir='ltr'>loannes</span> <span class='ocrx_word' id='word_1_354' title='bbox 1443 2378 1624 2421; x_wconf 80' lang='lat' dir='ltr'>imperator</span> <span class='ocrx_word' id='word_1_355' title='bbox 1638 2383 1741 2422; x_wconf 83' lang='lat' dir='ltr'>atque</span> 
     </span>
     <span class='ocr_line' id='line_1_37' title="bbox 320 2420 1739 2467; baseline 0.004 -16"><span class='ocrx_word' id='word_1_356' title='bbox 320 2421 453 2452; x_wconf 79' lang='lat' dir='ltr'>Asanus</span> <span class='ocrx_word' id='word_1_357' title='bbox 470 2424 642 2463; x_wconf 83' lang='lat' dir='ltr'>postquam</span> <span class='ocrx_word' id='word_1_358' title='bbox 655 2420 742 2453; x_wconf 86' lang='lat' dir='ltr'>inter</span> <span class='ocrx_word' id='word_1_359' title='bbox 756 2432 792 2454; x_wconf 87' lang='lat' dir='ltr'>se</span> <span class='ocrx_word' id='word_1_360' title='bbox 808 2421 850 2454; x_wconf 89' lang='lat' dir='ltr'>de</span> <span class='ocrx_word' id='word_1_361' title='bbox 863 2422 1016 2464; x_wconf 76' lang='lat' dir='ltr'>gerendis</span> <span class='ocrx_word' id='word_1_362' title='bbox 1039 2422 1296 2465; x_wconf 80' lang='lat' dir='ltr'>deliberassent,</span> <span class='ocrx_word' id='word_1_363' title='bbox 1320 2424 1448 2455; x_wconf 82' lang='lat' dir='ltr'>Asanus</span> <span class='ocrx_word' id='word_1_364' title='bbox 1465 2422 1596 2467; x_wconf 86' lang='lat' dir='ltr'>quidem</span> <span class='ocrx_word' id='word_1_365' title='bbox 1610 2423 1739 2458; x_wconf 83' lang='lat' dir='ltr'>domum</span> 
     </span>
     <span class='ocr_line' id='line_1_38' title="bbox 321 2463 1190 2508; baseline 0.007 -13"><span class='ocrx_word' id='word_1_366' title='bbox 321 2463 524 2506; x_wconf 86' lang='lat' dir='ltr'>revertitur,</span> <span class='ocrx_word' id='word_1_367' title='bbox 547 2464 730 2508; x_wconf 84' lang='lat' dir='ltr'>imperator</span> <span class='ocrx_word' id='word_1_368' title='bbox 743 2465 775 2498; x_wconf 88' lang='lat' dir='ltr'>in</span> <span class='ocrx_word' id='word_1_369' title='bbox 793 2465 962 2499; x_wconf 84' lang='lat' dir='ltr'>Orientem</span> <span class='ocrx_word' id='word_1_370' title='bbox 976 2467 1190 2502; x_wconf 84' lang='lat' dir='ltr'>transfertur.</span> 
     </span>
    </p>

    <p class='ocr_par' dir='ltr' id='par_1_11' title="bbox 321 2507 1743 2825">
     <span class='ocr_line' id='line_1_39' title="bbox 411 2507 1743 2556; baseline 0.004 -15"><span class='ocrx_word' id='word_1_371' title='bbox 411 2507 466 2542; x_wconf 78' lang='lat'>34.</span> <span class='ocrx_word' id='word_1_372' title='bbox 513 2508 617 2542; x_wconf 86' lang='lat' dir='ltr'>Cuius</span> <span class='ocrx_word' id='word_1_373' title='bbox 643 2509 729 2543; x_wconf 85' lang='lat' dir='ltr'>filius</span> <span class='ocrx_word' id='word_1_374' title='bbox 753 2510 951 2544; x_wconf 84' lang='lat' dir='ltr'>Theodorus</span> <span class='ocrx_word' id='word_1_375' title='bbox 973 2522 1044 2544; x_wconf 90' lang='lat' dir='ltr'>cum</span> <span class='ocrx_word' id='word_1_376' title='bbox 1060 2511 1166 2544; x_wconf 86' lang='lat' dir='ltr'>adhuc</span> <span class='ocrx_word' id='word_1_377' title='bbox 1179 2511 1351 2544; x_wconf 83' lang='lat' dir='ltr'>immatura</span> <span class='ocrx_word' id='word_1_378' title='bbox 1367 2515 1456 2545; x_wconf 87' lang='lat' dir='ltr'>esset</span> <span class='ocrx_word' id='word_1_379' title='bbox 1470 2515 1600 2552; x_wconf 80' lang='lat' dir='ltr'>aetate,</span> <span class='ocrx_word' id='word_1_380' title='bbox 1623 2515 1743 2556; x_wconf 78' lang='lat' dir='ltr'>utpote</span> 
     </span>
     <span class='ocr_line' id='line_1_40' title="bbox 322 2552 1741 2600; baseline 0.004 -15"><span class='ocrx_word' id='word_1_381' title='bbox 322 2552 379 2596; x_wconf 88' lang='lat' dir='ltr'>qui</span> <span class='ocrx_word' id='word_1_382' title='bbox 402 2563 520 2586; x_wconf 88' lang='lat' dir='ltr'>annum</span> <span class='ocrx_word' id='word_1_383' title='bbox 542 2554 763 2597; x_wconf 86' lang='lat' dir='ltr'>undecimum,</span> <span class='ocrx_word' id='word_1_384' title='bbox 788 2560 826 2588; x_wconf 90' lang='lat' dir='ltr'>ut</span> <span class='ocrx_word' id='word_1_385' title='bbox 846 2555 1004 2597; x_wconf 84' lang='lat' dir='ltr'>diximus,</span> <span class='ocrx_word' id='word_1_386' title='bbox 1027 2566 1092 2589; x_wconf 91' lang='lat' dir='ltr'>non</span> <span class='ocrx_word' id='word_1_387' title='bbox 1116 2556 1294 2589; x_wconf 85' lang='lat' dir='ltr'>excederet</span> <span class='ocrx_word' id='word_1_388' title='bbox 1320 2568 1392 2590; x_wconf 85' lang='lat' dir='ltr'>cum</span> <span class='ocrx_word' id='word_1_389' title='bbox 1415 2557 1562 2600; x_wconf 81' lang='lat' dir='ltr'>reginam</span> <span class='ocrx_word' id='word_1_390' title='bbox 1579 2557 1741 2591; x_wconf 81' lang='lat' dir='ltr'>Helenam</span> 
     </span>
     <span class='ocr_line' id='line_1_41' title="bbox 323 2597 1742 2645; baseline 0.003 -15"><span class='ocrx_word' id='word_1_391' title='bbox 323 2597 460 2630; x_wconf 85' lang='lat' dir='ltr'>duceret</span> <span class='ocrx_word' id='word_1_392' title='bbox 471 2624 480 2641; x_wconf 87' lang='lat'>‚</span> <span class='ocrx_word' id='word_1_393' title='bbox 505 2598 637 2642; x_wconf 83' lang='lat' dir='ltr'>integer</span> <span class='ocrx_word' id='word_1_394' title='bbox 652 2600 694 2632; x_wconf 87' lang='lat' dir='ltr'>ab</span> <span class='ocrx_word' id='word_1_395' title='bbox 708 2599 918 2644; x_wconf 85' lang='lat' dir='ltr'>imperatrice</span> <span class='ocrx_word' id='word_1_396' title='bbox 935 2602 1029 2633; x_wconf 74' lang='lat' dir='ltr'>irene</span> <span class='ocrx_word' id='word_1_397' title='bbox 1044 2611 1109 2633; x_wconf 86' lang='lat' dir='ltr'>una</span> <span class='ocrx_word' id='word_1_398' title='bbox 1124 2612 1196 2633; x_wconf 91' lang='lat' dir='ltr'>cum</span> <span class='ocrx_word' id='word_1_399' title='bbox 1213 2601 1321 2645; x_wconf 83' lang='lat' dir='ltr'>puella</span> <span class='ocrx_word' id='word_1_400' title='bbox 1346 2603 1604 2636; x_wconf 80' lang='lat' dir='ltr'>conservabatur</span> <span class='ocrx_word' id='word_1_401' title='bbox 1617 2613 1626 2634; x_wconf 71' lang='grc' dir='ltr'><strong>ε</strong></span> <span class='ocrx_word' id='word_1_402' title='bbox 1649 2602 1742 2635; x_wconf 71' lang='lat' dir='ltr'>cole·</span> 
     </span>
     <span class='ocr_line' id='line_1_42' title="bbox 322 2642 1740 2700; baseline 0.003 -26"><span class='ocrx_word' id='word_1_403' title='bbox 322 2642 443 2675; x_wconf 82' lang='lat' dir='ltr'>bantur</span> <span class='ocrx_word' id='word_1_404' title='bbox 467 2643 550 2676; x_wconf 89' lang='lat' dir='ltr'>enim</span> <span class='ocrx_word' id='word_1_405' title='bbox 576 2645 619 2677; x_wconf 84' lang='lat' dir='ltr'>ab</span> <span class='ocrx_word' id='word_1_406' title='bbox 646 2655 685 2677; x_wconf 87' lang='lat' dir='ltr'>ea</span> <span class='ocrx_word' id='word_1_407' title='bbox 708 2645 802 2688; x_wconf 89' lang='lat' dir='ltr'>pueri</span> <span class='ocrx_word' id='word_1_408' title='bbox 824 2650 923 2689; x_wconf 86' lang='lat' dir='ltr'>atque</span> <span class='ocrx_word' id='word_1_409' title='bbox 946 2645 1226 2686; x_wconf 75' lang='lat' dir='ltr'>informabantur,</span> <span class='ocrx_word' id='word_1_410' title='bbox 1248 2651 1402 2690; x_wconf 86' lang='lat' dir='ltr'>tanquam</span> <span class='ocrx_word' id='word_1_411' title='bbox 1419 2658 1504 2700; x_wconf 73' lang='lat' dir='ltr'>quae</span> <span class='ocrx_word' id='word_1_412' title='bbox 1520 2646 1685 2690; x_wconf 84' lang='lat' dir='ltr'>ingenium</span> <span class='ocrx_word' id='word_1_413' title='bbox 1699 2657 1740 2680; x_wconf 76' lang='lat' dir='ltr'>ac</span> 
     </span>
     <span class='ocr_line' id='line_1_43' title="bbox 321 2688 1739 2734; baseline 0.003 -15"><span class='ocrx_word' id='word_1_414' title='bbox 321 2691 473 2720; x_wconf 77' lang='lat' dir='ltr'>naturam</span> <span class='ocrx_word' id='word_1_415' title='bbox 489 2688 641 2732; x_wconf 84' lang='lat' dir='ltr'>optimam</span> <span class='ocrx_word' id='word_1_416' title='bbox 656 2696 755 2722; x_wconf 84' lang='lat' dir='ltr'>nacta</span> <span class='ocrx_word' id='word_1_417' title='bbox 770 2690 803 2723; x_wconf 91' lang='lat' dir='ltr'>in</span> <span class='ocrx_word' id='word_1_418' title='bbox 819 2701 913 2724; x_wconf 86' lang='lat' dir='ltr'>omne</span> <span class='ocrx_word' id='word_1_419' title='bbox 930 2691 1049 2723; x_wconf 89' lang='lat' dir='ltr'>bonum</span> <span class='ocrx_word' id='word_1_420' title='bbox 1066 2690 1204 2723; x_wconf 84' lang='lat' dir='ltr'>animum</span> <span class='ocrx_word' id='word_1_421' title='bbox 1217 2690 1397 2725; x_wconf 85' lang='lat' dir='ltr'>inclinaret.</span> <span class='ocrx_word' id='word_1_422' title='bbox 1433 2692 1535 2734; x_wconf 72' lang='lat' dir='ltr'>igitur</span> <span class='ocrx_word' id='word_1_423' title='bbox 1548 2691 1739 2724; x_wconf 77' lang='lat' dir='ltr'>Latinorum</span> 
     </span>
     <span class='ocr_line' id='line_1_44' title="bbox 321 2732 1741 2780; baseline 0.002 -16"><span class='ocrx_word' id='word_1_424' title='bbox 321 2742 375 2764; x_wconf 89' lang='lat' dir='ltr'>res</span> <span class='ocrx_word' id='word_1_425' title='bbox 400 2732 529 2766; x_wconf 87' lang='lat' dir='ltr'>nimium</span> <span class='ocrx_word' id='word_1_426' title='bbox 553 2734 586 2766; x_wconf 87' lang='lat' dir='ltr'>in</span> <span class='ocrx_word' id='word_1_427' title='bbox 611 2738 785 2777; x_wconf 77' lang='lat' dir='ltr'>angustum</span> <span class='ocrx_word' id='word_1_428' title='bbox 807 2735 968 2776; x_wconf 84' lang='lat' dir='ltr'>deducta,</span> <span class='ocrx_word' id='word_1_429' title='bbox 995 2735 1130 2769; x_wconf 88' lang='lat' dir='ltr'>duorum</span> <span class='ocrx_word' id='word_1_430' title='bbox 1155 2735 1255 2768; x_wconf 85' lang='lat' dir='ltr'>etiam</span> <span class='ocrx_word' id='word_1_431' title='bbox 1281 2736 1513 2780; x_wconf 79' lang='lat' dir='ltr'>imperatorum</span> <span class='ocrx_word' id='word_1_432' title='bbox 1530 2736 1691 2770; x_wconf 76' lang='lat' dir='ltr'>affinitate</span> <span class='ocrx_word' id='word_1_433' title='bbox 1704 2733 1741 2767; x_wconf 82' lang='lat' dir='ltr'>in</span> 
     </span>
     <span class='ocr_line' id='line_1_45' title="bbox 322 2779 1742 2825; baseline 0.001 -14"><span class='ocrx_word' id='word_1_434' title='bbox 322 2781 501 2812; x_wconf 79' lang='lat' dir='ltr'>extremum</span> <span class='ocrx_word' id='word_1_435' title='bbox 527 2779 632 2813; x_wconf 82' lang='lat' dir='ltr'>fastus</span> <span class='ocrx_word' id='word_1_436' title='bbox 651 2779 706 2813; x_wconf 83' lang='lat' dir='ltr'>ille</span> <span class='ocrx_word' id='word_1_437' title='bbox 727 2780 902 2825; x_wconf 82' lang='lat' dir='ltr'>depressus</span> <span class='ocrx_word' id='word_1_438' title='bbox 920 2784 980 2814; x_wconf 78' lang='lat' dir='ltr'>est.</span> <span class='ocrx_word' id='word_1_439' title='bbox 1027 2791 1087 2814; x_wconf 86' lang='lat' dir='ltr'>rex</span> <span class='ocrx_word' id='word_1_440' title='bbox 1102 2779 1231 2814; x_wconf 85' lang='lat' dir='ltr'>interim</span> <span class='ocrx_word' id='word_1_441' title='bbox 1246 2781 1386 2815; x_wconf 84' lang='lat' dir='ltr'>Ioannes</span> <span class='ocrx_word' id='word_1_442' title='bbox 1402 2793 1474 2816; x_wconf 87' lang='lat' dir='ltr'>cum</span> <span class='ocrx_word' id='word_1_443' title='bbox 1489 2792 1554 2815; x_wconf 90' lang='lat' dir='ltr'>non</span> <span class='ocrx_word' id='word_1_444' title='bbox 1569 2781 1623 2814; x_wconf 84' lang='lat' dir='ltr'>diu</span> <span class='ocrx_word' id='word_1_445' title='bbox 1635 2779 1742 2814; x_wconf 74' lang='lat' dir='ltr'>vixis-</span> 
     </span>
    </p>
   </div>
  </div>
 </body>
</html>
