1858 3236
194 337 293 374 P36

313 219 378 268 ‘76
694 218 1065 266 CONSTANTINI
1102 219 1364 267 MANASSIS

445 333 484 375 οἳ
504 330 577 387 μέν
596 325 667 375 οὖν
686 331 755 379 τὸν
771 329 1000 377 Ἀπόλλωνα
1021 332 1165 392 δώροις
1185 335 1418 389 ἐδεξιοῦντο.

444 399 466 442 ὃ
487 404 670 457 Βροῦτος
687 402 909 459 βακτηρίαν
935 403 978 444 δὲ
1000 402 1395 460 ξυλίνην-διατρήσας

313 471 420 511 1730
444 467 539 523 ὅλην
559 468 618 511 δι’
642 467 737 524 ὅλης
756 466 811 519 ὦς
832 469 955 515 otum
967 475 1123 527 χρυσῆν
1143 470 1290 528 ἔκρυψε
1308 470 1472 528 ῥάβδον,

440 538 506 578 καὶ
529 534 676 591 ταύτην
696 535 751 587 ὥς
770 536 966 592 ἀνάθημα
990 537 1198 595 κεχάριστο
1222 543 1281 597 τῷ
1302 541 1455 596 Φοίβῳ.

440 603 534 645 ἀλλ’
559 599 667 649 οὗτοι
689 604 762 659 τὴν
783 603 1005 660 εὐμήχανον
1026 607 1172 663 σοφίαν
1193 606 1266 661 τὴν
1285 610 1357 648 τοῦ
1377 601 1560 662 Βρούτου
1612 632 1616 641 ι

436 673 504 713 καὶ
520 671 565 714 τὸ
585 672 750 729 στερρὸν
767 675 834 715 καὶ
854 673 1023 715 δυνατὸν
1042 674 1144 728 μηδ’
1171 673 1274 724 ὅλως
1294 672 1513 731 ἐπιγνόντες
1562 711 1564 713 .
1584 680 1585 684 ’

439 739 672 792 κατέπαιζον
690 738 894 792 ἐτώθαζον
914 739 1076 798 ὕβριζον
1095 742 1304 795 ἐμωκῶντο

307 805 415 848 1735
439 811 619 851 τοιοῦτον
640 809 952 864 προσενέγκαντα
974 813 1033 865 τῷ
1049 807 1308 866 χρησμοδότῃ
1334 810 1478 864 δῶρον.

436 876 645 929 μέλλοντες
668 876 710 918 δὲ
729 880 802 918 τοῦ
825 876 1033 932 Δελφικοῦ
1052 877 1236 931 τεμένους
1253 876 1504 931 μεταβαίνειν

438 941 605 999 ἠρώτων
623 943 691 986 τὸν
705 941 935 986 Ἀπόλλωνα
953 945 1013 994 τίς
1031 948 1111 986 τῶν
1126 943 1332 999 Ῥωμαίων
1354 943 1478 1001 ἄρξει.

439 1008 462 1052 ὅ
487 1010 798 1068 δ’«ἄπεφοίβασε
820 1015 996 1068 τρανῶς,
1030 1010 1074 1062 ὃς
1098 1016 1255 1069 πρῶτος
1274 1012 1347 1067 τὴν
1366 1010 1536 1067 μητέρα

441 1076 594 1134 φθάσει
614 1077 960 1135 περιπτυξάμενος.
1026 1084 1192 1134 συνῆκεν
1212 1075 1283 1122 οὖν
1305 1078 1326 1122 ὃ
1354 1081 1544 1134 Βροῦτος,

259 1145 289 1179 Β
312 1143 419 1188 1740
443 1146 580 1188 ἐκεῖνοι
603 1147 643 1188 δ’
667 1147 742 1190 οὐκ
760 1147 983 1202 ἐπέγνωσαν
1004 1148 1047 1190 ’τί
1063 1141 1121 1205 τῷ
1135 1151 1308 1204 χρησμῷ
1328 1148 1532 1201 δηλοῦται.

372 1260 376 1264 ,
443 1218 555 1270 κοινῇ
575 1215 619 1256 δὲ
638 1221 745 1268 σχεῖν
761 1213 999 1269 βουλόμενοι
1018 1215 1063 1258 τὸ
1084 1214 1231 1272 κράτος
1249 1216 1315 1258 καὶ
1334 1213 1379 1256 τὸ
1401 1213 1548 1270 στέφος

439 1280 526 1335 ἅμα
546 1282 757 1324 συνέθεντο
778 1282 850 1337 τὴν
868 1287 988 1339 σφῶν
1009 1281 1344 1339 προσπτύξασθαι
1365 1280 1532 1336 μητέρα.
1559 1293 1562 1295 ’

440 1350 507 1390 καὶ
529 1350 664 1402 μέντοι
686 1348 1019 1406 προσεπτύξαντο.
1051 1353 1234 1406 Βροῦτος
1254 1350 1294 1392 δ’
1320 1348 1442 1402 ἐκβὰς
1460 1351 1534 1390 τοῦ
1551 1342 1745 1405 σκάφους,

438 1417 591 1472 πρηνὴς
610 1417 739 1459 πεσὼν
761 1418 823 1459 ἐπὶ
845 1421 916 1471 τῆς
935 1422 1008 1472 γῆς
1027 1418 1176 1471 ἐκείνην
1194 1417 1407 1473 κατεφίλει.
1576 1423 1578 1425 ’

305 1481 411 1525 1745
502 1482 596 1537 Εἶχε
618 1485 691 1538 μὲν
712 1478 782 1527 οὖν
803 1486 1070 1541 προσποίητον
1090 1483 1112 1527 ὁ
1133 1488 1317 1541 Βροῦτος
1334 1483 1407 1538 τὴν
1425 1481 1603 1538 μωρίαν·

435 1549 492 1600 ὥς
512 1551 553 1592 δ’
578 1553 786 1608 ἐφημίσθη
810 1551 855 1594 τὸ
875 1553 1035 1606 συμβὰν
1061 1554 1150 1609 περὶ
1173 1552 1245 1606 τὴν
1265 1550 1544 1607 Λουκρητίαν,

434 1618 480 1660 τὸ
507 1623 586 1660 πᾶν
607 1620 885 1674 ἕδημοσίευσε,
919 1622 985 1662 καὶ
1009 1625 1166 1676 πρῶτος
1188 1617 1422 1676 ἐφορμήσας

434 1688 501 1727 καὶ
523 1687 772 1742 συγκαλέσας
791 1687 864 1742 τὴν
884 1687 1046 1742 πληθὺν
1069 1689 1136 1729 καὶ
1158 1685 1289 1743 λόγοις
1309 1684 1529 1743 ἕφοπλίσας

391 1847 480 1882 1733
503 1845 657 1882 συνετὸν
678 1846 748 1882 AM
863 1847 952 1884 1734
971 1846 1188 1892 μετὲπαιζον
1208 1849 1240 1884 Α
1353 1846 1442 1884 1735
1464 1842 1688 1892 ἐπιφέροντα
1702 1845 1742 1881 Μ

391 1893 481 1928 1737
503 1892 559 1934 τίς
581 1891 751 1939 κρατήσει
771 1888 963 1938 Ῥωμαίων
985 1894 1083 1929 ARR

297 2036 497 2081 legarentur
524 2049 546 2072 a
569 2041 670 2083 patre
682 2065 694 2083 ,
729 2038 940 2074 sciscitatum
956 2038 1126 2085 Apollinis
1144 2038 1316 2073 oraculum
1336 2037 1382 2074 de
1401 2038 1522 2072 morbo
1542 2036 1740 2082 pestilente,

297 2082 359 2126 qui
379 2087 451 2116 tum
473 2086 719 2128 grassabatur,
744 2084 847 2119 etiam
864 2086 992 2119 Brutus
1014 2085 1065 2119 eis
1088 2084 1268 2118 adiunctus
1292 2088 1367 2128 est,
1390 2084 1450 2128 qui
1472 2082 1625 2118 ridiculis
1640 2079 1738 2127 ipsos

293 2127 520 2163 exhilararet.
566 2128 616 2162 illi
633 2129 786 2174 Delphos
805 2130 955 2174 ingressi
974 2130 1171 2164 muneribus
1193 2129 1383 2175 Apollinem
1405 2128 1474 2162 sibi
1496 2128 1739 2162 conciliabant.

296 2171 425 2206 Brutus
457 2178 571 2208 autem
600 2174 715 2218 ligneo
741 2175 862 2210 baculo
887 2177 1064 2220 perforato
1086 2175 1220 2220 virgam
1242 2175 1279 2208 in
1302 2186 1342 2208 eo
1365 2185 1507 2219 prorsus
1529 2185 1666 2207 auream
1689 2172 1739 2206 ti·-

297 2217 378 2251 biae
403 2218 440 2252 in
469 2220 604 2253 modum
630 2221 801 2264 abdebat,
836 2233 979 2265 eamque
1005 2221 1147 2255 Phoebo
1169 2225 1330 2265 tanquam
1351 2219 1529 2254 donarium
1546 2218 1684 2252 dicabat
1701 2223 1739 2252 et

298 2263 481 2304 offerebat.
527 2269 674 2299 astutam
693 2266 781 2299 hanc
802 2265 1025 2311 callidamque
1043 2266 1144 2300 Bruti
1166 2265 1380 2310 sapientiam,
1404 2263 1506 2298 solidi
1525 2263 1660 2308 plenam
1679 2262 1735 2296 in-

296 2307 403 2350 genii,
427 2319 502 2341 cum
523 2309 574 2342 illi
597 2322 811 2355 nequaquam
834 2311 1159 2354 animadverterent,
1183 2310 1351 2344 hominem
1371 2309 1564 2343 irridebant
1583 2308 1736 2342 insecta-

294 2353 421 2386 bantur
440 2353 664 2398 exagitabant
680 2357 946 2399 subsannabant,
992 2357 1028 2390 ui
1044 2367 1164 2390 munus
1182 2354 1349 2389 eiusmodi
1370 2353 1581 2388 oraculorum
1603 2353 1737 2388 auctori

297 2397 492 2431 obtulisset.
539 2399 620 2433 inde
648 2399 716 2434 iam
739 2414 759 2434 e
781 2401 908 2446 templo
929 2401 984 2435 De
996 2401 1097 2446 phico
1119 2400 1306 2435 discessuri
1327 2399 1518 2445 Apollinem
1540 2399 1735 2442 interroga-

295 2442 391 2485 bant,
416 2443 570 2487 quisnam
592 2456 635 2478 ex
657 2445 701 2479 iis
724 2446 954 2480 Romanorum
976 2446 1120 2491 imperio
1140 2446 1312 2491 potiturus
1330 2450 1436 2479 esset.
1467 2445 1511 2478 ad
1529 2455 1571 2477 ea
1587 2455 1735 2488 respon-

293 2487 401 2521 debat
418 2488 539 2532 Apollo
558 2489 753 2534 perspicue,
776 2492 927 2525 futurum
949 2496 987 2525 ut
1004 2492 1070 2525 hoc
1091 2491 1142 2524 illi
1162 2490 1379 2534 contingeret
1399 2489 1458 2534 qui
1478 2489 1575 2534 prior
1592 2494 1735 2523 matrem

295 2532 490 2577 complexus
514 2534 650 2569 fuisset.
697 2547 776 2569 mox
791 2536 918 2569 Brutus
939 2536 1182 2570 animadvertit
1197 2535 1280 2580 quid
1298 2536 1365 2569 hoc
1381 2535 1553 2568 oraculum
1573 2534 1642 2569 sibi
1658 2533 1732 2568 vel-

292 2576 362 2620 let,
398 2577 465 2611 illis
487 2590 560 2612 rem
584 2583 691 2613 totam
712 2580 963 2624 ignorantibus.
1011 2592 1154 2626 cumque
1176 2580 1362 2625 placuisset
1378 2585 1416 2614 ut
1432 2590 1543 2624 aequa
1559 2582 1734 2624 potestate

293 2622 473 2666 imperium
507 2623 806 2668 administrarent,
852 2626 1081 2660 decreverunt
1111 2637 1227 2660 omnes
1257 2624 1357 2659 simul
1387 2631 1529 2659 matrem
1560 2623 1732 2669 amplecti,

293 2666 385 2701 sicut
415 2667 519 2702 etiam
550 2669 721 2704 fecerunt.
767 2674 804 2704 at
822 2670 972 2713 Brutus,
1010 2671 1070 2705 ubi
1092 2671 1237 2715 primum
1260 2682 1280 2704 e
1302 2670 1385 2705 navi
1409 2670 1535 2704 fuisset
1556 2679 1730 2714 egressus,

293 2722 423 2757 pronus
440 2712 477 2746 in
494 2718 622 2747 terram
641 2714 767 2749 cecidit
788 2719 824 2748 et
845 2727 919 2749 eam
941 2715 1155 2751 exosculatus
1179 2720 1245 2750 est.

385 2757 463 2791 Hoc
488 2759 588 2792 modo
611 2759 738 2794 Brutus
772 2760 853 2794 data
875 2772 981 2805 opera
1007 2761 1130 2795 stultus
1156 2764 1244 2795 erat.
1298 2771 1418 2795 verum
1438 2763 1661 2805 posteaquam
1684 2758 1730 2792 de

293 2813 336 2836 eo
359 2813 474 2836 rumor
496 2803 622 2838 fuisset
639 2804 786 2849 diditus,
823 2806 913 2850 quod
937 2806 1111 2840 acciderat
1130 2804 1336 2850 Lucretiae,
1369 2805 1498 2850 primus
1520 2817 1594 2840 rem
1613 2803 1727 2849 publi—

292 2858 366 2883 cam
406 2849 633 2894 capessebat,
673 2849 835 2896 populum
873 2850 1048 2886 excitabat
1086 2852 1300 2887 convocabat
1333 2851 1528 2897 perorando
1562 2850 1728 2892 armabat,
