1924 3242
347 183 378 228 8
431 152 432 155 ¹
737 175 968 227 GEoRGn
1001 179 1378 227 ACROPOLITAE

350 290 451 350 ἦσαν
474 290 546 339 οὖν
559 295 604 339 τὸ
625 293 702 337 ἀπὸ
722 296 836 338 τοῦδε
860 296 899 338 οἵ
915 311 957 338 τε
978 298 1133 339 πολῖται
1151 296 1190 337 οἵ
1207 313 1247 338 τε
1265 296 1415 339 Ἰταλοὶ
1434 300 1491 354 τῷ
1511 297 1638 339 δοκεῖν
1659 296 1766 352 ⁸39⁷]-

351 362 549 414 νεύοντες,
582 367 660 405 τῶν
692 362 764 416 μὲν
790 363 959 405 Ἰταλῶν
990 361 1255 406 ἀπαιτούντων
1280 364 1353 413 τὰς
1376 362 1603 418 ὑποσχέσεις
1626 364 1693 404 καὶ
1716 363 1768 405 τὰ

354 429 616 484 ἀναλώματα,
649 433 728 472 τῶν
749 430 792 472 δὲ
809 429 1022 487 οἰκητόρων
1037 435 1108 484 τῆς
1122 429 1272 480 πόλεως
1287 429 1385 486 ὖπὲρ
1404 430 1578 488 ἀριθμὸν
1597 428 1768 485 ἡγουμέ-

306 504 337 537 D
360 515 437 542 νων
466 497 511 540 τὸ
537 501 675 554 χρῆμα
683 529 697 549 ,
732 500 797 541 καὶ
828 499 1167 555 ὁιισχυριζομένων
1197 496 1251 548 ὡς
1281 498 1351 540 οὐκ
1380 497 1428 540 ἂν
1454 498 1576 552 ἔχοιεν
1595 502 1768 540 τοσαῦτα

319 616 324 621 ι
353 571 436 614 τοῖς
452 565 625 614 Ἰταλοῖς
647 567 858 609 ἐπιδοῦναι.
925 567 1068 620 συνέβη
1091 566 1133 607 δὲ
1152 570 1209 623 τῷ
1230 563 1316 606 τότε
1337 567 1402 607 καὶ
1423 565 1642 621 γογγυσμὸν
1661 566 1702 607 ἐν
1720 570 1801 622 τῇὸ

355 631 464 674 πόλει
495 630 636 676 τούτου
660 631 778 690 χάριν
808 633 1012 689 γενέσθαι·
1048 631 1068 675 ὃ
1093 633 1169 688 γὰρ
1198 633 1327 689 πατὴρ
1351 633 1520 683 Ἀλεξίου
1548 629 1570 674 ὅ
1591 630 1772 688 Ἄγγελος

352 698 555 750 ’Ῑσαάκιος
581 699 655 756 (ἔτι
672 700 748 757 γὰρ
766 705 901 758 περιῆν
920 705 976 758 τῷ
996 701 1085 757 βίῳ,
1118 699 1192 742 κᾶν
1212 700 1335 756 ἀπῆρε
1355 700 1455 753 μετὰ
1467 697 1628 756 μικρόν)
1652 697 1773 754 μήπω
1798 710 1800 712 “
1834 710 1844 719 ·

357 765 532 821 ἁλούσης
551 771 622 824 τῆς
645 769 942 812 Κωνσταντίνου
965 767 1123 823 γνώμην
1145 768 1309 809 δέδωκεν
1330 765 1384 817 ὡς
1402 772 1480 810 τῶν
1502 767 1615 823 ἲερῶν
1637 783 1774 821 κειμη-

358 835 451 876 λίων
480 833 737 890 συνάθροισιν
766 836 961 892 γεγονέναι
984 835 1034 877 τὰ
1058 839 1216 891 πρῶτα,
1251 835 1398 876 ἐκεῖθέν
1419 852 1460 877 τε
1482 834 1683 891 ἄρξασθαι
1703 837 1776 877 τοῦ

358 901 457 958 πρὸς
479 902 767 952 τοῦςἺταλούς
784 903 946 960 χρέους,
980 902 1025 946 τὸ
1049 903 1091 944 δὲ
1111 904 1284 943 ἐλλεῖπον
1309 904 1351 944 ἐκ
1371 906 1449 944 τῶν
1467 905 1684 955 βασιλικῶν
1701 919 1774 944 τα-
1785 908 1829 943 10

358 970 493 1023 μιείων
516 971 685 1023 δοθῆναι
706 971 771 1012 καὶ
795 974 872 1015 τῶν
892 968 1103 1026 οἰκητόρων
1123 974 1193 1023 τῆς
1209 968 1368 1020 πόλεως.
1436 971 1476 1011 ἕν
1493 974 1551 1027 τῷ
1566 969 1713 1024 μεταξὺ
1734 970 1778 1011 δὲ

359 1040 430 1090 τῆς
461 1036 793 1094 ἀμφισβητήσεως
827 1037 947 1093 οὔσης
969 1039 1034 1079 καὶ
1055 1040 1094 1090 ἐξ
1120 1035 1310 1093 ἑκατέρων
1333 1041 1411 1079 τῶν
1431 1041 1563 1094 μερῶν
1583 1036 1776 1092 ἀφικνου-

360 1104 487 1157 μένων
521 1109 600 1146 τῶν
634 1106 858 1162 πρέσβεων,
894 1103 1097 1162 φονεύεται
1128 1103 1148 1145 ὃ
1179 1111 1271 1154 παῖς
1295 1109 1367 1146 τοῦ
1384 1105 1590 1147 ’Ῑσαακίου
1609 1103 1779 1155 Ἀλέξιος

267 1170 298 1204 Ρ
321 1167 344 1205 4
365 1171 464 1227 παρ’
489 1171 659 1223 Ἀλεξίου
690 1176 762 1214 τοῦ
790 1171 952 1223 Δούκα,
986 1171 1030 1214 ὃν
1058 1170 1414 1227 πρωτοβεστιάριον
1433 1166 1547 1221 οὗτος
1564 1173 1778 1227 τετίμηκεν,

361 1237 401 1280 οἳ
422 1238 465 1279 δὲ
486 1244 556 1294 τῆς
577 1238 724 1288 πόλεως
746 1240 799 1289 εἴς
819 1257 854 1281 τι
876 1244 954 1282 τῶν
977 1240 1098 1281 αὐτοῦ
1126 1237 1432 1294 ἐπιμεμφόμενοι
1458 1237 1831 1295 Μοῦρτζουφλον15

363 1303 540 1349 ἐκάλουν.
608 1305 856 1362 ἀνηγορεύθη
883 1310 977 1362 γοῦν
1002 1305 1111 1360 παρὰ
1131 1309 1210 1346 τῶν
1229 1308 1399 1346 πολιτῶν
1418 1301 1438 1345 ὅ
1461 1303 1599 1360 ῥηθεὶς
1613 1305 1781 1356 Ἀλέξιος

363 1369 684 1429 Μούρτζουφλος
699 1370 897 1427 βασιλεύς.
955 1375 1027 1415 τοῦ
1043 1369 1220 1413 τοιούτου
1237 1375 1332 1428 γοῦν
1347 1369 1467 1427 χάριν
1485 1373 1546 1413 ἐπὶ
1567 1373 1683 1415 πλέον
1699 1391 1781 1426 μα-

364 1438 490 1488 νέντες
522 1439 559 1480 οἱ
585 1440 735 1482 Ἰταλοὶ
754 1438 951 1483 ἄσπονδον
973 1438 1044 1492 τὴν
1065 1437 1214 1494 ἔχθραν
1235 1439 1337 1481 κατὰ
1355 1442 1435 1481 τῶν
1458 1440 1782 1483 Κωνσταντινουὴ·

365 1509 536 1550 πολιτῶν
567 1507 766 1560 ἐποίησαν.
832 1507 976 1560 συνέβη
998 1507 1040 1547 δὲ
1062 1507 1126 1547 καὶ
1145 1504 1274 1562 ἕτερόν
1294 1512 1330 1548 τι
1351 1506 1534 1561 γενέσθαι
1561 1513 1646 1557 τοῖς
1667 1508 1781 1549 πολί-

367 1590 455 1623 ταις
474 1572 677 1628 βούλευμα
700 1574 856 1616 ἒπαίνου
880 1573 1001 1623 ἄξιον.
1067 1574 1158 1622 τοὺς
1178 1572 1253 1629 γὰρ
1271 1574 1494 1624 Λατίνους,
1526 1571 1595 1624 οὓς
1625 1572 1836 1628 nimico-20

367 1657 441 1696 ρας
459 1639 557 1694 εἶχεν
578 1640 603 1695 ἡ
627 1642 948 1692 Κωνσταντίνου,
983 1640 1020 1682 οἳ
1042 1639 1278 1695 προύχοντες
1298 1642 1362 1681 καὶ
1383 1644 1460 1682 τῶν
1482 1642 1522 1682 ἓν
1547 1641 1646 1682 τέλει
1668 1658 1781 1684 συνε-

365 1707 632 1761 βουλεύσαντο
663 1708 899 1764 ἀποπέμψαι
928 1711 999 1764 τῆς
1032 1706 1196 1760 πόλεως,
1231 1705 1284 1760 ὥς
1307 1707 1364 1763 μὴ
1387 1705 1618 1762 ἐπιβούλους
1640 1709 1784 1760 αὖτοὺς

459 1836 478 1870 1
501 1828 595 1879 ἦσαν
620 1856 664 1863 -—
693 1832 939 1880 εἰρηνεύοντες
963 1846 1015 1869 om
1044 1835 1076 1868 D
1217 1837 1241 1871 2
1261 1833 1328 1874 τὰς
1352 1830 1560 1879 ὑποσχέσεις
1585 1831 1783 1871 ἀπαιτούν-

457 1892 530 1914 των
551 1882 580 1915 D
713 1883 735 1916 3
758 1893 800 1915 an
818 1878 1099 1925 ὖπεράριθμονῗ
1233 1881 1255 1914 6
1277 1878 1410 1914 τούτου
1437 1878 1543 1924 χάριν
1568 1884 1644 1925 post
1666 1880 1727 1915 καὶ
1751 1882 1783 1915 D

458 1926 481 1960 7
504 1923 556 1959 ἔτι
574 1945 617 1951 -—
635 1925 764 1969 μικρὸν
784 1938 836 1961 om
854 1927 885 1960 D
966 1963 981 1979 ⁷
1020 1928 1063 1960 10
1084 1923 1170 1965 τοὺς
1191 1936 1243 1958 om
1261 1925 1293 1958 D
1429 1926 1471 1960 12
1492 1923 1676 1970 πρέσβεων
1697 1924 1784 1970 ἄφι-

457 1968 662 2013 κνουμένων
695 1974 724 2006 D
861 1972 904 2007 16
934 1981 1002 2004 ουν
1030 1970 1061 2003 D
1196 1971 1238 2004 17
1267 1969 1335 2003 τοῦ
1363 1968 1556 2015 τοιούτου]
1589 1968 1723 2007 τούτου
1751 1971 1784 2005 D

464 2016 506 2052 19
527 2015 744 2062 πεποιήκασι
761 2016 792 2051 D
925 2016 968 2052 21
994 2012 1374 2056 Κωνσταντινούπολις
1389 2014 1434 2053 Ι).

370 2123 545 2162 salutatur.
591 2130 686 2162 erant
708 2127 838 2163 interim
861 2127 951 2164 cives
975 2138 1046 2162 cum
1071 2125 1164 2161 Italis
1186 2126 1328 2170 imagine
1348 2119 1474 2161 tanttm
1499 2125 1589 2170 pacis
1616 2127 1652 2159 et
1675 2125 1787 2160 amici-

371 2169 440 2203 tiae
465 2171 576 2217 specie
602 2174 800 2215 concordes,
824 2185 897 2206 cum
924 2173 1001 2206 Itali
1025 2172 1183 2216 promissa
1205 2171 1431 2217 impensasque
1443 2171 1549 2204 acrius
1565 2176 1790 2215 reposcerent,

373 2214 464 2248 cives
488 2227 598 2250 earum
623 2228 776 2253 summam
797 2219 961 2254 subducta
979 2218 1106 2252 ratione
1130 2217 1300 2250 immanem
1323 2227 1396 2249 esse
1420 2215 1662 2258 existimarent,
1690 2215 1788 2250 mini-

374 2270 492 2303 meque
507 2273 544 2294 se
558 2273 628 2295 eam
643 2263 833 2307 persolvere
847 2274 946 2308 posse
961 2262 1208 2296 contenderent.
1253 2261 1378 2294 interea
1401 2271 1508 2294 novae
1521 2261 1639 2294 turbae
1656 2259 1789 2304 Byzan-

375 2302 414 2337 tii
442 2305 587 2339 concitae
614 2311 699 2340 sunt.
746 2312 842 2352 pater
866 2307 950 2340 enim
973 2306 1080 2340 Alexii
1093 2306 1240 2349 Angelus
1255 2305 1418 2346 Isaacius,
1440 2304 1519 2338 licet
1533 2316 1574 2338 ex
1590 2304 1670 2338 urbe
1685 2305 1789 2339 decli-

376 2353 509 2390 nasset,
532 2350 636 2384 adhuc
659 2351 692 2385 in
715 2352 822 2392 vivis,
846 2352 1009 2395 paululum
1034 2356 1207 2394 antequam
1233 2349 1426 2392 Byzantium
1445 2354 1638 2393 caperetur,
1658 2356 1790 2383 senten-

377 2392 455 2426 tiam
480 2395 604 2428 tulerat
621 2399 658 2428 ut
673 2407 715 2429 ex
730 2396 871 2430 donariis
885 2396 987 2430 sacris
1004 2396 1037 2428 in
1051 2406 1148 2429 unum
1171 2394 1315 2429 collectis
1330 2393 1572 2439 divenditisque
1587 2393 1677 2427 Italis
1695 2394 1790 2428 debi-

377 2441 445 2472 tum
460 2439 596 2482 primum
613 2446 847 2484 reponeretur-3
870 2441 896 2473 si
912 2440 999 2485 quod
1015 2440 1164 2481 deesset,
1187 2451 1229 2472 ex
1251 2439 1398 2481 aerario,
1421 2439 1605 2482 civiumque
1622 2439 1791 2473 facultati-

378 2482 440 2516 bus
467 2484 720 2527 persolveretur.
765 2484 840 2517 dum
864 2484 949 2517 inter
965 2496 1000 2518 se
1014 2484 1170 2518 dissident
1186 2488 1219 2516 et
1232 2484 1306 2518 hinc
1319 2483 1474 2527 illincque
1489 2484 1588 2527 legati
1608 2483 1792 2525 mittuntur,

381 2527 468 2561 filius
483 2528 599 2563 Isaacii
616 2529 750 2563 Alexius
765 2529 808 2562 ab
823 2529 939 2563 Alexio
955 2529 1068 2569 Duca,
1092 2528 1134 2562 ab
1148 2529 1210 2561 hoc
1225 2529 1339 2561 eodem
1355 2529 1470 2562 Isaacii
1486 2529 1552 2561 filio
1569 2528 1791 2572 protovestia-

380 2572 421 2606 rii
444 2572 606 2616 dignitate
620 2574 773 2616 insignito
787 2599 796 2614 ‚
822 2579 856 2609 et
872 2585 892 2606 a
907 2573 1048 2615 civibus,
1071 2573 1182 2606 nescio
1199 2573 1276 2616 quid
1290 2573 1335 2607 illi
1350 2573 1429 2606 vitio
1445 2574 1669 2615 vertentibus,
1696 2573 1793 2607 Mur-

380 2618 515 2662 tzuphlo
540 2618 645 2662 dicto,
668 2619 893 2653 obtruncatur.
936 2618 1163 2662 Murtzuphlus
1180 2622 1295 2660 postea
1309 2619 1487 2662 imperator
1502 2629 1566 2651 non
1579 2617 1791 2652 dissentiente

380 2663 501 2707 populo
524 2663 665 2707 eligitur.
709 2664 784 2697 hinc
804 2663 905 2706 magis
919 2674 958 2698 ac
973 2663 1074 2706 magis
1093 2662 1163 2695 {tali
1175 2663 1209 2696 in
1226 2663 1368 2695 furorem
1393 2663 1459 2697 acti
1481 2674 1600 2706 graves
1616 2674 1654 2697 ac
1668 2662 1790 2707 sempi-

380 2712 493 2741 ternas
506 2707 687 2741 inimicitias
697 2708 730 2742 in
743 2708 942 2752 Byzantinos
957 2712 1184 2751 susceperunt.
1229 2719 1288 2752 per
1301 2707 1388 2740 idem
1403 2713 1530 2751 tempus
1545 2707 1698 2742 laudabili
1707 2717 1791 2750 ‘con-

382 2750 453 2786 silio
469 2764 489 2786 a
505 2753 631 2786 civibus
647 2753 862 2788 deliberatum
878 2757 945 2787 est:
970 2763 1044 2786 nam
1062 2752 1116 2796 qui
1132 2756 1306 2797 praeerant
1324 2757 1356 2785 et
1371 2752 1585 2796 dignitatibus
1601 2751 1793 2797 praefulge-

381 2797 482 2841 bant,
505 2798 685 2833 decrevere
706 2803 744 2833 ut
763 2797 892 2844 Latini,
918 2797 973 2843 qui
988 2797 1086 2844 cpoli
1105 2797 1206 2831 veluti
1223 2797 1355 2832 accolae
1369 2798 1478 2832 sedem
1493 2800 1689 2843 posuerant,
1709 2796 1793 2829 urbe
