<?xml version="1.0" encoding="UTF-8"?>
<!DOCTYPE html PUBLIC "-//W3C//DTD XHTML 1.0 Transitional//EN"
    "http://www.w3.org/TR/xhtml1/DTD/xhtml1-transitional.dtd">
<html xmlns="http://www.w3.org/1999/xhtml" xml:lang="en" lang="en">
 <head>
  <title>
</title>
<meta http-equiv="Content-Type" content="text/html;charset=utf-8" />
  <meta name='ocr-system' content='tesseract 3.04.00' />
  <meta name='ocr-capabilities' content='ocr_page ocr_carea ocr_par ocr_line ocrx_word'/>
</head>
<body>
  <div class='ocr_page' id='page_1' title='image "./corpusscriptorum06niebuoft_0655.png"; bbox 0 0 1864 3242; ppageno 0'>
   <div class='ocr_carea' id='block_1_1' title="bbox 0 1221 13 1379">
    <p class='ocr_par' dir='ltr' id='par_1_1' title="bbox 0 1221 13 1379">
     <span class='ocr_line' id='line_1_1' title="bbox 0 1221 13 1379; textangle 90"><span class='ocrx_word' id='word_1_1' title='bbox 0 1221 13 1379; x_wconf 45' lang='lat' dir='ltr'><strong>”ev-‘uz‘-</strong></span> 
     </span>
    </p>
   </div>
   <div class='ocr_carea' id='block_1_2' title="bbox 0 1480 16 1733">
    <p class='ocr_par' dir='ltr' id='par_1_2' title="bbox 0 1480 16 1733">
     <span class='ocr_line' id='line_1_2' title="bbox 0 1480 16 1733; textangle 90"><span class='ocrx_word' id='word_1_2' title='bbox 0 1728 4 1733; x_wconf 88' lang='lat'><em>-</em></span> <span class='ocrx_word' id='word_1_3' title='bbox 0 1523 16 1698; x_wconf 23' lang='lat' dir='ltr'><strong>nme-wwmr</strong></span> <span class='ocrx_word' id='word_1_4' title='bbox 7 1480 9 1482; x_wconf 95' lang='lat'><strong>.</strong></span> 
     </span>
    </p>
   </div>
   <div class='ocr_carea' id='block_1_3' title="bbox 0 0 41 1224">
    <p class='ocr_par' dir='ltr' id='par_1_3' title="bbox 0 0 41 1224">
     <span class='ocr_line' id='line_1_3' title="bbox 0 0 41 1224; baseline 0 0"><span class='ocrx_word' id='word_1_5' title='bbox 0 0 41 1224; x_wconf 95' lang='lat' dir='ltr'><strong> </strong></span> 
     </span>
    </p>
   </div>
   <div class='ocr_carea' id='block_1_4' title="bbox 526 138 1551 212">
    <p class='ocr_par' dir='ltr' id='par_1_4' title="bbox 526 138 1551 212">
     <span class='ocr_line' id='line_1_4' title="bbox 526 138 1551 212; baseline -0.004 0"><span class='ocrx_word' id='word_1_6' title='bbox 526 165 921 212; x_wconf 72' lang='lat' dir='ltr'><strong>Acaorommm</strong></span> <span class='ocrx_word' id='word_1_7' title='bbox 938 138 1150 210; x_wconf 54' lang='grc' dir='ltr'><strong>γίκτοΊἊΕ.</strong></span> <span class='ocrx_word' id='word_1_8' title='bbox 1455 164 1551 209; x_wconf 80' lang='lat'><strong>253</strong></span> 
     </span>
    </p>
   </div>
   <div class='ocr_carea' id='block_1_5' title="bbox 106 273 1555 557">
    <p class='ocr_par' dir='ltr' id='par_1_5' title="bbox 106 273 1555 486">
     <span class='ocr_line' id='line_1_5' title="bbox 110 273 1554 331; baseline -0.003 -13"><span class='ocrx_word' id='word_1_9' title='bbox 110 277 210 318; x_wconf 75' lang='lat' dir='ltr'><strong>haec</strong></span> <span class='ocrx_word' id='word_1_10' title='bbox 235 277 494 318; x_wconf 67' lang='lat' dir='ltr'><strong>‘dei&#39;l&#39;emobi</strong></span> <span class='ocrx_word' id='word_1_11' title='bbox 519 279 702 331; x_wconf 84' lang='lat' dir='ltr'><strong>episcopo</strong></span> <span class='ocrx_word' id='word_1_12' title='bbox 730 277 898 329; x_wconf 78' lang='lat' dir='ltr'><strong>scripsit.</strong></span> <span class='ocrx_word' id='word_1_13' title='bbox 951 275 1007 314; x_wconf 82' lang='lat' dir='ltr'><strong>de</strong></span> <span class='ocrx_word' id='word_1_14' title='bbox 1035 275 1212 315; x_wconf 74' lang='lat' dir='ltr'><strong>Tei-nobi</strong></span> <span class='ocrx_word' id='word_1_15' title='bbox 1237 273 1459 312; x_wconf 87' lang='lat' dir='ltr'><strong>autonomia</strong></span> <span class='ocrx_word' id='word_1_16' title='bbox 1479 287 1554 313; x_wconf 88' lang='lat' dir='ltr'><strong>nos</strong></span> 
     </span>
     <span class='ocr_line' id='line_1_6' title="bbox 110 332 1555 386; baseline -0.003 -13"><span class='ocrx_word' id='word_1_17' title='bbox 110 337 235 374; x_wconf 64' lang='lat' dir='ltr'><strong>etim</strong></span> <span class='ocrx_word' id='word_1_18' title='bbox 246 335 358 374; x_wconf 66' lang='lat' dir='ltr'><strong>fflibi.</strong></span> <span class='ocrx_word' id='word_1_19' title='bbox 370 352 383 362; x_wconf 22' lang='grc' dir='ltr'><strong>’Δ</strong></span> <span class='ocrx_word' id='word_1_20' title='bbox 413 335 646 374; x_wconf 75' lang='lat' dir='ltr'><strong>Tel-nobum</strong></span> <span class='ocrx_word' id='word_1_21' title='bbox 664 334 975 386; x_wconf 75' lang='lat' dir='ltr'><strong>pon-omnnium</strong></span> <span class='ocrx_word' id='word_1_22' title='bbox 997 334 1140 371; x_wconf 81' lang='lat' dir='ltr'><strong>Haemi</strong></span> <span class='ocrx_word' id='word_1_23' title='bbox 1159 332 1320 370; x_wconf 86' lang='lat' dir='ltr'><strong>urbium</strong></span> <span class='ocrx_word' id='word_1_24' title='bbox 1332 333 1555 369; x_wconf 64' lang='lat' dir='ltr'><strong>munitissi-</strong></span> 
     </span>
     <span class='ocr_line' id='line_1_7' title="bbox 109 388 1554 444; baseline -0.003 -15"><span class='ocrx_word' id='word_1_25' title='bbox 109 404 220 431; x_wconf 81' lang='lat' dir='ltr'><strong>mam</strong></span> <span class='ocrx_word' id='word_1_26' title='bbox 235 398 275 430; x_wconf 84' lang='lat' dir='ltr'><strong>et</strong></span> <span class='ocrx_word' id='word_1_27' title='bbox 294 393 674 444; x_wconf 73' lang='lat' dir='ltr'><strong>praestantissimam</strong></span> <span class='ocrx_word' id='word_1_28' title='bbox 689 389 782 428; x_wconf 89' lang='lat' dir='ltr'><strong>dicit</strong></span> <span class='ocrx_word' id='word_1_29' title='bbox 803 388 1007 440; x_wconf 84' lang='lat' dir='ltr'><strong>Choniata,</strong></span> <span class='ocrx_word' id='word_1_30' title='bbox 1035 391 1078 427; x_wconf 86' lang='lat' dir='ltr'><strong>in</strong></span> <span class='ocrx_word' id='word_1_31' title='bbox 1094 390 1241 428; x_wconf 82' lang='lat' dir='ltr'><strong>montis</strong></span> <span class='ocrx_word' id='word_1_32' title='bbox 1258 389 1404 428; x_wconf 75' lang='lat' dir='ltr'><strong>vertice</strong></span> <span class='ocrx_word' id='word_1_33' title='bbox 1423 389 1554 437; x_wconf 85' lang='lat' dir='ltr'><strong>sitam,</strong></span> 
     </span>
     <span class='ocr_line' id='line_1_8' title="bbox 106 446 932 486; baseline -0.002 0"><span class='ocrx_word' id='word_1_34' title='bbox 106 448 233 486; x_wconf 78' lang='lat' dir='ltr'><strong>firmis</strong></span> <span class='ocrx_word' id='word_1_35' title='bbox 248 446 531 486; x_wconf 59' lang='lat' dir='ltr'><strong>ciacumdatam</strong></span> <span class='ocrx_word' id='word_1_36' title='bbox 551 447 772 486; x_wconf 77' lang='lat' dir='ltr'><strong>moenibus-</strong></span> <span class='ocrx_word' id='word_1_37' title='bbox 828 448 932 485; x_wconf 76' lang='lat' dir='ltr'><strong>Au..</strong></span> 
     </span>
    </p>

    <p class='ocr_par' dir='ltr' id='par_1_6' title="bbox 217 501 1374 557">
     <span class='ocr_line' id='line_1_9' title="bbox 217 501 1374 557; baseline -0.003 -14"><span class='ocrx_word' id='word_1_38' title='bbox 217 518 261 556; x_wconf 86' lang='lat' dir='ltr'><strong>p.</strong></span> <span class='ocrx_word' id='word_1_39' title='bbox 282 505 336 546; x_wconf 88' lang='lat'><strong>55</strong></span> <span class='ocrx_word' id='word_1_40' title='bbox 355 517 396 542; x_wconf 83' lang='lat' dir='ltr'><strong>v.</strong></span> <span class='ocrx_word' id='word_1_41' title='bbox 411 506 453 545; x_wconf 87' lang='grc'><strong>9.</strong></span> <span class='ocrx_word' id='word_1_42' title='bbox 508 501 585 557; x_wconf 64' lang='grc' dir='ltr'><strong>τήν</strong></span> <span class='ocrx_word' id='word_1_43' title='bbox 601 501 791 554; x_wconf 76' lang='grc' dir='ltr'><strong>δυτικὴν]</strong></span> <span class='ocrx_word' id='word_1_44' title='bbox 822 503 1018 554; x_wconf 82' lang='lat' dir='ltr'><strong>Gregoras</strong></span> <span class='ocrx_word' id='word_1_45' title='bbox 1032 514 1073 554; x_wconf 84' lang='lat' dir='ltr'><strong>p.</strong></span> <span class='ocrx_word' id='word_1_46' title='bbox 1092 504 1146 544; x_wconf 82' lang='lat'><strong>30</strong></span> <span class='ocrx_word' id='word_1_47' title='bbox 1173 503 1214 543; x_wconf 89' lang='lat'><strong>6.</strong></span> <span class='ocrx_word' id='word_1_48' title='bbox 1269 503 1374 540; x_wconf 67' lang='lat' dir='ltr'><strong>Am..</strong></span> 
     </span>
    </p>
   </div>
   <div class='ocr_carea' id='block_1_6' title="bbox 215 559 1553 668">
    <p class='ocr_par' dir='ltr' id='par_1_7' title="bbox 215 559 1553 668">
     <span class='ocr_line' id='line_1_10' title="bbox 217 559 1085 613; baseline -0.009 -10"><span class='ocrx_word' id='word_1_49' title='bbox 217 573 259 613; x_wconf 85' lang='lat' dir='ltr'><strong>p-</strong></span> <span class='ocrx_word' id='word_1_50' title='bbox 281 562 334 602; x_wconf 88' lang='lat'><strong>56</strong></span> <span class='ocrx_word' id='word_1_51' title='bbox 353 573 392 598; x_wconf 79' lang='lat' dir='ltr'><strong>v·</strong></span> <span class='ocrx_word' id='word_1_52' title='bbox 413 559 479 602; x_wconf 89' lang='lat'><strong>15.</strong></span> <span class='ocrx_word' id='word_1_53' title='bbox 538 559 712 612; x_wconf 74' lang='grc' dir='ltr'><strong><em>ἔφημεν]</em></strong></span> <span class='ocrx_word' id='word_1_54' title='bbox 748 572 834 610; x_wconf 84' lang='lat' dir='ltr'><strong>cap.</strong></span> <span class='ocrx_word' id='word_1_55' title='bbox 858 561 922 599; x_wconf 82' lang='lat'><strong>31.</strong></span> <span class='ocrx_word' id='word_1_56' title='bbox 982 560 1085 596; x_wconf 76' lang='lat' dir='ltr'><strong>Am..</strong></span> 
     </span>
     <span class='ocr_line' id='line_1_11' title="bbox 215 614 1553 668; baseline -0.005 -10"><span class='ocrx_word' id='word_1_57' title='bbox 215 630 258 668; x_wconf 83' lang='lat' dir='ltr'><strong>p.</strong></span> <span class='ocrx_word' id='word_1_58' title='bbox 271 616 332 658; x_wconf 79' lang='lat'><strong>58</strong></span> <span class='ocrx_word' id='word_1_59' title='bbox 350 630 390 654; x_wconf 80' lang='lat' dir='ltr'><strong>v.</strong></span> <span class='ocrx_word' id='word_1_60' title='bbox 409 619 451 658; x_wconf 84' lang='lat'><strong>8.</strong></span> <span class='ocrx_word' id='word_1_61' title='bbox 508 615 713 668; x_wconf 75' lang='grc' dir='ltr'><strong><em>Σκυθῶν]</em></strong></span> <span class='ocrx_word' id='word_1_62' title='bbox 743 615 835 653; x_wconf 77' lang='lat' dir='ltr'><strong>cum</strong></span> <span class='ocrx_word' id='word_1_63' title='bbox 858 617 1024 654; x_wconf 85' lang='lat' dir='ltr'><strong>Ioannes</strong></span> <span class='ocrx_word' id='word_1_64' title='bbox 1045 616 1175 652; x_wconf 86' lang='lat' dir='ltr'><strong>Ducas</strong></span> <span class='ocrx_word' id='word_1_65' title='bbox 1198 626 1330 653; x_wconf 81' lang='lat' dir='ltr'><strong>rerum</strong></span> <span class='ocrx_word' id='word_1_66' title='bbox 1348 614 1553 665; x_wconf 83' lang='lat' dir='ltr'><strong>potiretur,</strong></span> 
     </span>
    </p>
   </div>
   <div class='ocr_carea' id='block_1_7' title="bbox 81 669 1598 2862">
    <p class='ocr_par' dir='ltr' id='par_1_8' title="bbox 94 669 1555 1626">
     <span class='ocr_line' id='line_1_12' title="bbox 104 669 1554 725; baseline -0.001 -15"><span class='ocrx_word' id='word_1_67' title='bbox 104 673 285 711; x_wconf 82' lang='lat' dir='ltr'><strong>maxima</strong></span> <span class='ocrx_word' id='word_1_68' title='bbox 295 671 545 725; x_wconf 78' lang='lat' dir='ltr'><strong>Scytharum</strong></span> <span class='ocrx_word' id='word_1_69' title='bbox 571 670 790 715; x_wconf 80' lang='lat' dir='ltr'><strong>multitudo·</strong></span> <span class='ocrx_word' id='word_1_70' title='bbox 806 672 855 709; x_wconf 90' lang='lat' dir='ltr'><strong>ab</strong></span> <span class='ocrx_word' id='word_1_71' title='bbox 870 672 1136 723; x_wconf 76' lang='lat' dir='ltr'>Hyperboreis</span> <span class='ocrx_word' id='word_1_72' title='bbox 1155 669 1279 709; x_wconf 86' lang='lat' dir='ltr'><strong>effusa</strong></span> <span class='ocrx_word' id='word_1_73' title='bbox 1297 669 1349 708; x_wconf 88' lang='lat' dir='ltr'><strong>ad</strong></span> <span class='ocrx_word' id='word_1_74' title='bbox 1369 671 1554 722; x_wconf 79' lang='lat' dir='ltr'>Caspium</span> 
     </span>
     <span class='ocr_line' id='line_1_13' title="bbox 103 725 1555 779; baseline -0.001 -13"><span class='ocrx_word' id='word_1_75' title='bbox 103 741 214 767; x_wconf 84' lang='lat' dir='ltr'><strong>mare</strong></span> <span class='ocrx_word' id='word_1_76' title='bbox 234 727 456 779; x_wconf 88' lang='lat' dir='ltr'><strong>descendit,</strong></span> <span class='ocrx_word' id='word_1_77' title='bbox 486 737 525 768; x_wconf 88' lang='lat' dir='ltr'><strong>et</strong></span> <span class='ocrx_word' id='word_1_78' title='bbox 544 742 680 767; x_wconf 85' lang='lat' dir='ltr'><strong>eorum</strong></span> <span class='ocrx_word' id='word_1_79' title='bbox 698 728 796 766; x_wconf 89' lang='lat' dir='ltr'><strong>duce</strong></span> <span class='ocrx_word' id='word_1_80' title='bbox 815 728 1029 766; x_wconf 86' lang='lat' dir='ltr'><strong>Sitziscane</strong></span> <span class='ocrx_word' id='word_1_81' title='bbox 1050 726 1234 765; x_wconf 87' lang='lat' dir='ltr'><strong>defuncto</strong></span> <span class='ocrx_word' id='word_1_82' title='bbox 1253 727 1325 764; x_wconf 86' lang='lat' dir='ltr'><strong>filii</strong></span> <span class='ocrx_word' id='word_1_83' title='bbox 1345 725 1555 765; x_wconf 85' lang='lat' dir='ltr'><strong>eiusCha-</strong></span> 
     </span>
     <span class='ocr_line' id='line_1_14' title="bbox 103 783 1553 838; baseline -0.001 -16"><span class='ocrx_word' id='word_1_84' title='bbox 103 785 191 823; x_wconf 89' lang='lat' dir='ltr'><strong>laus</strong></span> <span class='ocrx_word' id='word_1_85' title='bbox 209 793 248 823; x_wconf 90' lang='lat' dir='ltr'><strong>et</strong></span> <span class='ocrx_word' id='word_1_86' title='bbox 264 786 495 838; x_wconf 77' lang='lat' dir='ltr'><strong>Telep&#39;uges</strong></span> <span class='ocrx_word' id='word_1_87' title='bbox 511 787 706 824; x_wconf 84' lang='lat' dir='ltr'><strong>exercitus</strong></span> <span class='ocrx_word' id='word_1_88' title='bbox 726 783 919 824; x_wconf 87' lang='lat' dir='ltr'><strong>dividunt.</strong></span> <span class='ocrx_word' id='word_1_89' title='bbox 964 783 1136 823; x_wconf 80' lang='lat' dir='ltr'><strong>Chalaus</strong></span> <span class='ocrx_word' id='word_1_90' title='bbox 1153 783 1340 834; x_wconf 78' lang='lat' dir='ltr'><strong>Caspium</strong></span> <span class='ocrx_word' id='word_1_91' title='bbox 1359 789 1398 820; x_wconf 90' lang='lat' dir='ltr'><strong>et</strong></span> <span class='ocrx_word' id='word_1_92' title='bbox 1414 785 1553 821; x_wconf 85' lang='lat' dir='ltr'><strong>Iaxar-</strong></span> 
     </span>
     <span class='ocr_line' id='line_1_15' title="bbox 103 840 1554 894; baseline -0.001 -16"><span class='ocrx_word' id='word_1_93' title='bbox 103 847 187 879; x_wconf 86' lang='lat' dir='ltr'><strong>tem</strong></span> <span class='ocrx_word' id='word_1_94' title='bbox 216 842 381 880; x_wconf 84' lang='lat' dir='ltr'><strong>fluvium</strong></span> <span class='ocrx_word' id='word_1_95' title='bbox 410 841 461 880; x_wconf 92' lang='lat' dir='ltr'><strong>ad</strong></span> <span class='ocrx_word' id='word_1_96' title='bbox 489 843 820 894; x_wconf 89' lang='lat' dir='ltr'><strong>Septemtrionem</strong></span> <span class='ocrx_word' id='word_1_97' title='bbox 842 842 1070 892; x_wconf 87' lang='lat' dir='ltr'><strong>relinquens</strong></span> <span class='ocrx_word' id='word_1_98' title='bbox 1087 853 1158 892; x_wconf 84' lang='lat' dir='ltr'><strong>per</strong></span> <span class='ocrx_word' id='word_1_99' title='bbox 1173 840 1400 877; x_wconf 87' lang='lat' dir='ltr'><strong>inferiorem</strong></span> <span class='ocrx_word' id='word_1_100' title='bbox 1414 841 1554 877; x_wconf 80' lang='lat' dir='ltr'>Asiam</span> 
     </span>
     <span class='ocr_line' id='line_1_16' title="bbox 104 895 1552 950; baseline -0.001 -16"><span class='ocrx_word' id='word_1_101' title='bbox 104 896 333 938; x_wconf 77' lang='lat' dir='ltr'><strong>descendit:</strong></span> <span class='ocrx_word' id='word_1_102' title='bbox 357 899 583 950; x_wconf 85' lang='lat' dir='ltr'><strong>Telepuges</strong></span> <span class='ocrx_word' id='word_1_103' title='bbox 614 898 807 935; x_wconf 86' lang='lat' dir='ltr'><strong>limitibus</strong></span> <span class='ocrx_word' id='word_1_104' title='bbox 839 899 997 948; x_wconf 84' lang='lat' dir='ltr'><strong>imperii</strong></span> <span class='ocrx_word' id='word_1_105' title='bbox 1019 899 1081 935; x_wconf 88' lang='lat' dir='ltr'><strong>sui</strong></span> <span class='ocrx_word' id='word_1_106' title='bbox 1104 897 1325 934; x_wconf 86' lang='lat' dir='ltr'><strong>constitutis</strong></span> <span class='ocrx_word' id='word_1_107' title='bbox 1342 895 1552 934; x_wconf 84' lang='lat' dir='ltr'><strong>meridiem</strong></span> 
     </span>
     <span class='ocr_line' id='line_1_17' title="bbox 101 952 1550 1004; baseline -0.002 -12"><span class='ocrx_word' id='word_1_108' title='bbox 101 964 238 992; x_wconf 80' lang='lat' dir='ltr'><strong>versus</strong></span> <span class='ocrx_word' id='word_1_109' title='bbox 251 955 708 994; x_wconf 77' lang='lat' dir='ltr'><strong>&#39;Caucasi-cacuminibus</strong></span> <span class='ocrx_word' id='word_1_110' title='bbox 729 960 768 990; x_wconf 85' lang='lat' dir='ltr'><strong>et</strong></span> <span class='ocrx_word' id='word_1_111' title='bbox 788 952 973 1004; x_wconf 81' lang='lat' dir='ltr'><strong>deinceps</strong></span> <span class='ocrx_word' id='word_1_112' title='bbox 992 955 1094 990; x_wconf 89' lang='lat' dir='ltr'><strong>mari</strong></span> <span class='ocrx_word' id='word_1_113' title='bbox 1114 954 1254 1004; x_wconf 83' lang='lat' dir='ltr'><strong>Caspio</strong></span> <span class='ocrx_word' id='word_1_114' title='bbox 1266 982 1276 1000; x_wconf 94' lang='lat'>‚</span> <span class='ocrx_word' id='word_1_115' title='bbox 1306 966 1378 1003; x_wconf 86' lang='lat' dir='ltr'><strong>per</strong></span> <span class='ocrx_word' id='word_1_116' title='bbox 1396 954 1550 990; x_wconf 88' lang='lat' dir='ltr'><strong>Massa-</strong></span> 
     </span>
     <span class='ocr_line' id='line_1_18' title="bbox 100 1009 1550 1062; baseline -0.001 -15"><span class='ocrx_word' id='word_1_117' title='bbox 100 1017 282 1062; x_wconf 83' lang='lat' dir='ltr'><strong>getarum</strong></span> <span class='ocrx_word' id='word_1_118' title='bbox 302 1017 342 1048; x_wconf 87' lang='lat' dir='ltr'><strong>et</strong></span> <span class='ocrx_word' id='word_1_119' title='bbox 359 1011 680 1049; x_wconf 77' lang='lat' dir='ltr'><strong>Sauromatarum</strong></span> <span class='ocrx_word' id='word_1_120' title='bbox 697 1011 900 1060; x_wconf 82' lang='lat' dir='ltr'><strong>regionem</strong></span> <span class='ocrx_word' id='word_1_121' title='bbox 917 1009 1186 1060; x_wconf 84' lang='lat' dir='ltr'><strong>proficiscitur,</strong></span> <span class='ocrx_word' id='word_1_122' title='bbox 1209 1010 1433 1060; x_wconf 83' lang='lat' dir='ltr'><strong>subigitque</strong></span> <span class='ocrx_word' id='word_1_123' title='bbox 1448 1021 1550 1060; x_wconf 87' lang='lat' dir='ltr'><strong>gen-</strong></span> 
     </span>
     <span class='ocr_line' id='line_1_19' title="bbox 99 1064 1550 1119; baseline -0.002 -15"><span class='ocrx_word' id='word_1_124' title='bbox 99 1073 160 1104; x_wconf 82' lang='lat' dir='ltr'><strong>tes</strong></span> <span class='ocrx_word' id='word_1_125' title='bbox 177 1070 316 1104; x_wconf 84' lang='lat' dir='ltr'><strong>omnes</strong></span> <span class='ocrx_word' id='word_1_126' title='bbox 336 1079 437 1119; x_wconf 85' lang='lat' dir='ltr'><strong>quae</strong></span> <span class='ocrx_word' id='word_1_127' title='bbox 454 1065 694 1104; x_wconf 86' lang='lat' dir='ltr'><strong>Maeotidem</strong></span> <span class='ocrx_word' id='word_1_128' title='bbox 711 1064 901 1117; x_wconf 78' lang='lat' dir='ltr'><strong>paludem</strong></span> <span class='ocrx_word' id='word_1_129' title='bbox 922 1072 961 1102; x_wconf 88' lang='lat' dir='ltr'><strong>et</strong></span> <span class='ocrx_word' id='word_1_130' title='bbox 978 1066 1150 1103; x_wconf 80' lang='lat' dir='ltr'><strong>Tanaim</strong></span> <span class='ocrx_word' id='word_1_131' title='bbox 1175 1066 1416 1103; x_wconf 78' lang='lat' dir='ltr'><strong>accolebant.</strong></span> <span class='ocrx_word' id='word_1_132' title='bbox 1476 1064 1550 1102; x_wconf 91' lang='lat' dir='ltr'><strong>de-</strong></span> 
     </span>
     <span class='ocr_line' id='line_1_20' title="bbox 97 1121 1548 1174; baseline -0.001 -14"><span class='ocrx_word' id='word_1_133' title='bbox 97 1121 193 1160; x_wconf 85' lang='lat' dir='ltr'><strong>inde</strong></span> <span class='ocrx_word' id='word_1_134' title='bbox 213 1124 343 1160; x_wconf 87' lang='lat' dir='ltr'><strong>Tanai</strong></span> <span class='ocrx_word' id='word_1_135' title='bbox 364 1130 546 1174; x_wconf 82' lang='lat' dir='ltr'><strong>superato</strong></span> <span class='ocrx_word' id='word_1_136' title='bbox 572 1122 759 1160; x_wconf 82' lang='lat' dir='ltr'><strong>adversus</strong></span> <span class='ocrx_word' id='word_1_137' title='bbox 783 1123 1010 1173; x_wconf 88' lang='lat' dir='ltr'><strong>Europaeas</strong></span> <span class='ocrx_word' id='word_1_138' title='bbox 1035 1128 1174 1172; x_wconf 85' lang='lat' dir='ltr'><strong>gentes</strong></span> <span class='ocrx_word' id='word_1_139' title='bbox 1194 1122 1340 1158; x_wconf 87' lang='lat' dir='ltr'><strong>multas</strong></span> <span class='ocrx_word' id='word_1_140' title='bbox 1358 1134 1403 1158; x_wconf 87' lang='lat' dir='ltr'><strong>ac</strong></span> <span class='ocrx_word' id='word_1_141' title='bbox 1419 1123 1548 1159; x_wconf 76' lang='lat' dir='ltr'><strong>varias</strong></span> 
     </span>
     <span class='ocr_line' id='line_1_21' title="bbox 100 1177 1549 1231; baseline -0.001 -15"><span class='ocrx_word' id='word_1_142' title='bbox 100 1185 140 1216; x_wconf 91' lang='lat' dir='ltr'><strong>et</strong></span> <span class='ocrx_word' id='word_1_143' title='bbox 169 1192 222 1216; x_wconf 82' lang='lat' dir='ltr'><strong>ex</strong></span> <span class='ocrx_word' id='word_1_144' title='bbox 249 1177 395 1217; x_wconf 88' lang='lat' dir='ltr'><strong>iisdem</strong></span> <span class='ocrx_word' id='word_1_145' title='bbox 416 1177 575 1231; x_wconf 80' lang='lat' dir='ltr'><strong>Scythis</strong></span> <span class='ocrx_word' id='word_1_146' title='bbox 598 1186 702 1217; x_wconf 82' lang='lat' dir='ltr'><strong>ortas</strong></span> <span class='ocrx_word' id='word_1_147' title='bbox 717 1180 912 1230; x_wconf 80' lang='lat' dir='ltr'><strong>impetum</strong></span> <span class='ocrx_word' id='word_1_148' title='bbox 927 1178 1045 1226; x_wconf 82' lang='lat' dir='ltr'><strong>facit,</strong></span> <span class='ocrx_word' id='word_1_149' title='bbox 1075 1190 1177 1230; x_wconf 89' lang='lat' dir='ltr'><strong>quae</strong></span> <span class='ocrx_word' id='word_1_150' title='bbox 1200 1179 1459 1228; x_wconf 86' lang='lat' dir='ltr'><strong>impressione</strong></span> <span class='ocrx_word' id='word_1_151' title='bbox 1478 1178 1549 1214; x_wconf 89' lang='lat' dir='ltr'><strong>illa</strong></span> 
     </span>
     <span class='ocr_line' id='line_1_22' title="bbox 97 1233 1551 1286; baseline -0.001 -14"><span class='ocrx_word' id='word_1_152' title='bbox 97 1237 328 1286; x_wconf 80' lang='lat' dir='ltr'><strong>perterritae</strong></span> <span class='ocrx_word' id='word_1_153' title='bbox 350 1234 561 1273; x_wconf 88' lang='lat' dir='ltr'><strong>mutandas</strong></span> <span class='ocrx_word' id='word_1_154' title='bbox 582 1235 658 1273; x_wconf 89' lang='lat' dir='ltr'><strong>sibi</strong></span> <span class='ocrx_word' id='word_1_155' title='bbox 683 1233 797 1272; x_wconf 84' lang='lat' dir='ltr'><strong>sedes</strong></span> <span class='ocrx_word' id='word_1_156' title='bbox 818 1241 1076 1272; x_wconf 83' lang='lat' dir='ltr'><strong>censuerunt:</strong></span> <span class='ocrx_word' id='word_1_157' title='bbox 1105 1246 1237 1285; x_wconf 88' lang='lat' dir='ltr'><strong>neque</strong></span> <span class='ocrx_word' id='word_1_158' title='bbox 1260 1235 1368 1270; x_wconf 90' lang='lat' dir='ltr'><strong>enim</strong></span> <span class='ocrx_word' id='word_1_159' title='bbox 1384 1234 1466 1271; x_wconf 89' lang='lat' dir='ltr'><strong>illis</strong></span> <span class='ocrx_word' id='word_1_160' title='bbox 1485 1246 1551 1271; x_wconf 92' lang='lat' dir='ltr'><strong>sa-</strong></span> 
     </span>
     <span class='ocr_line' id='line_1_23' title="bbox 97 1289 1552 1340; baseline -0.003 -10"><span class='ocrx_word' id='word_1_161' title='bbox 97 1293 150 1330; x_wconf 83' lang='lat' dir='ltr'><strong>tis</strong></span> <span class='ocrx_word' id='word_1_162' title='bbox 167 1289 334 1330; x_wconf 87' lang='lat' dir='ltr'><strong>fiduciae</strong></span> <span class='ocrx_word' id='word_1_163' title='bbox 352 1291 405 1329; x_wconf 86' lang='lat' dir='ltr'><strong>ad</strong></span> <span class='ocrx_word' id='word_1_164' title='bbox 421 1290 684 1330; x_wconf 84' lang='lat' dir='ltr'><strong>resistendum</strong></span> <span class='ocrx_word' id='word_1_165' title='bbox 701 1298 796 1339; x_wconf 83' lang='lat' dir='ltr'><strong>erat,</strong></span> <span class='ocrx_word' id='word_1_166' title='bbox 826 1289 898 1328; x_wconf 89' lang='lat' dir='ltr'><strong>sed</strong></span> <span class='ocrx_word' id='word_1_167' title='bbox 913 1303 1050 1327; x_wconf 88' lang='lat' dir='ltr'><strong>omnes</strong></span> <span class='ocrx_word' id='word_1_168' title='bbox 1069 1297 1108 1327; x_wconf 85' lang='lat' dir='ltr'><strong>et</strong></span> <span class='ocrx_word' id='word_1_169' title='bbox 1125 1296 1264 1340; x_wconf 84' lang='lat' dir='ltr'><strong>gentes</strong></span> <span class='ocrx_word' id='word_1_170' title='bbox 1279 1296 1318 1326; x_wconf 89' lang='lat' dir='ltr'><strong>et</strong></span> <span class='ocrx_word' id='word_1_171' title='bbox 1334 1289 1451 1327; x_wconf 89' lang='lat' dir='ltr'><strong>urbes</strong></span> <span class='ocrx_word' id='word_1_172' title='bbox 1468 1297 1552 1326; x_wconf 82' lang='lat' dir='ltr'><strong>tre-</strong></span> 
     </span>
     <span class='ocr_line' id='line_1_24' title="bbox 96 1344 1547 1399; baseline -0.002 -14"><span class='ocrx_word' id='word_1_173' title='bbox 96 1347 290 1399; x_wconf 85' lang='lat' dir='ltr'><strong>pidabant</strong></span> <span class='ocrx_word' id='word_1_174' title='bbox 310 1354 349 1386; x_wconf 84' lang='lat' dir='ltr'><strong>et</strong></span> <span class='ocrx_word' id='word_1_175' title='bbox 366 1348 477 1387; x_wconf 82' lang='lat' dir='ltr'><strong>velut</strong></span> <span class='ocrx_word' id='word_1_176' title='bbox 495 1349 627 1399; x_wconf 78' lang='lat' dir='ltr'><strong>spicae</strong></span> <span class='ocrx_word' id='word_1_177' title='bbox 645 1349 687 1385; x_wconf 87' lang='lat' dir='ltr'><strong>in</strong></span> <span class='ocrx_word' id='word_1_178' title='bbox 707 1360 795 1385; x_wconf 84' lang='lat' dir='ltr'><strong>area</strong></span> <span class='ocrx_word' id='word_1_179' title='bbox 815 1347 1053 1386; x_wconf 84' lang='lat' dir='ltr'><strong>terebantur.</strong></span> <span class='ocrx_word' id='word_1_180' title='bbox 1109 1345 1215 1382; x_wconf 90' lang='lat' dir='ltr'><strong>unde</strong></span> <span class='ocrx_word' id='word_1_181' title='bbox 1237 1351 1276 1382; x_wconf 86' lang='lat' dir='ltr'><strong>et</strong></span> <span class='ocrx_word' id='word_1_182' title='bbox 1298 1344 1341 1382; x_wconf 82' lang='lat' dir='ltr'><strong>hi</strong></span> <span class='ocrx_word' id='word_1_183' title='bbox 1360 1344 1547 1397; x_wconf 87' lang='lat' dir='ltr'><strong>Scythico</strong></span> 
     </span>
     <span class='ocr_line' id='line_1_25' title="bbox 96 1402 1549 1456; baseline -0.002 -14"><span class='ocrx_word' id='word_1_184' title='bbox 96 1402 203 1442; x_wconf 88' lang='lat' dir='ltr'><strong>bello</strong></span> <span class='ocrx_word' id='word_1_185' title='bbox 234 1403 440 1456; x_wconf 83' lang='lat' dir='ltr'><strong>desperato</strong></span> <span class='ocrx_word' id='word_1_186' title='bbox 468 1404 640 1456; x_wconf 88' lang='lat' dir='ltr'><strong>pellibus</strong></span> <span class='ocrx_word' id='word_1_187' title='bbox 668 1404 784 1455; x_wconf 88' lang='lat' dir='ltr'><strong>palea</strong></span> <span class='ocrx_word' id='word_1_188' title='bbox 805 1404 934 1454; x_wconf 88' lang='lat' dir='ltr'><strong>plenis</strong></span> <span class='ocrx_word' id='word_1_189' title='bbox 954 1415 1025 1453; x_wconf 89' lang='lat' dir='ltr'><strong>pro</strong></span> <span class='ocrx_word' id='word_1_190' title='bbox 1047 1402 1196 1439; x_wconf 86' lang='lat' dir='ltr'><strong>ratibus</strong></span> <span class='ocrx_word' id='word_1_191' title='bbox 1218 1403 1279 1438; x_wconf 90' lang='lat' dir='ltr'><strong>usi</strong></span> <span class='ocrx_word' id='word_1_192' title='bbox 1300 1415 1390 1439; x_wconf 87' lang='lat' dir='ltr'><strong>cum</strong></span> <span class='ocrx_word' id='word_1_193' title='bbox 1409 1403 1549 1439; x_wconf 82' lang='lat' dir='ltr'><strong>uxori·-</strong></span> 
     </span>
     <span class='ocr_line' id='line_1_26' title="bbox 95 1457 1548 1509; baseline -0.002 -11"><span class='ocrx_word' id='word_1_194' title='bbox 95 1460 171 1499; x_wconf 86' lang='lat' dir='ltr'><strong>bus</strong></span> <span class='ocrx_word' id='word_1_195' title='bbox 197 1467 236 1498; x_wconf 83' lang='lat' dir='ltr'><strong>et</strong></span> <span class='ocrx_word' id='word_1_196' title='bbox 257 1462 392 1499; x_wconf 84' lang='lat' dir='ltr'><strong>liberis</strong></span> <span class='ocrx_word' id='word_1_197' title='bbox 421 1463 567 1498; x_wconf 80' lang='lat' dir='ltr'><strong>Istrum</strong></span> <span class='ocrx_word' id='word_1_198' title='bbox 597 1461 860 1507; x_wconf 82' lang='lat' dir='ltr'><strong>transierunt,</strong></span> <span class='ocrx_word' id='word_1_199' title='bbox 891 1472 964 1496; x_wconf 90' lang='lat' dir='ltr'><strong>nec</strong></span> <span class='ocrx_word' id='word_1_200' title='bbox 985 1459 1096 1496; x_wconf 84' lang='lat' dir='ltr'><strong>brevi</strong></span> <span class='ocrx_word' id='word_1_201' title='bbox 1115 1465 1293 1509; x_wconf 87' lang='lat' dir='ltr'><strong>tempore</strong></span> <span class='ocrx_word' id='word_1_202' title='bbox 1311 1459 1354 1495; x_wconf 90' lang='lat' dir='ltr'><strong>in</strong></span> <span class='ocrx_word' id='word_1_203' title='bbox 1374 1457 1548 1495; x_wconf 85' lang='lat' dir='ltr'><strong>Thracia</strong></span> 
     </span>
     <span class='ocr_line' id='line_1_27' title="bbox 95 1513 1547 1568; baseline -0.002 -13"><span class='ocrx_word' id='word_1_204' title='bbox 95 1517 348 1566; x_wconf 85' lang='lat' dir='ltr'><strong>oberrarunt,</strong></span> <span class='ocrx_word' id='word_1_205' title='bbox 388 1516 574 1555; x_wconf 86' lang='lat' dir='ltr'><strong>idoneam</strong></span> <span class='ocrx_word' id='word_1_206' title='bbox 605 1517 679 1554; x_wconf 87' lang='lat' dir='ltr'><strong>sibi</strong></span> <span class='ocrx_word' id='word_1_207' title='bbox 710 1517 906 1554; x_wconf 88' lang='lat' dir='ltr'><strong>coloniam</strong></span> <span class='ocrx_word' id='word_1_208' title='bbox 933 1521 1189 1568; x_wconf 83' lang='lat' dir='ltr'><strong>quaerentes,</strong></span> <span class='ocrx_word' id='word_1_209' title='bbox 1219 1513 1358 1552; x_wconf 83' lang='lat' dir='ltr'><strong>decem</strong></span> <span class='ocrx_word' id='word_1_210' title='bbox 1383 1515 1547 1552; x_wconf 88' lang='lat' dir='ltr'><strong>milibus</strong></span> 
     </span>
     <span class='ocr_line' id='line_1_28' title="bbox 94 1571 888 1626; baseline 0 -16"><span class='ocrx_word' id='word_1_211' title='bbox 94 1571 203 1611; x_wconf 84' lang='lat' dir='ltr'><strong>haud</strong></span> <span class='ocrx_word' id='word_1_212' title='bbox 222 1575 442 1626; x_wconf 82' lang='lat' dir='ltr'><strong>pauciores.</strong></span> <span class='ocrx_word' id='word_1_213' title='bbox 472 1587 525 1610; x_wconf 83' lang='lat' dir='ltr'><strong>ex</strong></span> <span class='ocrx_word' id='word_1_214' title='bbox 541 1575 728 1624; x_wconf 81' lang='lat' dir='ltr'><strong>Gregora.</strong></span> <span class='ocrx_word' id='word_1_215' title='bbox 784 1574 888 1611; x_wconf 68' lang='lat' dir='ltr'><strong>Am..</strong></span> 
     </span>
    </p>

    <p class='ocr_par' dir='ltr' id='par_1_9' title="bbox 87 1626 1598 2413">
     <span class='ocr_line' id='line_1_29' title="bbox 206 1626 1549 1671; baseline -0.001 -4"><span class='ocrx_word' id='word_1_216' title='bbox 206 1629 262 1668; x_wconf 80' lang='lat' dir='ltr'><strong>ib.</strong></span> <span class='ocrx_word' id='word_1_217' title='bbox 289 1643 338 1668; x_wconf 67' lang='lat' dir='ltr'><strong>v.</strong></span> <span class='ocrx_word' id='word_1_218' title='bbox 365 1632 406 1671; x_wconf 87' lang='lat'><strong>9.</strong></span> <span class='ocrx_word' id='word_1_219' title='bbox 464 1629 514 1667; x_wconf 91' lang='lat' dir='ltr'><strong>de</strong></span> <span class='ocrx_word' id='word_1_220' title='bbox 545 1631 802 1667; x_wconf 78' lang='lat' dir='ltr'><strong>Tartaromm</strong></span> <span class='ocrx_word' id='word_1_221' title='bbox 835 1628 1004 1666; x_wconf 77' lang='lat' dir='ltr'><strong>colluvie</strong></span> <span class='ocrx_word' id='word_1_222' title='bbox 1031 1633 1072 1666; x_wconf 85' lang='lat' dir='ltr'><strong>et</strong></span> <span class='ocrx_word' id='word_1_223' title='bbox 1099 1626 1280 1665; x_wconf 88' lang='lat' dir='ltr'><strong>barbarie</strong></span> <span class='ocrx_word' id='word_1_224' title='bbox 1309 1627 1409 1664; x_wconf 83' lang='lat' dir='ltr'><strong>varii</strong></span> <span class='ocrx_word' id='word_1_225' title='bbox 1438 1627 1549 1665; x_wconf 78' lang='lat' dir='ltr'><strong>varia</strong></span> 
     </span>
     <span class='ocr_line' id='line_1_30' title="bbox 92 1682 1547 1738; baseline -0.003 -14"><span class='ocrx_word' id='word_1_226' title='bbox 92 1686 355 1738; x_wconf 75' lang='lat' dir='ltr'><strong>scripserunt,</strong></span> <span class='ocrx_word' id='word_1_227' title='bbox 393 1685 616 1724; x_wconf 89' lang='lat' dir='ltr'><strong>Haithonus</strong></span> <span class='ocrx_word' id='word_1_228' title='bbox 641 1688 851 1724; x_wconf 87' lang='lat' dir='ltr'><strong>Armenius</strong></span> <span class='ocrx_word' id='word_1_229' title='bbox 879 1687 923 1722; x_wconf 87' lang='lat' dir='ltr'><strong>in</strong></span> <span class='ocrx_word' id='word_1_230' title='bbox 948 1685 1138 1722; x_wconf 87' lang='lat' dir='ltr'><strong>Orientali</strong></span> <span class='ocrx_word' id='word_1_231' title='bbox 1165 1682 1351 1732; x_wconf 82' lang='lat' dir='ltr'><strong>historia,</strong></span> <span class='ocrx_word' id='word_1_232' title='bbox 1389 1685 1547 1721; x_wconf 88' lang='lat' dir='ltr'><strong>Marcus</strong></span> 
     </span>
     <span class='ocr_line' id='line_1_31' title="bbox 90 1740 1598 1791; baseline -0.003 -10"><span class='ocrx_word' id='word_1_233' title='bbox 90 1743 241 1781; x_wconf 77' lang='lat' dir='ltr'><strong>Paulus</strong></span> <span class='ocrx_word' id='word_1_234' title='bbox 266 1743 440 1781; x_wconf 88' lang='lat' dir='ltr'><strong>Venetus</strong></span> <span class='ocrx_word' id='word_1_235' title='bbox 466 1745 510 1780; x_wconf 87' lang='lat' dir='ltr'><strong>in</strong></span> <span class='ocrx_word' id='word_1_236' title='bbox 540 1744 764 1791; x_wconf 83' lang='lat' dir='ltr'><strong>itinerario,</strong></span> <span class='ocrx_word' id='word_1_237' title='bbox 793 1740 1024 1779; x_wconf 82' lang='lat' dir='ltr'><strong>Alexander</strong></span> <span class='ocrx_word' id='word_1_238' title='bbox 1050 1741 1253 1791; x_wconf 86' lang='lat' dir='ltr'><strong>Gagninus</strong></span> <span class='ocrx_word' id='word_1_239' title='bbox 1279 1741 1323 1777; x_wconf 90' lang='lat' dir='ltr'><strong>in</strong></span> <span class='ocrx_word' id='word_1_240' title='bbox 1349 1740 1547 1778; x_wconf 83' lang='lat' dir='ltr'><strong>Sarmatia</strong></span> <span class='ocrx_word' id='word_1_241' title='bbox 1596 1756 1598 1759; x_wconf 58' lang='grc'>’</span> 
     </span>
     <span class='ocr_line' id='line_1_32' title="bbox 91 1797 1547 1851; baseline -0.002 -15"><span class='ocrx_word' id='word_1_242' title='bbox 91 1800 313 1851; x_wconf 87' lang='lat' dir='ltr'><strong>Europaea,</strong></span> <span class='ocrx_word' id='word_1_243' title='bbox 344 1806 383 1837; x_wconf 88' lang='lat' dir='ltr'><strong>et</strong></span> <span class='ocrx_word' id='word_1_244' title='bbox 401 1799 623 1850; x_wconf 89' lang='lat' dir='ltr'><strong>complures</strong></span> <span class='ocrx_word' id='word_1_245' title='bbox 645 1800 726 1839; x_wconf 87' lang='lat' dir='ltr'><strong>alii.</strong></span> <span class='ocrx_word' id='word_1_246' title='bbox 785 1800 964 1836; x_wconf 88' lang='lat' dir='ltr'><strong>omnium</strong></span> <span class='ocrx_word' id='word_1_247' title='bbox 982 1797 1295 1835; x_wconf 85' lang='lat' dir='ltr'><strong>luculentissime</strong></span> <span class='ocrx_word' id='word_1_248' title='bbox 1316 1797 1547 1834; x_wconf 89' lang='lat' dir='ltr'><strong>Vincentius</strong></span> 
     </span>
     <span class='ocr_line' id='line_1_33' title="bbox 90 1851 1546 1907; baseline -0.003 -14"><span class='ocrx_word' id='word_1_249' title='bbox 90 1856 346 1894; x_wconf 86' lang='lat' dir='ltr'><strong>Beluacensis</strong></span> <span class='ocrx_word' id='word_1_250' title='bbox 375 1857 419 1893; x_wconf 85' lang='lat' dir='ltr'><strong>in</strong></span> <span class='ocrx_word' id='word_1_251' title='bbox 446 1856 562 1907; x_wconf 92' lang='lat' dir='ltr'><strong>Spec.</strong></span> <span class='ocrx_word' id='word_1_252' title='bbox 588 1856 734 1893; x_wconf 87' lang='lat' dir='ltr'><strong>Histor.</strong></span> <span class='ocrx_word' id='word_1_253' title='bbox 760 1855 831 1891; x_wconf 89' lang='lat' dir='ltr'><strong>lib.</strong></span> <span class='ocrx_word' id='word_1_254' title='bbox 852 1857 902 1895; x_wconf 86' lang='lat'><strong>31</strong></span> <span class='ocrx_word' id='word_1_255' title='bbox 929 1861 968 1891; x_wconf 90' lang='lat' dir='ltr'><strong>et</strong></span> <span class='ocrx_word' id='word_1_256' title='bbox 988 1856 1042 1895; x_wconf 83' lang='grc'><strong>32</strong></span> <span class='ocrx_word' id='word_1_257' title='bbox 1067 1867 1120 1890; x_wconf 85' lang='lat' dir='ltr'><strong>ex</strong></span> <span class='ocrx_word' id='word_1_258' title='bbox 1140 1854 1302 1892; x_wconf 87' lang='lat' dir='ltr'><strong>Simone</strong></span> <span class='ocrx_word' id='word_1_259' title='bbox 1328 1851 1376 1889; x_wconf 91' lang='lat' dir='ltr'><strong>de</strong></span> <span class='ocrx_word' id='word_1_260' title='bbox 1399 1853 1546 1890; x_wconf 88' lang='lat' dir='ltr'><strong>Sancto</strong></span> 
     </span>
     <span class='ocr_line' id='line_1_34' title="bbox 91 1907 1545 1962; baseline -0.001 -13"><span class='ocrx_word' id='word_1_261' title='bbox 91 1913 277 1958; x_wconf 83' lang='lat' dir='ltr'><strong>Quintino</strong></span> <span class='ocrx_word' id='word_1_262' title='bbox 311 1919 350 1949; x_wconf 90' lang='lat' dir='ltr'><strong>et</strong></span> <span class='ocrx_word' id='word_1_263' title='bbox 379 1910 555 1950; x_wconf 86' lang='lat' dir='ltr'><strong>Iohanne</strong></span> <span class='ocrx_word' id='word_1_264' title='bbox 585 1911 633 1948; x_wconf 90' lang='lat' dir='ltr'><strong>de</strong></span> <span class='ocrx_word' id='word_1_265' title='bbox 662 1912 919 1961; x_wconf 84' lang='lat' dir='ltr'><strong>Planocarpi3</strong></span> <span class='ocrx_word' id='word_1_266' title='bbox 950 1908 1147 1962; x_wconf 84' lang='lat' dir='ltr'><strong>quaedam</strong></span> <span class='ocrx_word' id='word_1_267' title='bbox 1169 1910 1289 1946; x_wconf 86' lang='lat' dir='ltr'><strong>etiam</strong></span> <span class='ocrx_word' id='word_1_268' title='bbox 1309 1921 1361 1945; x_wconf 86' lang='lat' dir='ltr'><strong>ex</strong></span> <span class='ocrx_word' id='word_1_269' title='bbox 1379 1907 1545 1947; x_wconf 82' lang='lat' dir='ltr'><strong>historia</strong></span> 
     </span>
     <span class='ocr_line' id='line_1_35' title="bbox 89 1964 1544 2006; baseline -0.004 0"><span class='ocrx_word' id='word_1_270' title='bbox 89 1969 362 2006; x_wconf 84' lang='lat' dir='ltr'><strong>Tartarorum.</strong></span> <span class='ocrx_word' id='word_1_271' title='bbox 419 1967 493 2006; x_wconf 86' lang='lat' dir='ltr'><strong>hos</strong></span> <span class='ocrx_word' id='word_1_272' title='bbox 521 1969 719 2006; x_wconf 67' lang='lat' dir='ltr'><strong>Vincenti}</strong></span> <span class='ocrx_word' id='word_1_273' title='bbox 747 1975 924 2004; x_wconf 84' lang='lat' dir='ltr'><strong>auctores</strong></span> <span class='ocrx_word' id='word_1_274' title='bbox 949 1973 1129 2004; x_wconf 85' lang='lat' dir='ltr'><strong>secutum</strong></span> <span class='ocrx_word' id='word_1_275' title='bbox 1151 1964 1267 2003; x_wconf 83' lang='lat' dir='ltr'><strong>video</strong></span> <span class='ocrx_word' id='word_1_276' title='bbox 1288 1966 1382 2004; x_wconf 84' lang='lat' dir='ltr'><strong>Ant,</strong></span> <span class='ocrx_word' id='word_1_277' title='bbox 1405 1965 1544 2002; x_wconf 89' lang='lat' dir='ltr'><strong>Bonfi-</strong></span> 
     </span>
     <span class='ocr_line' id='line_1_36' title="bbox 89 2020 1543 2075; baseline -0.003 -14"><span class='ocrx_word' id='word_1_278' title='bbox 89 2025 202 2062; x_wconf 90' lang='lat' dir='ltr'><strong>nium</strong></span> <span class='ocrx_word' id='word_1_279' title='bbox 221 2026 312 2065; x_wconf 86' lang='lat' dir='ltr'><strong>Rer.</strong></span> <span class='ocrx_word' id='word_1_280' title='bbox 332 2026 478 2075; x_wconf 88' lang='lat' dir='ltr'><strong>Ungar.</strong></span> <span class='ocrx_word' id='word_1_281' title='bbox 495 2023 639 2063; x_wconf 87' lang='lat' dir='ltr'><strong>Decad.</strong></span> <span class='ocrx_word' id='word_1_282' title='bbox 663 2027 689 2064; x_wconf 80' lang='lat'><strong>2</strong></span> <span class='ocrx_word' id='word_1_283' title='bbox 709 2024 780 2061; x_wconf 87' lang='lat' dir='ltr'><strong>lib.</strong></span> <span class='ocrx_word' id='word_1_284' title='bbox 803 2026 828 2064; x_wconf 88' lang='grc'><strong>8</strong></span> <span class='ocrx_word' id='word_1_285' title='bbox 841 2053 851 2070; x_wconf 88' lang='grc'>,</span> <span class='ocrx_word' id='word_1_286' title='bbox 881 2023 950 2059; x_wconf 90' lang='lat' dir='ltr'><strong>ubi</strong></span> <span class='ocrx_word' id='word_1_287' title='bbox 973 2024 1107 2060; x_wconf 86' lang='lat' dir='ltr'><strong>statim</strong></span> <span class='ocrx_word' id='word_1_288' title='bbox 1126 2023 1167 2059; x_wconf 88' lang='lat' dir='ltr'><strong>in</strong></span> <span class='ocrx_word' id='word_1_289' title='bbox 1188 2022 1300 2058; x_wconf 83' lang='lat' dir='ltr'><strong>initio</strong></span> <span class='ocrx_word' id='word_1_290' title='bbox 1321 2020 1370 2058; x_wconf 90' lang='lat' dir='ltr'><strong>de</strong></span> <span class='ocrx_word' id='word_1_291' title='bbox 1389 2022 1543 2058; x_wconf 83' lang='lat' dir='ltr'><strong>miran-</strong></span> 
     </span>
     <span class='ocr_line' id='line_1_37' title="bbox 90 2079 1544 2130; baseline -0.002 -13"><span class='ocrx_word' id='word_1_292' title='bbox 90 2079 152 2118; x_wconf 90' lang='lat' dir='ltr'><strong>dis</strong></span> <span class='ocrx_word' id='word_1_293' title='bbox 182 2082 442 2119; x_wconf 83' lang='lat' dir='ltr'><strong>Tartarorum</strong></span> <span class='ocrx_word' id='word_1_294' title='bbox 471 2081 647 2118; x_wconf 87' lang='lat' dir='ltr'><strong>moribus</strong></span> <span class='ocrx_word' id='word_1_295' title='bbox 670 2080 862 2118; x_wconf 89' lang='lat' dir='ltr'><strong>nonnulla</strong></span> <span class='ocrx_word' id='word_1_296' title='bbox 885 2079 1121 2130; x_wconf 86' lang='lat' dir='ltr'><strong>praemittit,</strong></span> <span class='ocrx_word' id='word_1_297' title='bbox 1160 2079 1406 2128; x_wconf 85' lang='lat' dir='ltr'><strong>Ungarorum</strong></span> <span class='ocrx_word' id='word_1_298' title='bbox 1430 2083 1544 2128; x_wconf 86' lang='lat' dir='ltr'><strong>gesta</strong></span> 
     </span>
     <span class='ocr_line' id='line_1_38' title="bbox 89 2133 1543 2188; baseline -0.003 -14"><span class='ocrx_word' id='word_1_299' title='bbox 89 2149 181 2174; x_wconf 90' lang='lat' dir='ltr'><strong>cum</strong></span> <span class='ocrx_word' id='word_1_300' title='bbox 199 2138 296 2188; x_wconf 87' lang='lat' dir='ltr'><strong>ipsis</strong></span> <span class='ocrx_word' id='word_1_301' title='bbox 311 2137 418 2174; x_wconf 88' lang='lat' dir='ltr'><strong>bella</strong></span> <span class='ocrx_word' id='word_1_302' title='bbox 435 2143 525 2188; x_wconf 86' lang='lat' dir='ltr'><strong>post</strong></span> <span class='ocrx_word' id='word_1_303' title='bbox 547 2143 935 2175; x_wconf 70' lang='lat' dir='ltr'><strong>commemoraturus».</strong></span> <span class='ocrx_word' id='word_1_304' title='bbox 979 2136 1063 2172; x_wconf 87' lang='lat' dir='ltr'><strong>illic</strong></span> <span class='ocrx_word' id='word_1_305' title='bbox 1079 2133 1190 2182; x_wconf 86' lang='lat' dir='ltr'><strong>vide,</strong></span> <span class='ocrx_word' id='word_1_306' title='bbox 1221 2136 1254 2170; x_wconf 88' lang='lat' dir='ltr'><strong>si</strong></span> <span class='ocrx_word' id='word_1_307' title='bbox 1275 2134 1440 2171; x_wconf 83' lang='lat' dir='ltr'><strong>fortasse</strong></span> <span class='ocrx_word' id='word_1_308' title='bbox 1458 2134 1543 2171; x_wconf 82' lang='lat' dir='ltr'><strong>ulla.</strong></span> 
     </span>
     <span class='ocr_line' id='line_1_39' title="bbox 87 2189 1542 2244; baseline -0.003 -14"><span class='ocrx_word' id='word_1_309' title='bbox 87 2193 162 2230; x_wconf 89' lang='lat' dir='ltr'><strong>tibi</strong></span> <span class='ocrx_word' id='word_1_310' title='bbox 179 2192 317 2231; x_wconf 88' lang='lat' dir='ltr'><strong>lubido</strong></span> <span class='ocrx_word' id='word_1_311' title='bbox 336 2201 394 2232; x_wconf 90' lang='lat' dir='ltr'><strong>est</strong></span> <span class='ocrx_word' id='word_1_312' title='bbox 413 2193 674 2244; x_wconf 87' lang='lat' dir='ltr'><strong>cognoscendi</strong></span> <span class='ocrx_word' id='word_1_313' title='bbox 694 2191 858 2243; x_wconf 87' lang='lat' dir='ltr'><strong>bipedes</strong></span> <span class='ocrx_word' id='word_1_314' title='bbox 877 2193 1141 2243; x_wconf 88' lang='lat' dir='ltr'><strong>nequissimos</strong></span> <span class='ocrx_word' id='word_1_315' title='bbox 1154 2220 1164 2239; x_wconf 90' lang='lat'>‚</span> <span class='ocrx_word' id='word_1_316' title='bbox 1192 2189 1375 2227; x_wconf 87' lang='lat' dir='ltr'><strong>homines</strong></span> <span class='ocrx_word' id='word_1_317' title='bbox 1387 2219 1397 2238; x_wconf 93' lang='lat'>,</span> <span class='ocrx_word' id='word_1_318' title='bbox 1427 2196 1471 2226; x_wconf 91' lang='lat' dir='ltr'><strong>ut</strong></span> <span class='ocrx_word' id='word_1_319' title='bbox 1486 2191 1542 2226; x_wconf 87' lang='lat' dir='ltr'><strong>ita</strong></span> 
     </span>
     <span class='ocr_line' id='line_1_40' title="bbox 89 2247 1543 2300; baseline -0.003 -14"><span class='ocrx_word' id='word_1_320' title='bbox 89 2248 243 2298; x_wconf 87' lang='lat' dir='ltr'><strong>dicam,</strong></span> <span class='ocrx_word' id='word_1_321' title='bbox 269 2263 350 2288; x_wconf 90' lang='lat' dir='ltr'><strong>non</strong></span> <span class='ocrx_word' id='word_1_322' title='bbox 376 2248 579 2298; x_wconf 81' lang='lat' dir='ltr'><strong>homines,</strong></span> <span class='ocrx_word' id='word_1_323' title='bbox 610 2257 677 2287; x_wconf 84' lang='lat' dir='ltr'><strong>aut</strong></span> <span class='ocrx_word' id='word_1_324' title='bbox 706 2251 837 2300; x_wconf 90' lang='lat' dir='ltr'><strong>potius</strong></span> <span class='ocrx_word' id='word_1_325' title='bbox 867 2260 1014 2298; x_wconf 81' lang='lat' dir='ltr'><strong>mag-na</strong></span> <span class='ocrx_word' id='word_1_326' title='bbox 1045 2254 1157 2299; x_wconf 85' lang='lat' dir='ltr'><strong>parte</strong></span> <span class='ocrx_word' id='word_1_327' title='bbox 1185 2247 1360 2294; x_wconf 85' lang='lat' dir='ltr'><strong>belluas,</strong></span> <span class='ocrx_word' id='word_1_328' title='bbox 1391 2247 1425 2284; x_wconf 89' lang='lat' dir='ltr'><strong>si</strong></span> <span class='ocrx_word' id='word_1_329' title='bbox 1447 2258 1543 2283; x_wconf 84' lang='lat' dir='ltr'><strong>vera</strong></span> 
     </span>
     <span class='ocr_line' id='line_1_41' title="bbox 88 2301 1542 2358; baseline -0.003 -16"><span class='ocrx_word' id='word_1_330' title='bbox 88 2312 180 2343; x_wconf 86' lang='lat' dir='ltr'><strong>sunt</strong></span> <span class='ocrx_word' id='word_1_331' title='bbox 198 2318 300 2358; x_wconf 87' lang='lat' dir='ltr'><strong>quae</strong></span> <span class='ocrx_word' id='word_1_332' title='bbox 317 2305 366 2344; x_wconf 90' lang='lat' dir='ltr'><strong>de</strong></span> <span class='ocrx_word' id='word_1_333' title='bbox 385 2307 434 2344; x_wconf 90' lang='lat' dir='ltr'><strong>iis</strong></span> <span class='ocrx_word' id='word_1_334' title='bbox 449 2307 569 2356; x_wconf 80' lang='lat' dir='ltr'><strong>vulgo</strong></span> <span class='ocrx_word' id='word_1_335' title='bbox 588 2305 796 2343; x_wconf 85' lang='lat' dir='ltr'><strong>traduntur</strong></span> <span class='ocrx_word' id='word_1_336' title='bbox 814 2305 862 2341; x_wconf 87' lang='lat' dir='ltr'><strong>ab</strong></span> <span class='ocrx_word' id='word_1_337' title='bbox 882 2305 962 2342; x_wconf 86' lang='lat' dir='ltr'><strong>illis</strong></span> <span class='ocrx_word' id='word_1_338' title='bbox 982 2305 1051 2356; x_wconf 90' lang='lat' dir='ltr'><strong>qui</strong></span> <span class='ocrx_word' id='word_1_339' title='bbox 1067 2310 1135 2341; x_wconf 89' lang='lat' dir='ltr'><strong>aut</strong></span> <span class='ocrx_word' id='word_1_340' title='bbox 1153 2304 1231 2354; x_wconf 87' lang='lat' dir='ltr'><strong>ipsi</strong></span> <span class='ocrx_word' id='word_1_341' title='bbox 1249 2309 1410 2353; x_wconf 84' lang='lat' dir='ltr'><strong>gentem</strong></span> <span class='ocrx_word' id='word_1_342' title='bbox 1426 2301 1542 2339; x_wconf 85' lang='lat' dir='ltr'><strong>vide-</strong></span> 
     </span>
     <span class='ocr_line' id='line_1_42' title="bbox 88 2360 1414 2413; baseline -0.003 -14"><span class='ocrx_word' id='word_1_343' title='bbox 88 2368 200 2410; x_wconf 83' lang='lat' dir='ltr'><strong>runt,</strong></span> <span class='ocrx_word' id='word_1_344' title='bbox 231 2369 299 2399; x_wconf 89' lang='lat' dir='ltr'><strong>aut</strong></span> <span class='ocrx_word' id='word_1_345' title='bbox 317 2375 341 2400; x_wconf 87' lang='lat' dir='ltr'><strong>a</strong></span> <span class='ocrx_word' id='word_1_346' title='bbox 356 2362 434 2400; x_wconf 87' lang='lat' dir='ltr'><strong>fide</strong></span> <span class='ocrx_word' id='word_1_347' title='bbox 455 2361 587 2413; x_wconf 78' lang='lat' dir='ltr'><strong>dignis</strong></span> <span class='ocrx_word' id='word_1_348' title='bbox 609 2376 653 2399; x_wconf 88' lang='lat' dir='ltr'><strong>ea</strong></span> <span class='ocrx_word' id='word_1_349' title='bbox 676 2375 778 2413; x_wconf 86' lang='lat' dir='ltr'><strong>quae</strong></span> <span class='ocrx_word' id='word_1_350' title='bbox 799 2362 974 2398; x_wconf 83' lang='lat' dir='ltr'><strong>referunt</strong></span> <span class='ocrx_word' id='word_1_351' title='bbox 995 2373 1194 2411; x_wconf 85' lang='lat' dir='ltr'><strong>accepere.</strong></span> <span class='ocrx_word' id='word_1_352' title='bbox 1251 2360 1414 2396; x_wconf 54' lang='lat' dir='ltr'><strong>Dousl.</strong></span> 
     </span>
    </p>

    <p class='ocr_par' dir='ltr' id='par_1_10' title="bbox 82 2414 1541 2681">
     <span class='ocr_line' id='line_1_43' title="bbox 200 2414 1541 2470; baseline -0.004 -16"><span class='ocrx_word' id='word_1_353' title='bbox 200 2417 256 2456; x_wconf 79' lang='lat' dir='ltr'><strong>ib.</strong></span> <span class='ocrx_word' id='word_1_354' title='bbox 278 2431 317 2455; x_wconf 83' lang='lat' dir='ltr'><strong>v.</strong></span> <span class='ocrx_word' id='word_1_355' title='bbox 340 2422 406 2459; x_wconf 81' lang='lat'><strong>12.</strong></span> <span class='ocrx_word' id='word_1_356' title='bbox 464 2414 626 2470; x_wconf 76' lang='grc' dir='ltr'>Εὗρον]</span> <span class='ocrx_word' id='word_1_357' title='bbox 644 2415 796 2470; x_wconf 64' lang='grc' dir='ltr'><strong><em>’Έβρον</em></strong></span> <span class='ocrx_word' id='word_1_358' title='bbox 820 2415 1037 2467; x_wconf 89' lang='lat' dir='ltr'><strong>legendum</strong></span> <span class='ocrx_word' id='word_1_359' title='bbox 1062 2424 1130 2454; x_wconf 89' lang='lat' dir='ltr'><strong>aut</strong></span> <span class='ocrx_word' id='word_1_360' title='bbox 1154 2416 1286 2454; x_wconf 88' lang='lat' dir='ltr'><strong>saltim</strong></span> <span class='ocrx_word' id='word_1_361' title='bbox 1311 2415 1541 2464; x_wconf 89' lang='lat' dir='ltr'><strong>intelligen-</strong></span> 
     </span>
     <span class='ocr_line' id='line_1_44' title="bbox 87 2470 1540 2522; baseline -0.004 -10"><span class='ocrx_word' id='word_1_362' title='bbox 87 2472 183 2512; x_wconf 87' lang='lat' dir='ltr'><strong>dmn</strong></span> <span class='ocrx_word' id='word_1_363' title='bbox 203 2472 361 2511; x_wconf 85' lang='lat' dir='ltr'><strong>videtur</strong></span> <span class='ocrx_word' id='word_1_364' title='bbox 380 2476 618 2513; x_wconf 87' lang='lat' dir='ltr'><strong>amicissimo</strong></span> <span class='ocrx_word' id='word_1_365' title='bbox 640 2482 774 2512; x_wconf 85' lang='lat' dir='ltr'><strong>nostro</strong></span> <span class='ocrx_word' id='word_1_366' title='bbox 793 2474 1000 2513; x_wconf 87' lang='lat' dir='ltr'><strong>Scriverio.</strong></span> <span class='ocrx_word' id='word_1_367' title='bbox 1060 2479 1098 2510; x_wconf 87' lang='lat' dir='ltr'><strong>et</strong></span> <span class='ocrx_word' id='word_1_368' title='bbox 1119 2473 1174 2509; x_wconf 91' lang='lat' dir='ltr'><strong>sic</strong></span> <span class='ocrx_word' id='word_1_369' title='bbox 1195 2472 1404 2522; x_wconf 84' lang='lat' dir='ltr'><strong>aliquoties</strong></span> <span class='ocrx_word' id='word_1_370' title='bbox 1422 2470 1540 2518; x_wconf 83' lang='lat' dir='ltr'><strong>infra,</strong></span> 
     </span>
     <span class='ocr_line' id='line_1_45' title="bbox 86 2524 1540 2582; baseline -0.003 -15"><span class='ocrx_word' id='word_1_371' title='bbox 86 2537 126 2568; x_wconf 90' lang='lat' dir='ltr'><strong>et</strong></span> <span class='ocrx_word' id='word_1_372' title='bbox 153 2529 259 2582; x_wconf 91' lang='lat' dir='ltr'><strong>apud</strong></span> <span class='ocrx_word' id='word_1_373' title='bbox 284 2532 474 2569; x_wconf 88' lang='lat' dir='ltr'><strong>Nicetam.</strong></span> <span class='ocrx_word' id='word_1_374' title='bbox 533 2524 678 2569; x_wconf 71' lang='lat' dir='ltr'><strong>adhibe</strong></span> <span class='ocrx_word' id='word_1_375' title='bbox 701 2531 855 2568; x_wconf 88' lang='lat' dir='ltr'><strong>tabulas</strong></span> <span class='ocrx_word' id='word_1_376' title='bbox 880 2531 1164 2576; x_wconf 86' lang='lat' dir='ltr'><strong>Ptolemaicas,</strong></span> <span class='ocrx_word' id='word_1_377' title='bbox 1195 2528 1422 2564; x_wconf 86' lang='lat' dir='ltr'><strong>Mercatoris</strong></span> <span class='ocrx_word' id='word_1_378' title='bbox 1443 2527 1540 2564; x_wconf 87' lang='lat' dir='ltr'><strong>item</strong></span> 
     </span>
     <span class='ocr_line' id='line_1_46' title="bbox 84 2582 1538 2639; baseline -0.003 -15"><span class='ocrx_word' id='word_1_379' title='bbox 84 2593 204 2638; x_wconf 85' lang='lat' dir='ltr'><strong>atque</strong></span> <span class='ocrx_word' id='word_1_380' title='bbox 238 2587 376 2624; x_wconf 85' lang='lat' dir='ltr'><strong>Ortelii</strong></span> <span class='ocrx_word' id='word_1_381' title='bbox 414 2590 839 2639; x_wconf 85' lang='lat' dir='ltr'><strong>praestantissimorum</strong></span> <span class='ocrx_word' id='word_1_382' title='bbox 878 2584 1197 2637; x_wconf 85' lang='lat' dir='ltr'><strong>geographorum</strong></span> <span class='ocrx_word' id='word_1_383' title='bbox 1230 2582 1538 2620; x_wconf 88' lang='lat' dir='ltr'><strong>lucubrationes.</strong></span> 
     </span>
     <span class='ocr_line' id='line_1_47' title="bbox 82 2644 246 2681; baseline 0 -1"><span class='ocrx_word' id='word_1_384' title='bbox 82 2644 246 2681; x_wconf 72' lang='lat' dir='ltr'><strong>DousA.</strong></span> 
     </span>
    </p>

    <p class='ocr_par' dir='ltr' id='par_1_11' title="bbox 81 2695 1535 2862">
     <span class='ocr_line' id='line_1_48' title="bbox 194 2695 1535 2751; baseline -0.004 -15"><span class='ocrx_word' id='word_1_385' title='bbox 194 2713 235 2750; x_wconf 92' lang='lat' dir='ltr'><strong>p.</strong></span> <span class='ocrx_word' id='word_1_386' title='bbox 256 2700 310 2739; x_wconf 91' lang='grc'><strong>60</strong></span> <span class='ocrx_word' id='word_1_387' title='bbox 328 2711 366 2736; x_wconf 84' lang='lat' dir='ltr'><strong>v.</strong></span> <span class='ocrx_word' id='word_1_388' title='bbox 388 2702 429 2740; x_wconf 82' lang='lat'><strong>2.</strong></span> <span class='ocrx_word' id='word_1_389' title='bbox 488 2696 511 2740; x_wconf 73' lang='grc' dir='ltr'><em>ὅ</em></span> <span class='ocrx_word' id='word_1_390' title='bbox 537 2698 602 2740; x_wconf 73' lang='grc' dir='ltr'><strong>ἐπὶ</strong></span> <span class='ocrx_word' id='word_1_391' title='bbox 630 2702 703 2750; x_wconf 80' lang='grc' dir='ltr'><strong>τῆς</strong></span> <span class='ocrx_word' id='word_1_392' title='bbox 733 2697 924 2751; x_wconf 76' lang='grc' dir='ltr'><strong><em>τραπέζης</em></strong></span> <span class='ocrx_word' id='word_1_393' title='bbox 957 2695 1127 2747; x_wconf 88' lang='lat' dir='ltr'><strong>dignitas</strong></span> <span class='ocrx_word' id='word_1_394' title='bbox 1157 2696 1199 2732; x_wconf 89' lang='lat' dir='ltr'><strong>iu</strong></span> <span class='ocrx_word' id='word_1_395' title='bbox 1224 2695 1535 2746; x_wconf 85' lang='lat' dir='ltr'><strong>Byzantinorum</strong></span> 
     </span>
     <span class='ocr_line' id='line_1_49' title="bbox 81 2750 1535 2806; baseline -0.004 -14"><span class='ocrx_word' id='word_1_396' title='bbox 81 2755 364 2806; x_wconf 84' lang='lat' dir='ltr'><strong>imperatorum</strong></span> <span class='ocrx_word' id='word_1_397' title='bbox 385 2755 475 2792; x_wconf 88' lang='lat' dir='ltr'><strong>aula</strong></span> <span class='ocrx_word' id='word_1_398' title='bbox 493 2768 572 2792; x_wconf 89' lang='lat' dir='ltr'><strong>nou</strong></span> <span class='ocrx_word' id='word_1_399' title='bbox 591 2762 789 2806; x_wconf 89' lang='lat' dir='ltr'><strong>postremo</strong></span> <span class='ocrx_word' id='word_1_400' title='bbox 806 2757 891 2792; x_wconf 92' lang='lat' dir='ltr'><strong>loco</strong></span> <span class='ocrx_word' id='word_1_401' title='bbox 909 2753 1042 2790; x_wconf 86' lang='lat' dir='ltr'><strong>habita</strong></span> <span class='ocrx_word' id='word_1_402' title='bbox 1060 2758 1141 2800; x_wconf 86' lang='lat' dir='ltr'><strong>est,</strong></span> <span class='ocrx_word' id='word_1_403' title='bbox 1171 2757 1215 2789; x_wconf 88' lang='lat' dir='ltr'><strong>ut</strong></span> <span class='ocrx_word' id='word_1_404' title='bbox 1233 2750 1340 2802; x_wconf 88' lang='lat' dir='ltr'><strong>apud</strong></span> <span class='ocrx_word' id='word_1_405' title='bbox 1358 2752 1535 2800; x_wconf 83' lang='lat' dir='ltr'><strong>Curopa-</strong></span> 
     </span>
     <span class='ocr_line' id='line_1_50' title="bbox 81 2806 1529 2862; baseline -0.004 -14"><span class='ocrx_word' id='word_1_406' title='bbox 81 2812 203 2848; x_wconf 83' lang='lat' dir='ltr'><strong>latem</strong></span> <span class='ocrx_word' id='word_1_407' title='bbox 221 2813 402 2862; x_wconf 83' lang='lat' dir='ltr'><strong>legimus.</strong></span> <span class='ocrx_word' id='word_1_408' title='bbox 444 2810 692 2850; x_wconf 78' lang='lat' dir='ltr'><strong>Witichindo</strong></span> <span class='ocrx_word' id='word_1_409' title='bbox 714 2819 772 2849; x_wconf 87' lang='lat' dir='ltr'><strong>est</strong></span> <span class='ocrx_word' id='word_1_410' title='bbox 793 2824 950 2848; x_wconf 75' lang='lat' dir='ltr'><strong>mensae</strong></span> <span class='ocrx_word' id='word_1_411' title='bbox 966 2810 1227 2852; x_wconf 75' lang='lat' dir='ltr'><strong>ministrator,</strong></span> <span class='ocrx_word' id='word_1_412' title='bbox 1255 2809 1343 2845; x_wconf 88' lang='lat' dir='ltr'><strong>aliis</strong></span> <span class='ocrx_word' id='word_1_413' title='bbox 1359 2806 1529 2857; x_wconf 58' lang='lat' dir='ltr'><strong>dapy&#39;er.</strong></span> 
     </span>
    </p>
   </div>
  </div>
 </body>
</html>
