1872 3236
463 196 840 243 GOMPENDIUM
873 197 1223 244 CI-IRONICUM.
1481 196 1578 245 123

245 310 294 357 οὔ
314 307 519 371 dealdune
539 313 728 371 σίδηρον,
763 310 812 354 οὗ
831 312 948 371 ξίφος
968 307 1207 372 ὓποτρέσῄς,

248 381 298 426 οὗ
318 385 424 440 πῦρ,
459 381 508 424 οὗ
529 379 873 439 θυμοβᾶρβαρον,
909 381 956 423 οὗ
977 381 1196 440 μιαιφόνον
1219 375 1373 438 ἦθος)·

244 448 606 506 μεταστειλάμενος
626 450 669 493 δ’
695 450 818 493 αὐτὸν
841 449 977 507 ὅρκοις
999 449 1324 505 καταλαμβάνει,

246 517 298 562 ἃν
318 523 400 563 τῶν
415 517 634 574 “Ρωμαίων
656 518 832 577 ἄρξειεν,
867 517 918 561 ἂν
939 516 1117 569 τεύξοιτο
1139 524 1211 561 τοῦ
1231 517 1406 577 κράτους
1414 525 1432 573 ,’

27 574 42 618 ¹⁷
109 586 223 633 2840
243 587 303 644 μὴ
323 592 551 644 πολεμῆσαι
570 589 755 643 Λίβυσι,
788 587 847 643 μὴ
868 585 1005 642 μάχην
1028 592 1315 644 συγκροτῆσαι.

0 917 24 1081 »

247 657 354 700 οὕτω
373 659 440 700 καὶ
456 656 670 715 βάρβαρος
688 657 790 715 ἀνὴρ
809 658 978 700 αἰδεῖται
995 658 1221 711 βασιλείαν,

249 727 317 769 καὶ
336 725 434 777 τοὺς
449 725 603 770 θεόθεν
623 726 817 782 τιμητοὺς
837 727 905 768 καὶ
927 727 1133 782 θηριῶδες
1153 719 1261 780 ἦθος

248 793 480 850 σεβάζεται,
517 793 812 853 φιλάνθρωπον
831 795 969 845 αὐτοῖς
991 795 1292 851 ἕπεντρανίζων.

247 863 401 907 ἐκεῖθεν
421 857 493 907 οὖν
514 864 736 915 ἀπολυθεὶς
754 863 833 906 ἀπὸ
856 868 930 907 τοῦ
945 865 986 905 Γ
983 864 1162 921 ιζερίχου.

112 930 223 976 2845
246 932 349 990 πρὸς
369 932 445 989 τὴν
461 931 890 976 Κωνσταντινούπολιν
911 927 1036 983 αὖθις
1057 929 1329 990 ἕπανατρὲχει,

248 1002 317 1044 καὶ
334 1005 463 1058 γῆθεν
480 1001 806 1057 μεταλλάξαντος
826 1001 904 1057 ἤδη
933 1002 1155 1044 Θεοδοσίου

248 1069 352 1122 ἅναξ
371 1067 655 1129 ἀναγορεύεται
676 1072 802 1128 κρίσει
824 1075 897 1126 τῆς
916 1071 1177 1127 Πουλχεριάς

249 1141 317 1182 καὶ
337 1143 418 1183 τῶν
429 1138 648 1195 ζΡωμαίων
669 1139 846 1198 ἀρχηγὸς
866 1141 934 1182 καὶ
956 1138 1119 1197 κράτωρ
1142 1133 1420 1195 αὐτοκράτωρ.

248 1201 300 1264 ἦν
322 1209 363 1251 δ’
385 1208 546 1265 ἀγαθὸς
567 1211 636 1251 καὶ
657 1207 841 1261 συνετός,
877 1209 1056 1260 ἀστεῖος,
1093 1205 1384 1265 φιλοσώφρων,

114 1274 228 1319 2850
253 1277 418 1335 δένδρον
431 1276 791 1335 χαριτοφύτευτον,
828 1276 953 1328 ἄλσος
967 1278 1309 1335 χρηστοτροπιάς.

249 1343 297 1398 ἓξ
317 1346 361 1388 δὲ
380 1349 515 1397 καλῶς
536 1348 578 1389 ἓν
597 1346 701 1390 ἔτεσι
723 1346 775 1389 τὰ
798 1351 986 1403 σκῆπτρα
1005 1343 1208 1396 ὁιιθύνας,

249 1417 326 1470 χοῖ·
341 1414 412 1457 τὸν
427 1420 531 1470 χοῦν
550 1416 781 1472 παρέδωκε,
816 1415 862 1457 τὸ
883 1419 1050 1469 πνεῦμα·
1062 1418 1121 1472 τῷ
1138 1414 1279 1471 κυρίῳ.

314 1481 389 1535 εΩς
409 1483 460 1539 δὴ
478 1483 548 1527 τὸν
560 1489 663 1538 χοῦν
685 1482 887 1541 ἀπῄτησεν
910 1481 936 1539 ἡ
963 1481 1086 1541 φύσις
1107 1482 1186 1525 ἀπὸ
1206 1479 1352 1525 τούτου

253 1553 321 1595 καὶ
343 1550 524 1607 μνήματι
544 1553 772 1596 κατέκλεισε
792 1552 837 1595 τὸ
857 1552 1016 1609 γηγενὲς
1039 1553 1221 1609 σαρκίον,

114 1621 226 1665 2855
252 1619 279 1676 ἡ
296 1619 519 1677 σύγκλητος
537 1622 612 1664 σὺν
624 1621 796 1678 Ἄσπαρι
814 1626 873 1679 τῷ
890 1620 980 1664 τότε
1001 1621 1199 1678 πατρικίῳ

252 1691 310 1740 εἷς
325 1690 491 1733 Λέοντα
509 1688 727 1746 μετάγουσι
747 1690 821 1745 τὴν
842 1690 1266 1747 σκηπτροκρατοριάν,

251 1758 322 1802 τὸν
339 1759 583 1817 φροντιστὴν
602 1761 669 1802 καὶ
687 1758 875 1815 λογιστὴν
896 1764 978 1801 τῶν
990 1758 1194 1814 Ἆσπαρος
1212 1752 1476 1815 πραγμάτοιν,

253 1826 615 1883 καθ-υποσχόμενον
635 1827 746 1886 αὐτῷ
766 1828 946 1886 θατέρου
968 1832 1050 1871 τῶν
1066 1827 1186 1869 υἱέων

255 1902 314 1957 τῷ
333 1897 470 1955 στέφει
487 1902 544 1957 τῷ
562 1902 634 1940 τοῦ
656 1899 869 1955 Καίσαρος
887 1897 962 1952 τὴν
981 1895 1164 1954 κεφαλὴν
1185 1899 1412 1950 κοσμῆσαι·

159 2060 162 2063 ,
208 2029 302 2064 2836
321 2026 535 2075 περιτρέσῃς
555 2029 590 2063 R
696 2029 789 2065 2839
810 2027 983 2074 τεύξηται
1004 2029 1050 2073 R,
1068 2025 1236 2071 τεύξεται
1253 2026 1325 2062 ΑΜ
1435 2036 1472 2060 v.
1496 2022 1589 2059 2840

209 2087 267 2110 om
282 2074 323 2109 M
411 2075 503 2110 2841
526 2072 680 2122 βασιλέα
700 2076 734 2110 R
799 2076 892 2110 2846
914 2074 1213 2119 καταλλάξαντος
1236 2075 1270 2108 R
1338 2072 1430 2108 2848
1457 2071 1526 2115 τῆς
1544 2071 1588 2113 Α,

207 2122 276 2166 ’γῆς
293 2122 362 2156 RR
571 2122 664 2157 2852
686 2120 875 2167 παρέθετο
893 2123 962 2157 RR
1165 2119 1259 2156 2853
1280 2117 1320 2155 δὲ
1345 2120 1425 2164 RR,
1447 2117 1540 2164 γοῦν
1557 2115 1589 2151 Α

207 2167 301 2204 2858
321 2165 489 2213 θάτερον
505 2167 613 2203 MRR
1545 2195 1550 2198 .

118 2285 266 2327 metues,
289 2282 442 2328 gladium
466 2295 536 2318 non
558 2283 778 2329 formidabis,
803 2295 872 2318 non
893 2282 1030 2327 ignem,
1054 2295 1125 2317 non
1145 2283 1316 2318 barbaros
1341 2284 1378 2316 et
1400 2277 1591 2324 sanguina-

119 2328 192 2364 rios
209 2329 356 2364 animos.
404 2330 525 2376 itaque
545 2330 754 2365 Gizerichus
776 2329 980 2365 arcessitum
1002 2330 1047 2364 ad
1066 2342 1106 2364 se
1125 2329 1343 2364 Marcianum
1364 2324 1593 2362 sacramentis

120 2375 321 2421 obstringit,
344 2376 470 2422 quibus
491 2388 531 2411 se
552 2376 800 2422 polliceretur,
825 2377 856 2411 si
880 2376 1019 2422 quidem
1042 2376 1228 2422 aliquando
1250 2375 1444 2410 Romanum
1463 2373 1508 2406 ad
1526 2371 1594 2404 im-

121 2421 255 2475 perium
274 2422 498 2468 perveniret,
530 2422 637 2457 Afros
659 2423 750 2458 bello
773 2434 991 2469 nequaquam
1018 2428 1238 2457 vexaturum.
1286 2421 1339 2455 sic
1363 2426 1400 2455 et
1422 2420 1597 2453 barbarus

121 2467 303 2514 Imperium
319 2474 525 2513 reveretur,
558 2468 764 2515 indolesque
797 2469 912 2504 ferina
940 2469 1025 2503 colit
1050 2468 1208 2503 homines
1238 2467 1409 2502 divinitus
1438 2470 1595 2506 ornatos,

123 2524 255 2560 eosque
280 2515 542 2560 perhumaniter
569 2515 740 2551 intuetur.
797 2516 865 2550 hoc
891 2516 992 2549 modo
1018 2515 1181 2549 dimissus
1207 2526 1228 2548 a
1250 2513 1439 2548 Gizericho
1469 2509 1598 2556 Cpolin

122 2560 331 2604 revertitur;
355 2573 501 2606 cumque
523 2567 638 2596 terras
660 2562 885 2597 Theodosius
906 2561 1120 2607 reliquisset,
1143 2563 1187 2596 de
1206 2560 1336 2594 iudicio
1362 2565 1398 2593 et
1420 2556 1599 2593 sententia.

122 2605 329 2642 Pulcherine
349 2607 542 2654 imperator
565 2609 801 2643 renuntiatur.
850 2614 928 2643 erat
951 2614 1066 2642 autem
1088 2608 1144 2642 vir
1174 2609 1286 2642 bonus
1318 2606 1473 2652 prudens
1507 2602 1597 2638 civi-

124 2651 168 2686 lis
189 2653 387 2695 modestus;
424 2655 584 2699 adeoque
604 2655 705 2689 velut
726 2657 832 2690 arbor
853 2656 898 2690 ab
921 2653 1010 2700 ipsis
1033 2654 1170 2688 Gratiis
1193 2653 1341 2697 consita,
1367 2658 1404 2686 et
1427 2651 1597 2686 virtutum

122 2698 383 2744 probitatisque
409 2701 582 2745 quoddam
610 2701 710 2746 quasi
738 2714 872 2736 nemus.
921 2700 983 2735 ubi
1010 2700 1190 2747 praeclare
1221 2711 1285 2734 sex
1316 2710 1426 2734 annos
1458 2696 1593 2744 potitus

106 2744 274 2790 »sceptris
292 2745 432 2789 fuisset,
449 2751 579 2781 verram
595 2752 726 2792 terrae,
750 2749 899 2783 animam
920 2748 1059 2782 domino
1077 2746 1246 2781 reddidit.

214 2790 448 2835 Posteaquam
465 2792 610 2828 vivendi
627 2794 732 2829 finem
753 2794 911 2839 fecisset,
934 2799 1078 2828 senatus
1099 2804 1169 2827 una
1189 2804 1265 2827 cum
1282 2793 1419 2837 Aspare
1442 2787 1594 2834 patricio

123 2836 237 2871 Leoni
258 2837 367 2871 tradit
392 2837 591 2883 imperium,
627 2841 688 2885 qui
709 2841 855 2886 Asparis
878 2840 1034 2874 rationes
1063 2844 1168 2884 atque
1194 2839 1338 2883 negotia
1368 2835 1594 2881 procurabat,

123 2893 200 2918 cum
222 2883 363 2930 quidem
386 2883 606 2930 promisisset
624 2887 753 2933 Aspari
770 2899 810 2922 se
836 2893 1020 2932 utriunque
1049 2885 1158 2921 filium
1182 2886 1259 2920 eius
1280 2882 1446 2919 Caesaris
1474 2880 1593 2926 digni-
