1924 3242
316 183 380 232 44
945 185 1126 232 IOELIS

314 317 383 355 μοι
403 298 532 355 μέλει·
567 301 622 350 εἷς
643 295 911 357 μοναστήριον
933 298 1155 356 ἀπαγάγετέ
1170 319 1220 356 με
1241 302 1308 344 καὶ
1329 282 1517 358 ποιήσατε
1539 303 1752 360 μοναχόν.”

316 369 354 411 οἱ
377 370 420 411 δὲ
442 369 579 411 εἴασαν
602 365 734 409 αὐτόν.
800 367 895 422 μετ’
921 368 967 410 οὗ
1000 368 1100 411 πολὺ
1131 371 1174 412 δὲ
1203 375 1275 413 τοῦ
1301 367 1507 425 μνήματος
1536 373 1755 430 ἀνοιγέντος

314 435 460 493 εὑρέθη
493 435 633 492 φαγὼν
662 435 756 486 τοὺς
778 437 996 495 βραχίονας
1018 435 1143 480 αὖτοῦ
1162 440 1227 481 καὶ
1248 438 1300 481 τὰ
1316 437 1507 495 καλήγια,
1541 439 1641 503 ἅτιερ
1662 442 1752 485 ἕπε-

313 504 465 547 δέὁυτο.

444 570 569 615 Μετὰ
600 571 642 614 δὲ
663 569 922 615 Ἀναστάσιον
945 572 1197 626 ἐβασίλευσεν
1219 572 1428 623 ’Ῑουστῖνος
1456 572 1477 616 ὃ
1501 573 1616 635 Θρᾲξ
1639 573 1661 619 ὃ
1679 575 1787 630 με’-5

309 655 382 695 γας
413 639 454 682 ἓν
482 643 714 694 βασιλεῦσιν
741 638 807 695 ἴτη
834 638 893 692 θ’,
942 639 1104 696 ἄριστος
1125 642 1165 683 ἐν
1187 642 1373 695 πολέμοις
1394 643 1460 684 καὶ
1481 643 1657 698 ζηλωτὴς
1682 648 1755 699 τῆς

307 706 531 764 ὃρθοδόξου
553 709 739 759 πίστεως,
775 708 846 765 ἐφ’
881 701 931 749 οὗ
963 710 1029 749 καὶ
1060 708 1111 751 τὰ
1148 709 1251 751 κατὰ
1281 710 1349 752 τὸν
1369 707 1480 765 ἅγιον
1494 710 1666 766 Ἀρέθαν
1686 712 1754 754 καὶ

306 775 399 825 τοὺς
419 776 460 818 ἒν
480 779 619 835 Νεγρᾷ
640 780 689 832 τῇ
709 774 818 818 πόλει
842 773 1041 832 ἐπράχθη,
1071 778 1136 818 καὶ
1159 777 1210 820 τὰ
1233 777 1336 820 κατὰ
1355 781 1434 820 τῶν
1447 775 1674 836 Ὁμηριτῶν
1692 777 1751 821 δι’

164 853 192 887 Ρ
219 853 283 890 173
299 842 498 898 Ἐλεσβαᾶ
515 848 587 886 τοῦ
603 844 800 897 βασιλέως
820 847 899 886 τῶν
915 842 1144 887 Αἰθιόπων.
1203 843 1439 901 τελευτήσας
1458 846 1501 888 δὲ
1522 844 1543 888 ὅ
1564 846 1755 901 βασιλεὺς

301 911 511 962 ’Ῑουστῖνος
529 912 710 955 κατέλιπε
730 912 899 966 βασιλέα
914 911 1191 955 Ἰουστινιανόν
1209 913 1375 967 ἀνεψιὸν
1398 913 1535 957 αὐτοῦ’.
1765 923 1808 959 10

442 980 566 1023 Μετὰ
587 981 630 1022 δὲ
649 979 857 1022 Ἰουστῖνον
875 981 1126 1034 ἐβασίλευσεν
1140 981 1417 1032 ’Ῑουστινιανὸς
1443 980 1608 1037 ἀνεψιὸς
1628 980 1754 1024 αὐτοῦ

307 1045 374 1103 ἔτη
396 1047 478 1099 λθ’,
519 1047 562 1097 ὃς
583 1048 739 1102 ἐποίησε
760 1048 834 1098 τὰς
851 1048 995 1105 νεαρὰς
1015 1047 1224 1099 διατάξεις.
1293 1049 1509 1092 ἀνεκαίνισε
1533 1050 1576 1092 δὲ
1593 1051 1660 1091 καὶ
1680 1049 1752 1104 τὴν

305 1120 379 1157 τοῦ
395 1119 497 1158 θεοῦ
514 1114 690 1171 μεγάλην
716 1116 924 1170 ἐκκλησίαν
946 1118 1001 1166 εἷς
1021 1115 1168 1166 κάλλος
1188 1118 1253 1158 καὶ
1274 1118 1444 1172 μέγεθος
1461 1115 1559 1174 ὖπὲρ
1580 1116 1625 1160 τὸ
1650 1106 1750 1174 τιρό-

306 1200 432 1239 τερον,
468 1183 676 1240 παραδοὺς
694 1185 759 1224 καὶ
782 1181 997 1240 τροπάριον
1020 1185 1061 1225 ἓν
1087 1184 1189 1240 αὐτῇ
1209 1183 1444 1238 ψάλλεσθαι
1460 1183 1512 1226 “ὃ
1537 1183 1751 1240 μονογενὴς

305 1251 392 1300 υἱὸς
407 1253 473 1292 καὶ
490 1249 606 1306 λόγος
625 1254 697 1291 τοῦ
719 1250 863 1291 θεοῢ.”
923 1252 989 1291 καὶ
1008 1249 1282 1305 ῆ”Υπαπαντὴ
1302 1251 1444 1304 ἔλαβεν
1461 1251 1588 1308 ἀρχὴν
1607 1250 1750 1308 ἑορτά·
1763 1262 1822 1297 15,

306 1320 468 1370 ζεσθαι,
514 1318 572 1372 μὴ
596 1316 946 1373 συναριθμουμένη
969 1316 1162 1374 πρότερον
1191 1324 1279 1368 ταῖς
1308 1320 1557 1370 δεσποτικαῖς
1582 1317 1750 1377 ἑορταῖς.

305 1385 436 1440 γέγονε
468 1386 510 1427 δὲ
539 1386 605 1427 καὶ
636 1382 661 1439 ἡ
694 1385 849 1438 πέμπτη
879 1382 1046 1435 σύνοδος
1074 1389 1153 1427 τῶν
1183 1384 1260 1442 ρξε’
1291 1384 1412 1442 ἁγίων
1439 1387 1619 1445 πατέρων
1646 1387 1750 1430 κατὰ

300 1453 527 1509 Ὠριγένους
547 1454 612 1495 καὶ
631 1456 709 1494 τῶν
728 1451 779 1494 τὰ
797 1452 943 1494 ἐκείνου
961 1452 1089 1507 ἀσεβῆ
1107 1451 1287 1508 δόγματα
1307 1455 1597 1509 διαδεξαμένων
1617 1453 1748 1498 Διδύ-

254 1524 284 1558 Β
307 1537 386 1575 μου
419 1523 485 1563 καὶ
508 1521 708 1578 Εὖαγριόυ
744 1522 810 1562 καὶ
838 1524 918 1562 τῶν
946 1520 1046 1578 παρ’
1081 1521 1212 1563 αὐτῶν
1240 1522 1477 1565 ἐκτεθέντων
1507 1524 1747 1579 κεφαλαίων.

302 1590 357 1639 εἰς
390 1589 433 1631 δὲ
460 1589 511 1631 τὰ
541 1589 632 1643 τέλη
663 1588 788 1630 αὐτοῦ’
814 1586 835 1630 ὃ
861 1588 1051 1641 βασιλεὺς
1081 1586 1244 1643 κινήσας
1269 1589 1314 1631 τὸ
1346 1592 1433 1646 περὶ
1461 1595 1653 1647 φθαρτοῦ
1679 1593 1744 1633 καὶ
1757 1605 1802 1641 20

302 1656 520 1714 ἀφθάρτου
551 1655 682 1711 δόγμα
715 1653 923 1712 ἀλλότριος
954 1660 1024 1710 τῆς
1051 1656 1251 1709 εὐσεβείας
1270 1656 1529 1712 ἐτελεύτησεν,
1563 1662 1744 1715 προβαλ-

300 1723 464 1777 λόμενος
475 1725 687 1768 Ἰουστῖνον
708 1723 873 1779 ἀνεψιὸν
895 1723 1020 1766 αὐτοῦ
1039 1726 1093 1802 εις
1110 1725 1302 1778 βασιλέα,
1331 1723 1637 1783 κουροπαλάτην
1655 1723 1744 1771 τότε

298 1790 408 1835 ὄντα.

387 1930 411 1966 3
434 1940 476 1965 an
498 1927 740 1975 minode'dmo?

300 2052 417 2089 habitu
434 2052 582 2087 monachi
597 2052 735 2088 induite.
747 2050 768 2065 ”
814 2052 971 2088 custodes
997 2057 1077 2088 vota
1100 2054 1330 2098 neglexerunt.
1376 2065 1441 2087 non
1457 2053 1558 2088 multo
1577 2056 1654 2098 post
1668 2063 1742 2088 cum

299 2099 510 2143 sepulchrum
525 2099 732 2143 aperiretur,
766 2098 922 2134 inventus
937 2102 988 2133 est
1006 2099 1148 2135 lacertos
1163 2111 1241 2134 suos
1256 2105 1291 2134 et
1307 2099 1431 2144 caligas
1443 2124 1454 2142 ‚
1478 2109 1560 2144 quas
1574 2099 1742 2143 gestabat,

295 2144 563 2223 devoaedggtasio
589 2191 719 2222 mortuo
741 2189 912 2242 imperium
939 2188 1046 2223 tenuit
1059 2189 1203 2223 Iustinus
1219 2189 1359 2229 Thrax,
1393 2199 1530 2232 magnus
1546 2187 1740 2234 imperator,

297 2244 401 2268 annos
417 2245 482 2267 nov
485 2245 547 2276 em,
572 2234 624 2267 vir
639 2234 910 2268 bellicosissimus
926 2240 1104 2279 rectaeque
1118 2234 1198 2268 fidei
1212 2238 1451 2279 propugnator.
1498 2234 1560 2268 sub
1575 2245 1627 2275 eo,
1674 2244 1738 2268 uae

298 2279 331 2312 in
347 2282 495 2312 sanctum
513 2279 693 2312 Aretham'
684 2291 718 2312 ιιι
732 2279 852 2323 Negra
865 2280 946 2313 urbe
962 2287 1058 2323 gesta
1074 2284 1162 2321 sunt,
1179 2285 1214 2313 et
1230 2283 1344 2312 contra
1357 2278 1548 2312 Homeritas
1563 2289 1623 2332 per
1672 2279 1736 2313 les-

295 2324 392 2358 baum
410 2323 606 2376 Aethiopum
627 2335 758 2366 regem,
791 2324 997 2358 acciderunt.
1045 2325 1190 2358 Iustinus
1216 2323 1313 2357 morti
1337 2323 1505 2375 proximus
1522 2323 1737 2358 lastinianum

296 2369 420 2404 sororis
435 2368 537 2402 filiurn
553 2368 785 2422 imperatorem
800 2369 999 2413 pronuntiat.

386 2414 469 2448 Post
488 2413 644 2446 lustinum
660 2413 860 2447 Iustinianus
886 2414 1011 2447 sororis
1030 2414 1117 2447 filius
1139 2412 1311 2458 imperium
1335 2412 1464 2447 obtinet
1479 2424 1583 2448 annos
1598 2413 1736 2457 triginta

297 2470 427 2494 novem.
476 2459 623 2492 novellas
640 2458 887 2492 constitutiones
904 2459 1097 2503 composuit.
1145 2459 1199 2492 dei
1225 2469 1377 2501 magnam
1399 2459 1570 2492 ecclesiam
1591 2470 1735 2494 renova-

298 2505 361 2549 vit,
385 2503 630 2558 pulchritudine
645 2507 681 2536 et
695 2503 935 2547 magnitudine,
960 2515 1026 2547 qua
1045 2509 1142 2536 antea
1157 2508 1248 2558 erat,
1274 2503 1579 2556 spectabiliorem‚‘
1570 2515 1603 2537 ιιι
1618 2515 1685 2548 qua
1699 2507 1736 2538 et

298 2532 482 2606 troparium
499 2549 683 2583 canendum
698 2548 853 2593 tradidit,
889 2549 979 2582 cuius
1021 2548 1186 2592 rincipium
1208 2529 1428 2592 “unigenitus
1444 2549 1533 2583 filius
1548 2553 1584 2583 et
1596 2549 1733 2583 verbum

295 2595 362 2630 dei.
371 2592 392 2606 '’
438 2595 648 2640 Hypapante
670 2605 743 2627 cum
769 2594 861 2639 prius
884 2593 970 2627 inter
1008 2594 1162 2627 ominicas
1176 2593 1403 2628 solemnitates
1417 2606 1483 2628 non
1499 2605 1734 2628 commemora-

296 2644 412 2683 retur,
444 2640 607 2673 celebrari
631 2644 751 2684 coepta
768 2643 828 2673 est
877 2639 1007 2683 cogitur
1022 2639 1140 2683 quinta
1153 2639 1299 2683 synodus
1319 2639 1381 2673 165
1397 2644 1586 2673 sanctorum
1604 2644 1732 2684 patrum

296 2686 457 2720 adversus
467 2685 648 2728 Origenem
663 2685 799 2729 eiusque
814 2684 984 2738 impiorum
1000 2684 1189 2728 dogmatum
1203 2688 1387 2718 sectatores
1399 2685 1577 2728 Didymum
1593 2689 1628 2718 et
1643 2685 1733 2719 Eua-

294 2731 403 2775 grium
422 2735 457 2765 et
471 2731 582 2775 capita
597 2731 638 2764 ab
657 2730 705 2763 eis
721 2730 884 2775 exposita.
930 2729 1017 2763 circa
1040 2729 1130 2763 vitae
1157 2730 1279 2764 exitum
1295 2730 1492 2774 quaestione
1507 2730 1549 2764 de
1565 2728 1731 2784 corrupti-

295 2776 354 2810 bili
379 2779 414 2810 et
437 2775 679 2830 incorruptibili
701 2782 791 2809 mota
805 2775 985 2821 perduellis
1002 2774 1135 2828 pietatis
1151 2780 1330 2819 rectaeque
1346 2774 1426 2808 fidei
1442 2775 1618 2820 expiravit,
1658 2784 1731 2808 cum

296 2822 385 2867 prius
401 2821 559 2856 Iustinum
574 2821 698 2856 sororis
714 2821 814 2855 filium
832 2821 1059 2866 curopalatem
1075 2820 1308 2866 imperatorem
1327 2820 1536 2854 nominasset.
1576 2834 1578 2836 ¹
