1924 3242
451 172 928 216 CHRONOGRAPHIA
963 174 1394 219 COMPENDIARIA.
1587 175 1651 222 39

197 282 425 330 καταλιπὼν
451 285 494 326 Γ
488 284 678 342 ρατιανὸν
707 285 777 328 τὸν
805 286 893 329 υἱὸν
916 287 1065 340 αὐτοῦ,
1108 287 1349 345 Αὔγουστον
1380 287 1477 333 ὄντα
1510 290 1578 332 καὶ
1611 289 1652 332 ἐν

191 349 325 410 Ῥώμῃ
344 353 625 410 διατρίβοντα,
659 356 726 396 καὶ
751 354 1082 399 Οὖαλεντινιανὸν
1110 358 1198 400 νέον
1218 359 1366 415 κομιδῇ
1389 355 1650 414 τυγχάνοντα,

194 418 283 476 ὃνῆ
303 418 454 477 ἀνάγκη
481 425 562 464 τῶν
591 420 893 479 ἐπιχειρούντων
910 423 980 466 τὸν
1001 422 1124 466 τόπον
1144 430 1216 480 τῆς
1230 427 1440 480 βασιλείας
1454 423 1650 484 ὑφαρπά-

2 504 29 543 ‘'0'
194 490 272 541 ζειν
291 487 587 547 παρεσκεύασεν
614 493 681 534 καὶ
708 489 880 542 ἀπόντος
910 496 984 535 τοῦ
1008 492 1190 550 ἀδελφοῦ
1214 494 1288 550 τὴν
1309 499 1525 553 πορφυρᾶν
1549 494 1648 543 ἀνα-

161 555 418 614 Ξδήσασθαι.

322 624 374 670 Ὅ
394 625 441 670 δέ
458 643 501 684 γε
524 628 566 669 Γ
561 627 751 685 ρατιανὸς
777 626 846 671 τὸν
876 627 1003 684 μέγαν
1028 625 1248 670 Θεοδόσιον
1272 630 1315 680 ἕξ
1326 627 1531 681 Ἱσπανίας
1549 629 1651 686 ἀγα-

192 693 276 752 γῶν
305 696 606 753 προεχειρίσατο
640 697 697 747 εἷς
720 695 915 750 βασιλέα,
957 696 1144 753 γαμβρὸν
1175 696 1301 739 αὐτοῦ
1329 697 1449 750 ὄντα,
1484 698 1584 755 πρὸς
1607 698 1652 740 τὸ

191 753 381 816 πολεμεῖύ
398 770 483 814 τοΐς
504 762 690 815 Σκύθαις
706 764 780 819 τὴν
803 762 971 824 Θρᾴκην
993 765 1250 819 ληΐζομένοις.
1318 763 1340 806 ὅ
1364 767 1407 808 δὲ
1427 768 1469 806 Γ
1465 766 1654 822 ρατιανὸς

191 830 285 872 κατ’
319 831 535 886 ἐπιβουλὴν
557 834 757 886 Μαξίμου
787 832 894 883 τινὸς
927 832 983 875 δι’
1006 833 1305 890 Ἀνδραγαθίου
1339 833 1547 891 ἀνῃρέθη,
1582 837 1650 876 καὶ
1673 837 1700 872 Ρ
1727 838 1793 873 170

137 895 269 942 1οὖπό
291 897 512 942 Θεοδοσίου
532 902 588 950 εἷς
608 900 703 951 τούς
717 900 954 955 βασιλικοὺς
972 899 1130 958 τάφους
1148 901 1358 956 μετετέθη.

322 967 448 1010 Μετὰ
482 968 527 1010 δὲ
550 970 592 1009 Γ
587 969 778 1026 ρατιανόν
808 969 1039 1024 ἐβασίλευσε
1063 968 1283 1020 Θεοδόσιος
1305 967 1326 1012 ὅ
1349 968 1474 1025 με’γας
1498 967 1565 1024 ἴτη
1589 967 1652 1021 ιζ’,

187 1031 234 1084 ὃς
255 1037 315 1092 τῷ
334 1034 516 1094 θεολόγῳ
538 1038 579 1078 Γ
575 1038 750 1096 ρηγορίῳ
775 1037 849 1098 τῂν
878 1037 1096 1093 ἐπισκοπὴν
1124 1036 1299 1095 ἐκύρωσε
1318 1039 1648 1080 Κωνσταντινου-

187 1099 341 1153 πόλεως
370 1105 436 1146 καὶ
464 1104 523 1159 μὴ
551 1103 794 1160 θελήσαντι,
838 1104 1086 1160 βιασάμενος
1095 1138 1108 1158 ,
1145 1105 1201 1156 ὥς
1230 1106 1362 1148 πολλοὶ
1387 1103 1555 1159 καμόντι
1585 1107 1652 1147 καὶ

188 1174 262 1224 τῆς
278 1169 432 1226 πλάνης
447 1176 529 1215 τῶν
557 1173 748 1230 αἶρέσεων
778 1173 852 1228 τὴν
879 1172 995 1218 πόλιν
1023 1172 1354 1231 ἐλευθερώσαντι.
1424 1174 1583 1229 ὀλίγους
1609 1174 1653 1216 δὲ

135 1246 178 1282 15
189 1242 270 1281 τῶν
286 1240 523 1294 Αἲγυπτίων
540 1241 692 1295 μαθὼν
709 1239 729 1283 ὅ
749 1245 863 1291 θεῖος
883 1243 924 1282 Γ
921 1240 1107 1299 ρηγόριος
1135 1246 1194 1300 τῷ
1222 1241 1343 1298 λόγου
1365 1241 1510 1284 τούτου
1539 1246 1651 1299 φθο-

188 1304 410 1361 νήσαντας,
440 1306 511 1350 τὸν
532 1307 831 1366 Συντακτήριον
855 1311 1021 1359 συνθεὶς
1046 1314 1119 1365 τῆς
1140 1310 1399 1365 ἕπισκοπικῆς
1421 1308 1653 1364 διοικήσεως

187 1372 456 1432 ὕπεχῶρησεν.
527 1376 615 1419 ἀντ’
651 1376 777 1419 αὐτοῦ
806 1378 850 1419 δὲ
867 1376 1093 1434 Νεκτάριον
1114 1379 1402 1434 προχειρίζεται
1425 1376 1448 1420 ὅ
1467 1395 1508 1420 τε
1527 1382 1651 1431 βασι-

188 1442 281 1492 λεῦς
311 1445 379 1485 καὶ
406 1441 433 1498 ἦ
455 1441 648 1497 σύνοδος,
684 1444 747 1488 ὅτε
776 1447 843 1486 καὶ
866 1443 891 1500 ἢ
914 1445 1080 1502 δευτέρα
1101 1443 1271 1496 σύνοδος
1288 1446 1444 1502 γε’γονεν
1465 1446 1506 1487 ἐν
1529 1447 1650 1487 Κων-

115 1546 122 1552 a
188 1509 512 1555 σταντινουπόλει
546 1516 628 1555 τῶν
667 1511 725 1570 ρν’
769 1511 892 1569 ἁγίων
926 1514 1110 1570 πατέρων
1141 1513 1245 1556 κατὰ
1279 1515 1541 1556 Μακεδονιόυ
1575 1517 1648 1556 τοῦ
1670 1521 1700 1556 Β

130 1578 526 1634 ωπνευματομάχου
535 1612 550 1633 ,
585 1579 802 1623 ἐπισκόπου
820 1579 1027 1638 γεγονότος
1047 1580 1523 1632 Κωνσταντινουπόλεως.
1585 1582 1650 1623 ἐπὶ

187 1648 233 1690 δὲ
253 1647 474 1690 Θεοδοσίου
496 1650 562 1691 καὶ
583 1646 608 1704 ἦ
632 1651 745 1703 τιμία
771 1649 927 1706 κεφαλὴ
956 1653 1029 1691 τοῦ
1059 1647 1295 1706 προδρόμου
1325 1651 1367 1691 ἓν
1387 1651 1650 1693 Κωνσταντι-

186 1714 371 1758 νουπόλει
391 1718 643 1772 διεκομίσθη.
687 1718 728 1760 ἐν
751 1718 794 1759 δὲ
815 1721 872 1775 τῷ
888 1717 1039 1771 μεταξὺ
1063 1717 1395 1767 Οὗαλεντινιανὸς
1413 1718 1455 1759 ἔν
1474 1724 1558 1768 τοῖς
1579 1721 1651 1772 τῆς

189 1781 342 1834 δύσεως
361 1783 521 1841 μέρεσιν
539 1784 678 1843 βρόχῳ
696 1783 952 1842 χρησάμενος
970 1785 1015 1827 τὸ
1037 1786 1150 1835 τέλος
1169 1779 1257 1842 εὗρε
1275 1789 1349 1827 τοῦ
1364 1787 1480 1841 βίου,
1515 1786 1575 1828 δι’
1600 1785 1650 1841 ἣν

187 1852 321 1895 αἲτίαν
338 1851 456 1910 μέχρι
475 1857 549 1895 τοῦ
565 1852 765 1911 παρόντος
792 1853 864 1896 οὒκ
890 1853 1018 1907 ἴσμεν.
1088 1852 1109 1896 ὃ
1135 1854 1183 1896 δέ
1200 1870 1243 1910 γε
1267 1852 1488 1905 Θεοδόσιος
1508 1855 1550 1896 ἓν
1574 1855 1649 1908 μὲν

279 1936 325 1973 15
350 1934 444 1984 λόγῳ
465 1937 616 1986 vovit-cp?

186 2005 274 2052 perii
297 2005 441 2041 heredes
466 2006 670 2040 Gratianum
695 2007 798 2041 filium
808 2033 819 2051 ,
854 2007 924 2053 qui'
940 2007 1087 2053 Augusti
1110 2007 1256 2052 insignia
1281 2009 1423 2052 ceperat
1450 2007 1649 2051 Romaeque

185 2052 477 2095 commorabatur,
510 2059 547 2085 et
562 2053 828 2087 Valentinianum
854 2054 1028 2098 puerulum
1050 2054 1162 2088 adhuc
1186 2053 1343 2087 instituit.
1389 2053 1649 2086 Valentinianus

184 2096 396 2141 desertorum
413 2097 446 2132 vi
462 2102 600 2132 coactus
614 2099 746 2145 imperii
761 2099 875 2133 sedem
890 2099 955 2134 sibi
970 2099 1132 2146 arripuit,
1164 2104 1200 2134 et
1214 2100 1356 2133 absente
1372 2099 1480 2132 fratre
1497 2109 1649 2144 purpura

187 2143 406 2179 convestitur.

279 2189 465 2223 Gratianus
481 2188 641 2234 Magnum
655 2188 888 2223 Theodosium
912 2201 1074 2234 generum
1096 2200 1189 2224 suum
1206 2201 1248 2224 ex
1264 2189 1431 2235 Hispania
1446 2188 1647 2223 advocatum

185 2233 532 2314 fflz‘g’v‘ssffiit‘
541 2235 791 2315 hesssslffii‘r‘lss
805 2234 1649 2326 ⁸223:‘3053'3‘1233232'0533‘112653'{xi'dffss‘ssss

189 2325 420 2370 Andragathio
435 2326 624 2360 trucidatur
639 2332 675 2361 et
691 2338 711 2360 a
727 2327 922 2361 Theodosio
938 2327 971 2361 in
988 2327 1084 2372 regia
1098 2327 1279 2372 sepulchra
1294 2326 1460 2360 defertur.

278 2370 364 2405 Post
380 2371 582 2406 Gratianum
597 2373 772 2417 imperium
787 2373 876 2406 rexit
889 2373 1104 2407 Theodosius
1114 2373 1260 2416 Magnus
1275 2383 1381 2406 annos
1394 2371 1646 2417 septemdecim.

189 2415 362 2460 Gregorio
375 2422 596 2462 cognomento
612 2418 770 2462 theologo
786 2418 899 2452 sedem
913 2418 1128 2464 Cpolitanam
1143 2418 1296 2452 decrevit
1309 2417 1415 2452 invito
1427 2429 1468 2451 ac
1479 2417 1649 2457 renuenti,

273 2471 350 2495 uam
371 2462 428 2507 qui
443 2474 506 2508 pro
521 2463 685 2508 religione
700 2464 819 2498 multos
834 2465 1039 2499 exantlasset
1053 2465 1187 2499 labores
1200 2465 1386 2508 urbemque
1402 2464 1445 2497 ab
1460 2463 1648 2497 haereseon

190 2505 246 2540 lue
274 2505 449 2543 ‘ben-net.
493 2521 610 2543 verum
627 2510 816 2554 Gregorius
839 2509 897 2544 ubi
915 2511 1091 2544 nonnullos
1107 2510 1298 2554 Aegyptios
1309 2508 1373 2542 sibi
1388 2520 1429 2542 eo
1445 2508 1579 2542 nomine
1595 2508 1647 2541 in·

190 2550 284 2584 vidia
299 2552 444 2597 percitos
458 2555 668 2589 succensisse
684 2555 836 2597 rescivit,
859 2556 1011 2590 oratione
1029 2566 1128 2600 quam
1144 2554 1395 2599 Syntacteriam
1411 2554 1551 2588 vocavit
1564 2565 1648 2587 con-

188 2595 341 2642 scripta,
379 2598 422 2632 ab
444 2599 658 2653 episcopatus
683 2612 787 2635 onere
808 2612 885 2635 sese
909 2601 1094 2636 abdicavit.
1141 2601 1217 2635 loco
1232 2600 1321 2634 illius
1336 2601 1379 2634 ab
1393 2600 1596 2645 imperatore
1611 2603 1647 2632 et

188 2642 321 2686 synodo
336 2642 520 2678 Nectanus
542 2651 681 2680 evectus
699 2651 762 2681 est.
805 2653 876 2680 tum
894 2648 1043 2682 secunda
1056 2646 1208 2692 synodus
1224 2646 1291 2680 150
1305 2651 1496 2679 sanctorum
1513 2651 1643 2690 patrum

188 2689 354 2722 adversus
368 2688 602 2725 Macedonium
618 2692 811 2737 episcopum
827 2693 1044 2737 cpolitanum
1054 2719 1066 2735 ‚
1088 2692 1227 2737 spiritus
1241 2692 1350 2725 sancti
1364 2696 1644 2737 oppugnatorem,

188 2733 291 2779 Cpoli
305 2733 478 2768 celebrata
493 2740 556 2770 est.
579 2738 641 2771 sub
657 2738 773 2771 eodem
790 2739 970 2783 pretiosum
986 2737 1220 2783 praecursoris
1236 2742 1338 2783 caput
1353 2737 1487 2782 Cpolim
1503 2735 1645 2769 advehi-

189 2784 256 2813 tur.
301 2779 432 2814 interea
447 2781 702 2816 Valentinianus
728 2783 762 2816 in
778 2784 926 2818 occiduis
942 2783 1097 2828 partibus
1111 2783 1185 2829 ipse
1200 2783 1265 2817 sibi
1280 2783 1402 2827 laqueo
1420 2783 1522 2816 vitam
1538 2781 1646 2813 inter-

190 2823 286 2870 cipit,
301 2836 367 2873 qua
382 2836 465 2861 vero
481 2825 526 2861 de
540 2838 644 2863 causa
657 2828 766 2863 adhuc
781 2829 1024 2875 incompertum
1039 2833 1093 2864 est
1149 2839 1252 2875 porro
1267 2827 1481 2864 Theodosius
1496 2826 1648 2861 Orientis
