1924 3242
385 223 443 269 18
764 222 997 266 GEORGII
1025 222 1406 295 AGROPQITAE

1211 321 1225 328 Δ,
1244 298 1272 326 *θ’
1780 316 1781 319 =

326 349 359 386 Ι)
381 339 453 379 τοῦ
471 334 630 378 ἇλιόναι.
698 332 722 376 ὃ
743 334 792 389 δὴ
812 336 879 377 καὶ
901 335 1038 385 δεδιὼς
1056 334 1077 378 ὅ
1093 325 1281 396 βασιλεξῖις
1305 333 1512 394 Θεόδωρος
1545 329 1624 392 (ἦν
1637 334 1716 392 γὰρ
1730 335 1799 379 καὶ
1823 335 1827 338 ’

377 404 526 458 ἀληθὲς
545 401 598 451 ὥς
619 404 652 444 εἰ
670 401 816 457 ταύτης
834 401 1045 459 ἐκράτησεν
1060 402 1086 445 ’ὅ
1107 395 1297 455 σουλτάν,
1333 403 1445 446 οὐδὲν
1465 403 1514 446 ἂν
1529 398 1580 459 ἦν
1598 403 1713 461 αύτῷ·
1725 403 1799 457 ἔμ-

374 470 508 513 ποδών
525 474 598 511 τοῦ
614 470 671 524 μὴ
691 474 824 516 πᾶσαν
840 471 911 525 τὴν
929 475 1007 513 τῶν
1021 469 1226 525 Ῥωμαίων
1239 470 1613 528 χειρώσασθαι)·καὶ
1633 468 1718 514 οἷον
1733 471 1798 513 ἐπὶ

374 536 498 590 κύβου
521 536 588 579 τὸν
608 536 779 592 πόλεμον
797 540 896 591 θείς,
925 537 952 593 ἢ
972 543 1124 592 μᾶλλον
1144 539 1309 592 ἀληθῶς
1328 541 1444 581 εἲπεΐν
1464 540 1528 580 ἐπὶ
1549 542 1607 596 τῷ
1627 536 1797 595 δεσπότῃ

372 602 587 661 θαρρήσας
620 608 807 663 Χριστῷ,
842 600 890 648 οὗ
921 606 992 660 τὴν
1020 611 1156 661 κλῆσιν
1184 604 1238 655 ὥς
1264 604 1468 660 σύσσημόν
1490 623 1527 648 τι
1545 604 1573 660 ἢ
1592 606 1828 662 σφρωγῒὸαό

372 672 411 715 οἱ
444 673 614 726 εὐσεβεῖς
645 674 878 730 ἐπιφέρομεν
888 705 902 725 ,
951 673 1170 716 ἓπισπεύδει
1205 673 1272 715 τὸν
1310 672 1482 730 δρόμον,
1534 673 1798 728 παραγγείλας

368 741 520 794 μηδένα
539 739 566 794 ἢ
586 741 726 795 σκευὴν
746 741 876 798 φέρειν
895 740 921 795 ἢ
940 740 1068 795 ἄχθος
1084 740 1110 795 ἢ
1128 739 1258 797 ἕτερόν
1273 757 1310 783 τι
1328 746 1406 783 τῶν
1425 741 1471 783 οὗ
1492 737 1797 782 λυσιτελούντων
1816 739 1819 742 ’

368 808 410 848 ἓν
442 813 499 864 τῷ
526 809 706 866 πολέμῳ,
737 807 826 850 ἄνευ
855 809 988 862 μέντοι
1017 813 1095 850 τῶν
1121 809 1344 864 ἀναγκαίων
1352 841 1365 860 ,
1395 812 1548 865 τροφῆς
1562 810 1710 863 μικρᾶς
1728 806 1797 849 καὶ

368 873 598 928 ἐνδύματος.
631 871 680 930 ἦν
699 877 742 918 δὲ
759 874 864 917 ἅπαν
881 876 990 932 αὐτῷ
1007 876 1051 918 τὸ
1069 875 1295 932 στράτευμα
1315 878 1369 926 εἷς
1388 877 1602 929 δισχιλίους
1615 875 1797 931 ἠριθμη-

366 943 507 996 μένον,
537 937 591 985 ὧν
620 942 842 986 ὀκτακόσιοι
865 944 937 997 μὲν
957 944 1122 994 Ἰταλοί,
1150 943 1289 1000 ἄνδρες
1312 950 1477 999 γενναῖοι
1502 945 1568 985 καὶ
1589 942 1662 997 τὴν
1678 948 1796 998 χεῖρα
1807 952 1851 988 10

269 1019 299 1055 P
321 1021 344 1056 9
367 1011 578 1067 σθεναροί,
613 1009 703 1061 ὡςὸ
726 1011 862 1067 καιρὸς
885 1011 1022 1062 ἔδειξε,
1051 1010 1239 1064 Ῥωμαῖοι
1269 1012 1311 1052 δὲ
1340 1011 1377 1052 οἳ
1409 1012 1539 1052 λοιποὶ
1571 1007 1796 1064 ἐτύγχανον.

368 1078 473 1132 (10)
504 1075 616 1133 ἐγγύς
637 1095 713 1120 που
736 1083 830 1134 γοῦν
848 1077 1051 1134 γενόμενος
1070 1083 1140 1133 τῆς
1156 1079 1390 1132 Ἀντιοχείας
1407 1077 1427 1119 ὃ
1447 1077 1636 1132 βασιλεὺς
1654 1077 1797 1133 ἀφίησι

364 1145 434 1188 τὸν
457 1146 620 1202 πρέσβιν
640 1147 803 1202 Πέρσην
824 1147 934 1203 παρὰ
955 1146 1023 1188 τὸν
1043 1147 1231 1202 σφέτερον
1251 1146 1469 1202 ἀφικέσθαι
1491 1142 1704 1198 δεσπότην·
1729 1145 1797 1186 καὶ

365 1210 410 1262 ὃς
451 1213 608 1267 ἀπῆλθε
654 1215 720 1254 καὶ
746 1212 884 1267 μηνύει
915 1218 973 1270 τῷ
1000 1213 1170 1255 σουλτὰν
1202 1214 1274 1267 τὴν
1307 1217 1379 1254 τοῦ
1410 1212 1606 1265 βασιλέως
1637 1210 1796 1268 ἔφοδον,

364 1278 579 1322 δύσπιστον
609 1281 740 1336 ἐκείνῳ
771 1279 875 1322 πάνυ
909 1279 1192 1334 τυγχάνουσαν.
1270 1278 1401 1336 ὅρκοις
1432 1283 1527 1334 γοῦν
1555 1279 1738 1332 ἐβεβαίου
1771 1276 1849 1321 615

362 1347 528 1403 πρέσβις
555 1345 610 1396 ὥς
637 1347 749 1402 ἔγγὺς
776 1346 796 1388 ὃ
825 1347 1013 1400 βασιλεὺς
1040 1345 1239 1402 πάρεστιν.
1305 1350 1432 1388 ταῦτα
1461 1340 1531 1388 οὖν
1563 1344 1744 1400 ἀκηκοὼς
1772 1343 1795 1387 ὃ

364 1412 554 1464 σουλτάν,
589 1412 643 1460 ὥς
666 1412 740 1467 εἶχε
763 1412 929 1467 τάχους,
960 1413 1033 1462 τὰς
1061 1412 1245 1468 δυνάμεις
1273 1412 1430 1469 συνάγει
1461 1415 1526 1455 καὶ
1546 1411 1795 1470 παρατάττε-

362 1498 429 1522 ται
451 1481 550 1536 πρὸς
564 1481 632 1523 τὸν
653 1480 836 1534 πόλεμον.
884 1483 1117 1534 ἐμπίπτουσι
1137 1485 1231 1537 γοῦν
1251 1489 1338 1531 ταῖς
1356 1485 1428 1523 τοῦ
1449 1481 1620 1523 σουλτὰν
1638 1483 1795 1536 πρῶτον

365 1547 577 1601 δυνάμεσιν
592 1549 747 1591 Ἰταλοί.
783 1549 875 1590 ἀλλ’
899 1544 948 1602 ἦν
973 1549 1016 1591 τὸ
1040 1553 1119 1591 τῶν
1143 1547 1479 1602 Μουσουλμάνων
1500 1551 1658 1602 πλῆθος
1677 1545 1794 1588 πολύ.

309 1620 339 1654 Β
363 1615 458 1672 ἔργα
493 1617 536 1657 δὲ
569 1621 764 1673 κρατερᾶς
792 1616 926 1672 χειρὸς
961 1615 1219 1669 ἐπιδειξάμενοι
1251 1618 1317 1657 καὶ
1352 1615 1622 1671 γενναιοτέρας
1657 1618 1847 1668 ψυχῆςὲο

360 1683 501 1736 σχεδὸν
535 1685 719 1725 πίπτουσι
752 1682 915 1734 πάντες,
957 1684 1285 1739 ἀπειροπλασίους
1307 1684 1445 1739 ξίφους
1466 1682 1578 1738 ἔργον
1599 1680 1792 1735 ποιήσαν-

359 1767 435 1800 τες.
503 1755 581 1792 τῶν
604 1755 698 1805 γοῦν
722 1751 883 1792 Ἰταλῶν
905 1752 942 1791 οἳ
963 1748 1282 1804 ΖΠουσουλμάνοι
1305 1748 1589 1806 περιγενόμενοι
1609 1748 1705 1807 ῥᾷον
1725 1750 1792 1790 καὶ

357 1821 437 1859 τῶν
466 1815 695 1872 Ῥωμαϊκῶν
731 1815 920 1874 ἐκράτουν
962 1816 1190 1871 δυνάμεων·
1238 1820 1303 1860 καὶ
1339 1818 1377 1860 οἳ
1409 1818 1481 1871 μὲν
1510 1813 1792 1874 προτροπάδην

447 1979 470 2014 3
492 1976 560 2023 τὴν
580 1976 758 2022 Ῥωμαίαν
776 1979 808 2014 D
884 1991 888 1994 ·
943 1980 964 2014 7
988 1976 1122 2023 σκηνὴν
1139 1978 1181 2014 D.

357 2126 393 2158 et
407 2126 533 2158 tantum
548 2136 614 2158 non
629 2127 777 2169 ceperat.
825 2124 913 2168 quod
933 2124 1170 2170 pertimescens
1185 2123 1383 2158 Theodorus
1407 2123 1539 2166 (neque
1554 2121 1637 2156 enim
1653 2121 1787 2156 dubium

357 2174 430 2203 erat
454 2170 532 2213 quin
556 2181 596 2202 ea
622 2172 757 2203 subacta
779 2170 909 2203 sultano
933 2170 1055 2203 nullum
1078 2169 1113 2202 in
1134 2174 1302 2213 posterum
1315 2167 1576 2213 impedimentum
1591 2168 1697 2210 foret,
1721 2178 1787 2212 quo

355 2215 460 2247 minus
487 2215 627 2247 Romani
650 2215 777 2258 imperii
802 2214 963 2258 reliquum
980 2214 1185 2257 debellaret)
1210 2218 1245 2247 et
1258 2213 1360 2247 veluti
1373 2213 1406 2246 in
1424 2213 1508 2245 cubo
1525 2211 1603 2245 belli
1616 2212 1708 2246 exitu
1723 2223 1787 2256 po-

356 2259 438 2300 sito,
463 2259 533 2291 sive
560 2264 595 2292 ut
621 2261 734 2292 verius
758 2259 882 2299 dicam,
908 2259 1034 2292 Christi
1049 2259 1188 2302 domini,
1211 2258 1304 2292 cuius
1323 2269 1439 2291 nomen
1454 2256 1560 2290 veluti
1575 2261 1735 2291 tesseram
1750 2259 1787 2290 et

354 2304 482 2346 signum
499 2304 543 2347 pii
559 2315 617 2336 nos
634 2305 891 2337 circumferimus
905 2329 913 2344 ‚
938 2304 1099 2348 praesidio
1123 2304 1210 2337 nisus
1221 2328 1230 2343 ‚
1255 2314 1396 2347 propere
1412 2302 1560 2344 celerat,
1585 2302 1676 2346 prius
1695 2312 1787 2335 com-

355 2350 455 2381 misso
467 2375 476 2390 ‚
498 2360 540 2381 ne
563 2349 634 2392 quis
662 2349 805 2391 attegias
828 2353 885 2382 aut
908 2349 1055 2382 sarcinas
1072 2348 1127 2381 vel
1144 2348 1220 2392 quid
1235 2348 1338 2381 simile
1352 2347 1477 2392 praelio
1498 2347 1614 2390 inutile
1628 2358 1712 2391 prae
1726 2358 1787 2380 ne-

357 2393 511 2426 cessariis
541 2393 634 2426 tenui
663 2394 754 2426 victu
786 2394 973 2437 vestituque
1003 2394 1183 2427 deferrent.
1231 2393 1395 2426 exercitus
1417 2392 1498 2426 bina
1515 2391 1604 2425 milia
1622 2392 1785 2426 hominum

355 2449 422 2471 non
449 2437 651 2475 excedebat,
677 2449 815 2482 quorum
832 2438 1013 2481 octingenti
1029 2438 1123 2481 Itali,
1145 2438 1209 2471 viri
1222 2437 1346 2470 strenui
1363 2441 1395 2471 et
1410 2448 1507 2470 manu
1521 2438 1645 2476 fortes,
1667 2441 1705 2470 ut
1726 2447 1786 2470 oc·

355 2483 446 2516 casio
463 2483 571 2527 palam
587 2483 678 2524 fecit,
702 2483 819 2526 reliqui
837 2483 973 2516 Romani
989 2484 1095 2517 fuere.
1142 2484 1230 2526 (10)
1252 2494 1360 2527 prope
1381 2482 1495 2527 itaque
1508 2481 1714 2527 Antiochiam
1729 2482 1784 2515 fa·

357 2532 431 2562 ctus
453 2529 632 2572 imperator
657 2529 794 2560 Persam
819 2527 985 2570 legatum,
1016 2531 1054 2560 ut
1074 2532 1239 2561 remearet
1262 2527 1305 2560 ad
1328 2527 1510 2570 dominum,
1535 2526 1683 2560 dimittit.
1728 2526 1784 2560 ille

356 2573 486 2606 sultano
503 2573 631 2606 nuntiat
645 2572 853 2617 imperatoris
869 2582 1049 2615 accessum>
1073 2573 1199 2605 creditu
1217 2572 1344 2605 omnino
1362 2572 1542 2612 difficilem,
1565 2571 1647 2606 adeo
1665 2575 1704 2604 ut
1719 2571 1783 2605 im-

356 2622 546 2662 peratorem
570 2618 634 2651 iam
662 2619 783 2651 adesse
808 2617 1016 2650 iureiurando
1043 2617 1236 2650 confirmare
1256 2628 1393 2650 necesse
1413 2617 1516 2650 fuerit
1530 2617 1685 2660 legatum.
1731 2615 1783 2649 his

359 2662 479 2696 auditis
503 2663 651 2696 sultanus
677 2674 772 2706 quam
791 2663 960 2696 celerrime
975 2662 1121 2695 collectis
1137 2662 1240 2707 copiis
1255 2662 1288 2695 in
1304 2662 1406 2696 aciem
1422 2662 1554 2695 militem
1569 2661 1668 2695 excit.
1714 2660 1783 2704 pri-

347 2719 446 2741 mum
461 2708 534 2740 Itali
550 2708 670 2740 sultani
685 2708 814 2740 ordines
829 2707 959 2741 nimium
975 2707 1093 2742 multos
1107 2707 1309 2749 adoriuntur,
1330 2719 1371 2741 ac
1384 2717 1500 2740 manus
1513 2706 1644 2740 validae
1657 2704 1785 2739 virilio-

357 2753 470 2796 risque
485 2753 581 2786 animi
596 2753 797 2786 facinoribus
811 2753 942 2786 effectis
956 2754 1028 2786 fere
1043 2763 1155 2786 omnes
1169 2752 1386 2794 occumbunt,
1411 2763 1483 2786 cum
1502 2751 1602 2786 multo
1617 2750 1729 2796 plures
1743 2760 1783 2782 ac

358 2797 460 2831 multo
491 2798 728 2831 numerosiores
759 2799 1022 2834 obtruncassent.
1069 2797 1273 2841 exsuperatis
1309 2809 1329 2830 a
1349 2797 1558 2831 Musulmano
1580 2795 1668 2830 Italis
1693 2794 1782 2827 nullo

357 2843 492 2886 negotio
506 2843 730 2878 Romanorum
746 2843 910 2878 exercitus
926 2844 1018 2878 fusus
1033 2846 1097 2887 est,
1121 2843 1213 2877 cuius
1229 2842 1341 2888 potior
1354 2853 1435 2889 pars
1449 2842 1581 2887 fugiens
1593 2843 1690 2884 terga
1705 2849 1783 2873 ver-
