1924 3242
335 200 397 244 82
727 196 962 241 GEORGII
984 184 1365 241 ACROPOLITAE

286 340 288 343 v
334 313 434 367 με’να
457 314 516 368 τῷ
541 312 703 364 βασιλεῖ’
721 306 1043 365 διαπράξασθαι,
1075 313 1148 352 τοῦ
1171 307 1354 364 πλήθους
1377 308 1422 353 τὸ
1449 299 1582 353 πλεῖον
1604 307 1763 365 Ιὑπαγα-

334 379 427 437 γών,
455 382 527 421 τοῦ
548 375 684 434 κρύφα
701 377 823 433 λέγειν
844 377 1022 427 ἀποστὰς
1041 377 1082 428 ἐς
1102 377 1147 420 τὸ
1166 377 1339 434 φανερὸν
1355 384 1437 428 τοῖς
1454 382 1574 420 πᾶσιν
1590 376 1762 420 ὑπέθετο

333 449 385 490 τὰ
401 447 658 496 συνοίσοντα,
692 444 857 502 εἰρηκὼς
882 443 936 495 ὥς
963 443 1056 500 ἦμῖν
1087 446 1160 499 μὲν
1186 445 1333 500 ἐγένετο
1356 449 1761 502 προσταλαιπωρῆσαι

332 520 383 571 τῇ
415 518 487 556 τοῦ
517 512 660 562 παιδὸς
683 517 757 555 τοῦ
779 512 1039 567 Καλλιμάνου
1063 513 1188 569 ἀρχῇ,
1235 507 1371 566 καὶῆν
1390 513 1490 568 πρὸς
1513 514 1669 562 ἐλπίδος
1688 512 1761 555 ἆν-

333 582 544 638 δρωθῆναί
570 598 610 623 τε
638 584 779 623 τοῦτον
810 582 876 623 καὶ
902 581 1002 638 πρὸς
1030 581 1155 623 αὐτοῦ
1184 580 1257 630 τὰς
1285 580 1458 634 ἀμοιβὰς
1483 583 1555 635 τῆς
1581 584 1794 623 namna-5

330 651 448 699 θείας
474 649 699 702 ἀντιλαβεῖν
718 650 772 698 εἷς
792 647 945 702 ἡλικίαν
964 647 1172 700 ἐλθόντος,
1211 647 1273 690 ὅτε
1305 650 1501 704 διακρῖναι
1525 645 1686 689 δύναιτο
1713 645 1763 689 ἄν
1805 699 1808 702 ¹

329 721 391 768 τις
421 717 499 759 ἀπὸ
529 716 685 773 φαύλου
714 716 842 773 ἄνδρα
861 715 995 758 καλόν.
1061 717 1142 758 ἐπεὶ
1174 717 1217 758 δὲ
1248 714 1390 758 τούτου
1426 712 1632 771 κακούργῳ
1662 711 1763 770 τύχῃ

327 783 571 840 ἡμάρτομεν,
599 782 800 840 πρόκειται
818 785 860 826 δὲ
880 782 974 838 ἡμῖν
992 782 1233 840 βρεφύλλιον
1252 783 1349 825 ἄλλο
1372 785 1427 832 εἷς
1446 782 1518 837 τὴν
1537 786 1616 824 τῶν
1627 783 1763 823 Βουλ-

328 851 462 909 γάρων
494 850 646 908 ἀρχήν,
682 852 828 902 παντὸς
860 851 910 893 ἂν
941 852 1239 905 ἀνοηταίνοντος
1266 853 1426 906 χείρους
1459 851 1694 906 φανείημεν,
1728 849 1763 890 εἰ

328 919 448 962 πάλιν
476 920 576 976 πρὸς
608 921 853 975 ὁυσπραγίας
879 918 1004 966 ἄλλας
1019 921 1243 974 ἕπιδοιήμεν
1264 917 1430 969 αὐτούς,
1465 918 1677 959 ἀδέσποτοι
1694 915 1817 958 vasso

327 986 458 1031 πάντα
483 989 573 1041 βίον
598 989 786 1030 διατελεῖν
808 985 1034 1043 αἱρούμενοι
1042 1019 1056 1038 ,
1100 985 1177 1043 ὑφ’
1205 981 1253 1029 οὗ
1273 984 1400 1027 πολλά
1420 1002 1461 1028 τε
1483 986 1549 1027 καὶ
1570 985 1690 1038 μείζω
1710 982 1763 1025 τὰ

327 1056 436 1098 δεινὰ
458 1053 613 1112 φύεται.
639 1055 730 1096 ἀλλ’
757 1056 838 1097 ἐπεὶ
861 1053 881 1096 ὃ
901 1055 1089 1108 βασιλεὺς
1108 1053 1203 1109 ἡμῖν
1223 1052 1244 1096 ὃ
1266 1058 1345 1095 τῶν
1359 1052 1564 1106 Ῥωμαίων
1585 1048 1763 1107 προσήγ-

207 1131 238 1165 1³
261 1129 307 1165 42
325 1139 444 1179 γισεν,
475 1125 536 1165 δεῖ
552 1123 661 1179 αὐτῷ
683 1121 849 1172 ἑαυτοὺς
871 1123 1189 1178 ἐγχειρίσασθαι,
1224 1119 1393 1176 δεσπότῃ
1414 1123 1541 1175 πιστῷ
1556 1120 1622 1160 καὶ
1642 1116 1764 1160 εἰδότι

326 1191 455 1247 ἄνδρα
483 1191 555 1245 ἠδὲ
583 1190 704 1232 κακὸν
732 1190 804 1244 ἠδὲ
832 1192 899 1231 καὶ
931 1188 1103 1241 ἐσθλόν,
1151 1190 1217 1231 καὶ
1246 1189 1397 1229 δίκαιον
1420 1187 1460 1228 ἓν
1479 1184 1574 1240 ἡμῖν
1596 1185 1763 1227 ἔκπαλαι

325 1256 474 1312 σχόντι.
542 1255 565 1298 ὅ
593 1273 634 1298 τε
665 1257 742 1312 γὰρ
771 1256 961 1312 ἡμέτερος
982 1262 1116 1312 χῶρος
1145 1260 1195 1311 τῇ
1226 1259 1305 1297 τῶν
1329 1253 1536 1307 Ῥωμαίων
1571 1250 1762 1309 προσήκει
1774 1259 1816 1295 15

324 1325 450 1381 ἀρχῇ·
483 1322 854 1379 πλεονεκτικώτερον
877 1323 953 1379 γὰρ
975 1323 1012 1364 οἳ
1030 1321 1259 1379 Βούλγαροι
1280 1327 1362 1371 τοῖς
1382 1318 1589 1377 πράγμασι
1602 1317 1763 1376 χρησά-

323 1409 434 1447 μενοι
465 1393 531 1433 καὶ
562 1395 635 1433 τοῦ
659 1392 884 1434 Μελενίκου
914 1391 1137 1446 γεγένηνται
1167 1391 1388 1447 ἐγκρατεῖς,
1421 1387 1535 1443 ἡμεῖς
1556 1388 1600 1430 δὲ
1619 1386 1763 1436 πάντες

322 1461 365 1502 ἐκ
389 1456 744 1508 Φιλιππουπόλεως
763 1456 1000 1514 ὁρμώμεθα,
1033 1460 1209 1515 καθαροὶ
1229 1457 1274 1499 τὸ
1297 1457 1407 1513 γένος
1418 1455 1619 1509 Ῥωμαῖοι.
1688 1453 1762 1496 δίλ-

322 1532 403 1577 λως
421 1544 463 1569 τε
485 1528 550 1569 καὶ
571 1525 591 1567 ὃ
610 1531 688 1569 τῶν
704 1525 910 1580 Ῥωμαίων
930 1526 1119 1579 βασιλεὺς
1137 1527 1303 1580 ἀληθῶς
1323 1527 1389 1566 καὶ
1407 1525 1448 1566 ἓν
1469 1522 1564 1577 ἡμῖν
1583 1525 1760 1564 δικαιοῦ-

321 1611 401 1646 ται,
435 1596 502 1636 καὶ
527 1597 560 1636 εἰ
583 1592 833 1650 Βουλγάροις
853 1592 1142 1650 προσήκοιμεν·
1179 1592 1199 1634 ὅ
1222 1593 1300 1648 γὰρ
1324 1591 1411 1640 υἱὸς
1428 1589 1570 1632 τούτου
1592 1591 1658 1631 καὶ
1678 1593 1815 1643 ,θα-ΞΟ

320 1662 452 1711 σιλεύς
480 1660 691 1717 Θεόδωρος
710 1666 768 1718 τῷ
786 1665 950 1715 βασιλεῖ
964 1666 1043 1703 τῶν
1062 1658 1306 1715 Βουλγάρων
1324 1662 1381 1715 τῷ
1396 1658 1517 1700 Ἀσάν
1535 1655 1759 1711 κεκήδευτο,

268 1740 299 1774 Β
324 1732 389 1771 καὶ
408 1733 477 1770 νῦν
500 1727 525 1782 ἦ
547 1732 619 1770 τοῦ
641 1730 838 1781 βασιλέως
868 1733 941 1769 τοῦ
953 1729 1074 1771 Ἀσὰν
1098 1726 1281 1783 θυγάτηρ
1303 1724 1329 1780 ἦ
1351 1723 1516 1780 σύζυγος
1536 1728 1608 1766 τοῦ
1627 1722 1760 1766 τοιού-

318 1814 391 1839 του
416 1796 614 1850 βασιλέως
644 1796 832 1838 δέσποινα
860 1795 971 1852 παρὰ
989 1794 1199 1850 Ῥωμαίοις
1229 1795 1296 1836 καὶ
1319 1793 1400 1836 ἔστι
1423 1794 1488 1834 καὶ
1513 1789 1759 1846 ὀνομάζεται.

410 1933 455 1971 14
473 1930 543 1978 ἠδὲ
564 1932 702 1978 κακὸν]
720 1931 811 1978 ἠμὲν
831 1930 976 1968 κακὸνῖ

316 2057 439 2091 bantur
454 2056 687 2102 deprehensis,
723 2068 763 2091 ac
787 2056 922 2101 cognito
949 2067 986 2090 se
1010 2066 1111 2101 posse
1131 2054 1325 2101 imperatori
1347 2053 1509 2101 promissa
1523 2052 1706 2098 perficere,
1729 2053 1760 2087 si

317 2103 536 2136 multitudinis
552 2103 715 2147 potiorem
733 2107 862 2147 partem
876 2102 908 2135 in
924 2102 1121 2135 sententiam
1137 2111 1228 2135 suam
1242 2100 1412 2141 traxisset,
1436 2100 1478 2132 ab
1495 2098 1634 2132 occultis
1650 2098 1759 2131 collo·-

342 2147 402 2180 uiis
418 2158 494 2182 sese
509 2148 683 2181 retrahens
699 2149 810 2192 palam
826 2148 975 2181 omnibus
990 2146 1085 2180 utilia
1101 2146 1222 2189 edixit,
1243 2142 1367 2190 “pueri
1383 2140 1583 2178 Callimani’'
1604 2143 1757 2187 inquiens

316 2188 325 2201 ‘
348 2192 537 2236 principatu
551 2192 665 2236 iniqua
680 2193 832 2237 perpessi
846 2203 969 2234 sumus,
993 2203 1034 2226 ea
1049 2196 1160 2224 tamen
1174 2203 1245 2236 spe,
1267 2200 1339 2234 nos,
1362 2189 1390 2223 si
1403 2200 1488 2235 puer
1502 2189 1537 2222 in
1551 2187 1658 2221 virum
1674 2199 1758 2222 eva-

316 2235 437 2279 sisset,
467 2241 583 2270 tantae
608 2238 805 2275 tolerantiae
820 2237 967 2282 praemia
982 2241 1177 2281 recepturos
1189 2261 1199 2277 ‚
1232 2239 1407 2280 postquam
1422 2234 1479 2267 ille
1493 2236 1640 2267 aetatem
1655 2232 1755 2276 illam,

317 2291 405 2325 quae
420 2280 529 2313 virum
545 2281 683 2325 probum
699 2294 720 2315 a
736 2282 818 2315 malo
835 2293 1008 2315 secernere
1023 2285 1147 2325 potest,
1171 2280 1349 2324 attigisset.
1395 2278 1454 2312 sed
1474 2289 1547 2312 cum
1561 2278 1596 2311 id
1611 2277 1756 2312 adversa

315 2327 453 2360 fortuna
477 2325 678 2359 amiserimus
691 2351 701 2367 ‚
731 2333 765 2359 et
788 2327 967 2360 infantulus
986 2327 1070 2360 alius
1093 2326 1137 2359 ad
1158 2325 1323 2369 regendos
1338 2323 1501 2368 Bulgaros
1517 2327 1755 2368 praeponatur,

317 2370 407 2404 omni
421 2370 522 2405 stulto
538 2371 708 2404 stultiores
725 2382 883 2412 essemus,
906 2372 933 2404 si
951 2371 1026 2405 aliis
1041 2381 1170 2404 rursum
1185 2369 1372 2403 infortuniis
1388 2369 1607 2412 nosmetipsos
1622 2367 1754 2402 dederi-

317 2426 389 2449 mus
400 2440 411 2457 ,
436 2419 593 2459 tanquam
610 2416 666 2459 qui
680 2416 714 2448 in
730 2426 826 2449 omne
841 2427 958 2449 aevum
975 2417 1099 2460 absque
1114 2415 1282 2460 principe,
1304 2426 1342 2447 re
1357 2414 1497 2448 omnium
1513 2412 1755 2458 perniciosissi-

313 2472 387 2503 ma,
417 2460 535 2494 vivere
557 2461 728 2494 vellemus,
773 2461 831 2494 sed
854 2461 985 2504 quando
1001 2461 1223 2494 Romanorum
1248 2459 1431 2503 imperator
1453 2458 1498 2492 ad
1521 2470 1582 2493 nos
1601 2459 1753 2501 accessit,

314 2517 375 2539 nos
399 2505 448 2539 illi
473 2505 540 2539 fido
564 2505 694 2539 domino
718 2508 754 2539 et
774 2506 881 2539 virum
903 2506 1042 2550 probum
1061 2516 1101 2538 ac
1115 2505 1233 2538 malum
1249 2504 1374 2549 optime
1389 2503 1602 2548 cognoscenti
1616 2503 1754 2537 tradere

314 2551 484 2584 debemus.
529 2550 604 2595 ipse
618 2551 668 2584 ius
682 2551 724 2584 ab
739 2550 874 2595 antiquo
888 2550 921 2584 in
936 2561 997 2583 nos
1012 2550 1142 2583 obtinet
1152 2574 1161 2590 ‚
1194 2550 1288 2584 locus
1310 2549 1469 2594 siquidem
1487 2549 1541 2582 hic
1556 2551 1673 2582 noster
1689 2548 1754 2582 im-

313 2595 398 2642 perii
413 2596 555 2629 Romani
578 2600 644 2631 est.
690 2596 830 2640 Bulgari
853 2607 933 2628 vero
959 2595 1074 2628 alienis
1099 2595 1242 2629 avaritia
1265 2595 1371 2640 raptis
1394 2594 1594 2629 Melenicum
1620 2603 1753 2646 quoque

312 2645 529 2686 occuparunt.
553 2652 613 2675 nos
630 2652 743 2675 omnes
759 2653 801 2675 ex
815 2640 1039 2685 Philippopoli
1055 2640 1121 2673 orti
1135 2639 1316 2685 primordia
1329 2651 1462 2684 quoque
1476 2639 1609 2684 generis
1625 2637 1750 2682 liquido

311 2685 459 2720 ducimus
485 2698 526 2720 ex
554 2686 723 2720 Romanis.
769 2686 943 2731 quinimmo
968 2690 1002 2719 et
1025 2685 1246 2719 Romanorum
1270 2685 1452 2730 imperator
1463 2712 1474 2728 ,
1509 2684 1589 2718 licet
1611 2681 1751 2726 Bulgari

310 2742 473 2774 essemus,
496 2732 547 2765 ius
562 2736 674 2765 tamen
688 2731 722 2765 in
737 2743 796 2765 nos
813 2732 932 2765 habet:
964 2730 1051 2764 filius
1067 2730 1188 2775 quippe
1203 2730 1289 2764 illius
1306 2735 1340 2764 et
1352 2730 1534 2775 imperator
1550 2727 1750 2762 Theodorus

309 2787 383 2810 cum
402 2778 512 2810 Asano
529 2776 748 2820 Bulgarorum
764 2777 914 2822 principe
929 2776 1095 2810 affinitate
1109 2775 1337 2819 coniungitur,
1374 2781 1410 2810 et
1429 2786 1517 2808 nunc
1540 2773 1630 2816 regis
1643 2771 1750 2806 Asani

309 2821 379 2856 filia
400 2821 533 2856 domina
553 2832 573 2855 u
590 2822 747 2858 Romanis
770 2825 980 2868 nuncupatur
1005 2825 1041 2857 et
1064 2823 1126 2856 est.
1171 2820 1222 2856 his
1236 2821 1353 2865 itaque
1368 2820 1520 2855 omnibus
1534 2819 1638 2855 verba
1653 2817 1749 2851 lucu-
