1864 3242
0 1267 9 1316 ‚vv
0 1235 5 1253 .-
0 1122 8 1224 .-Π,.-.,,

0 1494 12 1618 -.-.v.‚‚-‹
0 1446 5 1461 Α.
0 1347 6 1419 .-η-Α

513 146 910 192 AGROPOLITAM
942 146 1144 191 NOTAE.
1450 142 1548 192 249

103 255 534 310 Privilog.pat1iarch.
595 255 690 295 vide
722 256 886 295 Meursii
923 227 1168 296 Glossarium
1195 256 1240 294 in
1267 251 1549 308 moniaci-og.

11 307 14 311 ’
59 318 67 323 “
104 312 365 354 hamunde
381 313 610 382 privilegiis
618 313 892 364 Bulgarorum.
930 326 1154 364 pergamus.
1209 314 1371 351 DousA.

169 383 257 422 ··P
245 371 323 413 .36
336 383 376 408 v·
386 372 456 411 20.
511 365 757 422 αὐτόνομος]
788 368 838 406 de
854 372 1081 408 autonomia
1099 367 1383 421 archiepiscopi
1399 368 1550 420 Bulga-

105 426 202 464 riae
210 427 327 477 plura
353 425 538 465 diximus
556 427 601 464 in
624 432 872 478 syntagmate
897 433 1031 464 nostro
1059 425 1108 464 de
1134 432 1324 478 perpetua
1344 427 1549 478 utriusque

106 482 315 531 ecelesiae,
344 481 608 522 Occidentalis
625 489 667 520 et
684 483 915 531 Orientem,
945 485 1201 522 consensione
1217 482 1288 520 lib.
1311 485 1347 522 1.
1391 484 1494 520 Am..

215 541 331 590 pum
357 552 398 578 v.
422 542 459 580 1.
515 534 876 591 σεβαστοκρᾶτορας
905 535 1098 591 μεγάλους
1122 554 1164 580 τε
1191 531 1471 590 δομέστίκους]
1501 537 1551 576 de

103 593 172 635 his
198 593 456 646 dignitatibus
480 596 640 634 consule
664 596 910 635 Glossarium
930 597 1094 634 Meursii
1109 598 1153 634 in
1170 591 1493 649 σεβαστοκροῖτωρ
1514 601 1553 633 et

20 644 22 646 V
92 649 343 705 -δομέοτικοςι
398 653 562 691 ΒουεΑ.

200 706 273 745 ib.
293 721 337 746 v.
351 710 394 749 2.
450 704 683 760 σ’φφικίων]
711 720 792 746 vox
807 708 952 747 iterum
967 708 1324 757 Latino-Graeca,
1354 703 1554 758 σ’φφίκιον

104 763 304 815 officium,
342 765 471 817 qualis
501 778 622 831 supra
647 763 668 806 ὁ
697 760 858 817 hydros·
886 765 1042 816 legatus
1052 793 1069 811 ‚
1109 771 1148 802 et
1179 764 1283 802 infra
1315 762 1556 816 κομμέρκιον

105 821 397 867 commercium,
425 834 646 874 ‘monetae
657 827 848 872 potestas,
877 828 917 860 et
933 828 1084 860 caetera
1101 822 1183 860 suis
1199 821 1298 859 locis
1315 818 1554 859 annotanda.

103 875 213 916 vide
218 877 472 916 Glossarium
480 878 874 916 Meursii.1)ovsi.

216 932 422 975 ib.v.16.
479 933 522 974 οἱ
547 930 926 988 σεβαστοκράτορες]
959 931 1165 972 historiam
1196 933 1283 971 fuse
1303 932 1556 984 prosequitur

105 989 301 1041 Gregoras
316 1002 357 1041 p.
378 989 433 1032 25
463 990 661 1030 1·A1.1..

218 1044 276 1083 ib
293 1058 334 1082 v·
354 1047 424 1086 22
481 1043 507 1086 ὅ
524 1043 596 1098 μὲν
614 1039 689 1086 ουν
705 1041 906 1096 βασιλευς]
935 1042 1029 1082 hino
1046 1044 1250 1096 pelluntur
1264 1046 1436 1096 ineptiae
1452 1059 1557 1097 pene

106 1101 232 1140 aniles
259 1101 527 1150 Volaterrani,
558 1115 656 1154 quas
682 1102 751 1138 ille
774 1103 972 1139 maximas
991 1103 1073 1152 agit
1092 1101 1161 1141 lib.
1179 1103 1257 1142 23:
1286 1104 1453 1140 Ioannes
1474 1104 1556 1139 Ba·-

106 1163 230 1196 tatzes
256 1157 372 1208 apud
394 1158 644 1208 Zacynthum
665 1159 821 1208 imperii
842 1157 1003 1195 titulum
1021 1165 1129 1194 extra
1140 1159 1322 1208 patriam
1339 1172 1466 1195 annos
1486 1159 1558 1194 tri-

101 1215 223 1266 ginta
237 1220 440 1265 ,quattuor
474 1215 611 1252 tenuit.
672 1213 769 1252 kuic
787 1214 909 1263 filius
946 1213 1169 1252 Theodorus
1196 1214 1389 1252 Lascaris
1416 1227 1558 1251 nomen

105 1271 177 1309 avi
203 1270 376 1308 materni
399 1269 572 1321 reserens·
586 1270 692 1322 suit.
752 1283 869 1321 quem
898 1270 1069 1308 Ioannes
1098 1283 1118 1307 e
1148 1271 1232 1307 vita
1261 1271 1448 1308 decedens
1466 1271 1556 1307 Ma·-

105 1326 238 1364 chaeli
264 1325 526 1378 Palaeologo‚
553 1327 638 1364 viro
662 1327 707 1364 in
732 1327 856 1364 armis
878 1333 1051 1372 strenuo,
1080 1339 1157 1377 quo
1186 1326 1285 1363 duce
1317 1333 1352 1363 et
1378 1326 1554 1363 admini-

105 1390 270 1421 stratore
301 1381 503 1430 utebatur,
530 1382 831 1421 commendavit.
891 1382 962 1420 ille
980 1382 1152 1432 expulsis?
1170 1383 1349 1429 latinis,
1371 1382 1556 1433 pupillo-

106 1453 187 1492 que
213 1438 431 1477 luminibus
451 1438 587 1477 orbato
609 1446 647 1476 et
662 1441 706 1478 in
726 1452 920 1478 carcerem
942 1440 1131 1485 coniecto,
1158 1440 1368 1490 imperium
1391 1438 1469 1476 sibi
1480 1452 1557 1489 per

106 1496 222 1548 nesae
241 1496 476 1534 vindicavit.
534 1498 717 1534 Batatzes
741 1497 911 1534 Nicaeae
935 1497 1149 1546 imperium
1171 1498 1299 1532 tenuit
1322 1503 1360 1533 et
1382 1494 1557 1533 admini-

105 1554 266 1601 stravit,
294 1565 375 1590 non
390 1551 605 1604 Zacynthi,
635 1565 756 1605 quem
774 1552 897 1590 oculis
917 1552 1020 1600 suis,
1052 1551 1148 1589 dum
1165 1553 1333 1603 imperio
1352 1553 1556 1603 potiretur,

104 1607 227 1658 vidit,
256 1622 332 1646 neo
351 1610 496 1648 intueri
513 1610 640 1647 licuit.
696 1621 902 1660 nunquam
916 1610 1098 1646 Batatzes
1114 1607 1301 1646 Miohaeli
1317 1609 1557 1659 Palaeologo

105 1663 367 1716 Theodorum
399 1665 714 1713 commendavit,
750 1678 881 1717 neque
911 1663 1170 1702 Theodorum
1199 1665 1326 1703 filium
1354 1667 1558 1713 Ioannem,

106 1721 180 1760 sed
202 1720 439 1760 Theodorus
456 1723 630 1761 moriens
654 1722 781 1758 filium
802 1734 918 1759 suum
945 1723 1135 1759 Ioannem
1161 1722 1331 1772 Georgio
1359 1722 1561 1759 Muzaloni

106 1785 148 1816 et
169 1779 336 1816 Arsenio
355 1777 613 1829 patriarchae.
657 1778 886 1816 obtruncato
909 1776 1052 1815 deinde
1070 1779 1280 1815 Muzalone
1299 1778 1405 1817 filius
1420 1777 1561 1816 Theo-

107 1834 195 1873 dori
220 1837 388 1873 Ioannes
417 1835 466 1873 ab
493 1836 659 1873 Arsenio
685 1841 723 1872 et
745 1836 927 1872 universo
952 1841 1092 1872 senatu
1113 1833 1301 1872 Michaeli
1321 1835 1560 1884 Palaeologo

106 1890 406 1929 commendatus
431 1898 504 1929 est.
561 1892 708 1928 falsum
734 1897 792 1928 est
813 1897 1015 1942 praeterea
1037 1893 1241 1929 Batatzem
1263 1890 1458 1928 Michaele
1478 1892 1561 1928 Pa-

104 1948 288 1998 laeologo
319 1946 419 1985 duce
449 1955 488 1986 et
517 1946 832 1985 administratore
858 1960 977 1984 usum
1003 1948 1149 1996 fuisse,
1180 1946 1287 2000 quod
1310 1949 1563 1985 verissimum

105 2005 226 2042 fuerit
245 2003 294 2041 de
315 2003 544 2042 Andronico
564 2005 803 2054 Palaeologo
821 2002 1028 2041 Michaelis
1043 2010 1168 2055 patre.
1226 2005 1295 2055 qui
1314 2002 1476 2041 tandem
1494 2004 1563 2040 lu-

105 2060 280 2098 minibus
299 2061 456 2099 orbatus
475 2067 536 2098 est
558 2073 581 2098 a
602 2061 842 2111 Palaeologo
855 2089 865 2108 ,
894 2073 976 2097 non
995 2060 1071 2098 fuit
1092 2061 1179 2111 ipse
1201 2059 1461 2108 Theodorus,
1491 2058 1563 2098 sed

106 2117 213 2156 filius
237 2115 449 2156 *Theodori
482 2120 672 2166 Ioannes,
701 2129 780 2169 quo
808 2117 878 2153 ille
899 2117 1053 2168 pupillo
1074 2115 1308 2155 decesserat.
1365 2115 1563 2155 hunccine

105 2172 313 2213 hominem
349 2175 469 2212 tantis
510 2172 749 2214 delectatum
777 2186 862 2212 esse
897 2174 1015 2225 nugis
1045 2174 1088 2211 iu
1119 2173 1369 2226 paucissimis
1400 2171 1560 2212 verbis?

107 2231 211 2268 Am„

219 2285 274 2324 ib.
333 2285 507 2325 Michael
532 2285 600 2325 hio
631 2285 958 2338 archistrategus,
1001 2285 1063 2324 cui
1089 2286 1132 2324 in
1160 2287 1414 2324 Poemaneno
1446 2297 1470 2322 a
1496 2286 1562 2322 Io·-

109 2342 242 2381 hanne
270 2344 430 2382 Batatze
458 2345 698 2382 Graecorum
724 2345 822 2395 imp.
845 2343 1039 2395 templum
1057 2349 1302 2381 exstructum
1320 2341 1415 2379 dicit
1428 2343 1563 2392 Loga-

110 2398 243 2447 theta,
277 2406 336 2437 est
366 2399 537 2438 Michael
562 2399 842 2452 archangelus,
873 2402 983 2438 cuius
1012 2399 1119 2451 apud
1146 2400 1317 2437 Graecos
1340 2398 1467 2436 multa
1490 2411 1563 2435 ve-

109 2457 261 2494 neratio
289 2461 349 2493 est
374 2469 597 2511 magnoque
627 2459 669 2495 in
698 2456 847 2495 honore
869 2459 954 2495 eius
971 2457 1178 2494 memoria.
1235 2454 1341 2493 hunc
1358 2457 1430 2494 τοῦ
1451 2449 1563 2505 α’ρχι-

109 2507 330 2566 στρατήγου
358 2515 518 2552 nomine
552 2514 729 2552 afficiant
757 2515 897 2552 Graeci
929 2514 1042 2565 quasi
1076 2513 1296 2564 principem
1318 2511 1564 2561 Angelorum

110 2576 152 2606 et
192 2569 372 2607 caelestis
405 2571 571 2608 militiae
610 2570 766 2609 ducem.
829 2569 1002 2609 Michael
1028 2570 1173 2620 Glycas
1203 2565 1564 2618 Anna1.part.4:

109 2626 300 2677 quoniam
320 2626 416 2675 imp.
430 2626 613 2664 Basilius
623 2627 866 2666 Mchaelem
879 2627 997 2664 illum
1020 2625 1276 2662 temulentum
1295 2623 1564 2675 interfecerat,

102 2681 305 2732 placandi
329 2681 394 2718 dei
420 2696 542 2722 causa
564 2685 699 2722 multis
713 2698 791 2735 per
809 2683 946 2722 urbem
966 2683 1060 2720 locis
1086 2695 1211 2719 novas
1235 2680 1350 2718 aedes
1370 2679 1567 2717 Michaeli

104 2738 286 2788 principi
315 2739 519 2788 copiarum
551 2741 778 2778 caelestium
809 2741 904 2777 duci
933 2739 1133 2776 exstruxit.
1193 2738 1433 2775 Emmanuel
1467 2737 1566 2786 imp.

110 2795 276 2833 Novella
306 2793 356 2832 de
384 2796 520 2835 seriis:
547 2797 769 2847 feriamur,
799 2797 950 2849 inquit,
987 2801 1099 2833 sexta
1131 2793 1387 2846 Septembris,
1428 2789 1487 2835 ὅτι
1523 2793 1567 2836 ἐν
