1864 3242
545 134 943 186 AGROPOLITAM
975 133 1174 177 NOTAE.
1476 129 1572 174 263

127 246 162 290 is
180 257 204 283 a
225 250 338 298 patre
365 245 522 284 vivente
548 257 628 284 non
656 244 876 297 appellatus
899 242 1286 293 fueratimperator‚
1316 252 1362 278 eo
1389 237 1572 277 defuncto

127 301 329 341 communi
355 302 474 344 totius
498 302 695 345 exercitus
724 312 918 339 consensu
936 311 982 337 ac
999 298 1194 336 nobilium
1207 297 1393 343 omnium
1414 308 1459 332 ac
1478 308 1574 346 pro-

18 388 19 391 *
81 395 84 399 ,
126 369 264 404 cerum
297 369 487 401 concursu
518 360 734 410 imperator
769 357 982 394 salutatur:
1025 354 1227 393 constabat
1257 354 1363 392 enim
1386 355 1577 391 Ioannem

123 413 277 459 nemini
296 415 477 453 omnium
501 416 579 453 nisi
607 413 690 452 filio
716 414 928 464 imperium
948 411 1171 464 relinquere
1187 410 1381 460 voluisse,
1411 407 1517 462 quod
1537 414 1576 446 et

123 470 215 523 pius
236 477 340 510 esset
359 472 402 508 in
419 471 564 510 liberos
583 477 623 510 et
640 471 793 513 nemini
811 470 924 508 alteri
947 467 990 506 id
1012 467 1238 506 destinaret.
1298 479 1419 520 quare
1443 471 1577 504 autem

124 525 254 564 filium
269 527 408 566 vivens
426 528 538 566 nullo
556 525 676 572 modo
695 525 902 577 designare
918 525 1100 572 voluerit,
1129 523 1306 576 pluribus
1325 523 1577 576 prosequitur

125 582 320 633 Gregoras
341 583 412 621 lib.
434 587 481 634 8,
518 585 588 637 qui
608 582 762 622 subdit:
802 576 1065 634 οἷνηγορεύετο
1084 576 1129 621 δ’
1152 576 1320 632 ὕστερον
1342 575 1443 631 παρ’
1464 578 1577 620 ἕκόν-·

123 653 205 679 τῶν
221 640 304 679 τοῖν
317 635 512 692 ὖπηκόων
529 635 719 681 ἇπᾶντων
736 637 956 688 καθεσθεὶς
975 632 1034 679 ἐπ’
1055 633 1224 685 ἀσπίδος
1242 634 1341 677 κατά
1361 635 1404 677 τό
1426 635 1470 678 ἔν
1487 633 1575 676 τοι(-

124 709 208 744 τοις
222 693 461 747 ‘maumonii'
481 695 578 746 ἔτος.
634 697 737 734 Au..

123 809 150 849 3
220 763 276 844 ἕ·
301 751 384 794 112
404 765 443 791 v·
460 755 500 796 7.
557 748 720 807 ἐχήρευε
748 753 821 792 τοῦ
849 747 1207 804 πατριαρχοῦντος]
1237 750 1430 800 Gregoras
1458 762 1497 801 p.
1521 748 1574 791 55

153 833 165 845 .
258 819 323 845 u..

234 861 291 901 ib.
323 877 362 901 v.
391 865 456 905 11.
513 866 676 911 πολλοῖς
701 862 764 904 ἐπὶ
799 864 857 917 τῷ
881 858 1122 917 Βλεμμύδῃ]
1153 862 1345 913 Gregoras
1373 874 1414 911 p.
1450 859 1503 901 55
1533 862 1573 900 7.

123 919 351 971 Acropolita
369 920 597 966 Manuelem
625 926 740 958 vocat
766 917 1030 970 patriarcham
1057 918 1328 968 demortuum,
1381 918 1574 967 Gregoras

123 975 389 1014 Germanum:
419 974 492 1018 sed
514 975 563 1014 de
582 974 646 1014 his
662 989 736 1013 nos
759 975 854 1013 alibi
874 976 1040 1025 egimus.
1095 976 1197 1012 Au..

233 1044 276 1082 p.
295 1032 374 1073 113
392 1044 431 1071 v.
448 1035 488 1074 7.
545 1027 715 1085 μοναχόν
731 1035 834 1078 τινα]
867 1032 1058 1081 Gregoras
1074 1044 1114 1081 p.
1134 1030 1187 1071 55
1218 1032 1284 1072 13.
1340 1031 1442 1067 Am„

233 1085 288 1124 ib.
311 1100 350 1126 v-
374 1088 440 1130 13.
495 1086 540 1129 ἐν
557 1091 631 1144 μιᾷ
647 1085 854 1140 ἓβδομοῖδι]
885 1085 1002 1124 huius
1020 1086 1308 1124 ordinationem
1328 1099 1400 1136 per
1418 1083 1571 1122 hebdo-

120 1141 284 1182 madam
297 1143 540 1193 absolutam,
581 1147 639 1182 uti
661 1158 740 1182 non
769 1145 826 1180 ita
850 1144 1037 1181 usitatam
1062 1144 1105 1180 in
1132 1155 1177 1180 ea
1207 1143 1371 1179 ecclesia
1388 1170 1398 1189 ‚
1439 1147 1571 1177 narrat

119 1199 360 1250 Acropolita,
387 1198 437 1237 de
456 1212 534 1252 qua
550 1214 622 1239 nos
641 1202 793 1252 egimus
810 1202 852 1237 in
870 1206 1037 1237 tractatu
1057 1197 1105 1236 de
1123 1197 1434 1237 ordinationibus
1446 1198 1571 1234 Grae-

122 1268 270 1294 corum.
326 1257 428 1294 Am..

233 1325 274 1364 p.
295 1310 376 1353 114
397 1325 437 1351 v.
458 1310 499 1354 4.
556 1305 797 1365 ἐξορμήσας]
830 1312 1020 1362 Gregoras
1039 1311 1110 1348 lib.
1133 1314 1158 1352 3
1176 1324 1217 1361 p.
1239 1308 1292 1351 55
1315 1311 1381 1350 23.
1412 1309 1513 1344 Am..

233 1367 290 1405 ib.
313 1374 396 1407 not.
424 1381 463 1406 v.
484 1370 523 1410 6.
581 1369 725 1420 μνίκα]
757 1370 812 1405 ita
841 1374 1035 1406 contracte
1061 1365 1128 1407 καὶ
1159 1363 1443 1417 ἐπικεχυμένως
1470 1365 1568 1400 scri—

123 1430 238 1476 ptum
265 1425 309 1462 in
341 1437 464 1463 manu
489 1431 649 1462 exarato
676 1422 832 1473 codice,
881 1422 988 1476 quod
1012 1424 1054 1460 in
1079 1423 1258 1461 versione
1289 1418 1573 1460 resolvendum

121 1481 260 1532 putavi
275 1481 318 1518 in
337 1481 577 1530 Μελένικον,
604 1479 858 1518 Μείεηὶοιιηι.
921 1478 970 1516 de
999 1492 1076 1531 quo
1099 1478 1269 1516 dubitari
1294 1490 1374 1514 non
1401 1481 1566 1526 oportet.

122 1543 183 1577 est
202 1543 336 1574 autem
352 1535 576 1584 Μελένικος
597 1538 731 1574 civitas
749 1550 830 1574 non
848 1537 965 1585 longe
981 1548 1004 1572 a
1022 1533 1319 1572 Thessalonica.
1376 1531 1567 1581 Georgius

122 1592 324 1631 Gedrenus
339 1595 383 1631 in
397 1594 545 1631 Basilio
562 1594 863 1644 Bulgaroctono,
894 1593 963 1644 qui
983 1591 1084 1628 circa
1102 1603 1251 1628 annum
1271 1590 1376 1630 1010
1395 1588 1570 1638 impera-

122 1651 192 1699 vit,
223 1648 320 1687 dicit
341 1651 620 1701 imperatorem
637 1650 769 1690 ἐλθεῖν
790 1649 846 1695 εἰς
865 1646 912 1688 w?
932 1643 1125 1700 Ζαγόρια,
1160 1645 1264 1693 ἔνθα
1289 1641 1332 1689 τὸ
1359 1643 1448 1683 λίαν
1479 1638 1571 1693 ὄχν-

121 1702 296 1759 ρῶτατον
314 1706 470 1759 ἵδρυται
487 1702 684 1758 φρούριον
703 1704 727 1745 o‘
741 1703 983 1751 ΙῑΙελένικος,
1022 1705 1170 1740 venis-se
1193 1702 1251 1739 ad
1269 1701 1443 1752 Zagoria
1456 1727 1471 1743 ‚
1501 1697 1571 1734 ubi

121 1763 166 1800 in
191 1762 308 1814 longe
329 1763 636 1800 munitissimum
653 1761 859 1799 castellum
884 1761 1039 1797 nomine
1058 1759 1300 1797 Melenicum
1321 1755 1573 1807 confugerint

122 1819 302 1870 Balgari
312 1847 327 1864 ‚
365 1820 409 1856 in
427 1832 522 1856 saxo
539 1820 659 1856 situm
678 1832 728 1855 ac
740 1817 987 1868 pretet-zpitiis
1003 1829 1053 1852 ac
1071 1814 1247 1852 vallibus
1266 1813 1473 1850 altissimis
1495 1824 1571 1846 ιιη-

121 1875 241 1926 dique
261 1876 446 1913 cinctum.
508 1871 667 1928 Ζαγοροῖ
687 1872 716 1925 ἦ
738 1874 879 1913 Μυσία
902 1874 1057 1924 Myffl,
1087 1872 1155 1910 ubi
1176 1874 1350 1908 Haemus
1371 1881 1498 1913 mons,
1530 1874 1571 1902 ut

123 1938 182 1970 est
202 1930 308 1982 apud
327 1933 518 1970 Nicetam.
575 1932 737 1969 DousA.

232 2001 272 2039 p-
294 1989 372 2028 130
387 2002 424 2026 v·
437 1990 476 2028 2.
505 1983 768 2037 Βατκούνιον]
787 1987 945 2023 Nicetas
963 1978 1213 2025 Βακτούνιον
1231 1981 1376 2020 scribit.
1407 1980 1567 2015 DousA.

236 2043 290 2082 ib.
318 2052 401 2082 not.
428 2058 466 2082 v.
494 2044 534 2085 4.
589 2043 913 2096 πρωτοσὲβαστον
931 2039 998 2080 καὶ
1015 2034 1395 2092 πρωτοβεστιοὶριον]
1428 2034 1476 2072 de
1505 2032 1568 2070 his

122 2099 378 2152 dignitatibus
408 2100 694 2139 consulendum
722 2113 806 2137 esse
827 2098 1072 2135 Glossarium
1092 2096 1255 2132 Meursii
1274 2106 1391 2144 supra
1410 2091 1568 2129 monui—

120 2171 224 2196 mus.
279 2158 440 2195 Dousis.

231 2212 284 2251 ib.
314 2221 397 2251 not.
431 2227 468 2251 v.
498 2212 538 2254 5.
604 2211 726 2265 μέγαν
754 2205 1115 2263 στρατοπεδάρχην]
1164 2212 1334 2259 quantae
1366 2203 1569 2254 dignitatis

121 2271 240 2307 fuerit
258 2283 430 2322 maguus
445 2267 784 2320 stratopeclarclza,
808 2265 980 2305 ostendit
996 2264 1104 2302 idem
1125 2263 1319 2300 Meursius
1337 2262 1379 2298 in
1397 2260 1569 2298 exactis—

122 2328 223 2364 simo
245 2339 375 2378 opere.
431 2328 529 2364 item
547 2328 634 2379 quis
653 2338 826 2375 magnus
846 2323 1078 2360 domesticus
1105 2327 1143 2357 et
1160 2324 1438 2370 protostrator,
1468 2327 1569 2367 quae

122 2382 243 2420 officii
273 2384 433 2420 nomina
465 2396 563 2421 mox
591 2383 906 2434 subsequuntur,
946 2378 1090 2416 nullibi
1120 2377 1263 2414 melius
1285 2387 1405 2426 quam
1427 2373 1482 2409 ibi
1506 2369 1568 2407 diu

121 2453 219 2477 sces.
275 2439 435 2477 DOUSA.

234 2494 289 2532 ib·
323 2501 405 2532 not.
433 2509 472 2533 v.
501 2498 539 2536 6.
598 2491 1001 2547 πρωτοβεστιαρίτηυ]
1053 2488 1285 2526 differebant
1313 2485 1502 2535 dignitate
1532 2488 1570 2518 et

123 2565 286 2590 munere
308 2550 332 2591 ό
351 2547 705 2604 πρωτοβεστιᾶριος
726 2557 763 2586 et
780 2547 801 2589 ὁ
819 2547 1214 2600 πρωτοβεστιαρίτης.
1273 2543 1434 2588 clarum,
1465 2551 1568 2583 ecce,

126 2622 181 2645 ex
203 2607 278 2645 hoc
305 2608 415 2655 loco,
452 2615 490 2645 et
516 2614 746 2646 annotatum
776 2607 855 2642 iam
886 2612 974 2641 ante
1006 2616 1057 2639 ex
1087 2599 1236 2637 Oodino
1265 2600 1310 2637 V.
1334 2599 1377 2635 C.
1403 2594 1569 2634 Iohanni

123 2665 308 2702 Meursio.
366 2663 457 2701 vide
478 2665 719 2702 Glossarium
741 2665 779 2699 iu
801 2657 1037 2714 βεστιάριον.
1095 2659 1255 2693 DousA.
1465 2656 1468 2658 ’

234 2734 273 2770 p.
307 2720 383 2759 131
415 2734 452 2757 v.
486 2723 552 2760 21.
609 2716 762 2771 πολλὴν
802 2713 1083 2769 συλλεξάμενος
1121 2707 1334 2766 στρατιάν]
1377 2710 1570 2757 Gregffl'sss

122 2778 191 2814 lib.
212 2779 237 2818 ὃ
262 2789 302 2827 p·
321 2776 374 2818 56
405 2779 443 2819 9.
490 2778 589 2814 Au„
