1872 3236
245 857 276 893 B

253 1751 284 1786 C

297 201 390 247 118
632 230 634 234 >
677 198 1048 246 CONSTANTINI
1087 200 1351 247 MANASSIS

427 313 546 356 πλέον
566 312 767 371 ἐπέραινεν
785 313 915 367 οὐδέν,
946 314 1135 369 τεχνᾶταί
1147 332 1184 359 τι
1204 319 1399 369 τοιοῦτον,

427 380 590 438 θηρεύει
608 399 650 424 τε
673 382 743 424 τὸν
764 382 941 440 ἀδελφὸν
958 383 1132 433 ἀστείαις
1153 384 1354 435 ἐπινοίαις.

425 448 638 492 πλάττεται
657 448 813 507 χάρτην
834 449 889 501 ὡς
908 451 1032 494 αὐτοῦ
1054 453 1180 506 δῆθεν
1201 456 1274 494 τοῦ
1292 451 1490 507 βασιλέως

427 518 568 559 οῗκέτιν
584 517 847 575 χαριζόμενον
871 519 974 576 αὐτῇ
991 519 1063 574 τὴν
1081 521 1289 574 βασιλίδα.

291 589 402 629 2720
426 587 566 627 δίδωσι
588 590 729 629 τοῦτον
749 588 959 646 τάδελφῷ,
995 590 1118 630 δεῖται
1137 592 1211 630 τοῦ
1230 587 1430 642 βασιλέως

426 654 728 709 ἐνσημανθῆναι
751 656 824 711 τὴν
842 655 1003 713 γραφὴν
1025 654 1235 712 γράμμασι
1254 658 1484 709 βασιλείοις.

428 719 450 763 ὃ
471 722 544 777 μὲν
564 722 766 766 ἐπένευσεν
787 724 891 781 αὐτῇ
911 728 1040 767 ταῦτα
1063 724 1308 780 λιταζομένῃ,

428 791 495 831 καὶ
517 793 690 844 καλαμὶς
712 792 753 833 ἓν
773 799 862 842 ταῖς
881 794 1019 848 χερσὶν
1042 792 1165 842 εὐθὺς
1184 796 1256 834 τοῦ
1272 791 1492 846 βασιλέως,

428 859 495 899 καὶ
518 858 861 915 πορφυρόβαπτος
880 862 1029 916 γραφὶς
1049 860 1118 902 τὸν
1135 857 1290 917 χάρτην
1309 861 1540 904 {mo-roffio·

291 925 402 968 2725
429 923 454 980 ἡ
480 926 522 968 δὲ
545 926 590 968 τὸ
610 925 780 984 γράμμα
803 929 1011 983 σημανθέν
1032 926 1086 978 ὡς
1105 929 1269 985 ἕρμαιον
1286 931 1486 981 λαβοῦσα,

429 992 484 1044 ὡς
505 993 652 1050 δούλην
671 995 953 1053 ἂργυρώνητον
975 993 1080 1038 εἷλκε
1103 996 1177 1051 τὴν
1193 997 1400 1050 βασιλίδα.

428 1066 502 1105 τοῦ
528 1063 571 1104 δὲ
592 1066 918 1120 περιυβρίζεσθάι
943 1062 1146 1121 φήσαντος
1169 1065 1231 1106 ἐπὶ
1248 1063 1392 1122 τούτῳ,

430 1130 555 1185 ε’κείνη
581 1131 626 1172 τὸ
648 1134 851 1184 βασίλειον
872 1131 1072 1189 προύφερε
1090 1140 1377 1189 γραμματεῖον,

432 1198 618 1241 κάκεῖθεν
638 1199 766 1255 ἔλεγεν
789 1199 912 1254 αὑτὴν
933 1203 988 1250 εἷς
1009 1205 1127 1242 τοῦτο
1149 1203 1422 1242 δικαιοῦσθαι.

296 1269 407 1310 2730
432 1271 600 1321 συνῆκεν
622 1263 693 1310 οὖν
718 1266 738 1310 ὅ
761 1266 974 1321 βασιλεύς,
1007 1268 1164 1325 ᾐδέσθη
1175 1300 1189 1320 ,
1223 1266 1500 1324 κατῃσχύνθη,

432 1333 624 1388 ἀπέσχετό
646 1353 687 1378 τε
708 1341 782 1378 τοῦ
803 1340 944 1378 λοιποῦ
961 1334 1111 1390 ταύτης
1132 1340 1204 1390 τῆς
1222 1334 1470 1392 ἀφροσύνης.

434 1405 501 1444 καὶ
519 1407 637 1445 τοῦτο
658 1404 731 1458 μὲν
755 1405 810 1453 εἷς
832 1403 990 1459 ἀγαθὸν
1007 1405 1194 1458 κατέληξε
1214 1403 1258 1445 τὸ
1279 1403 1413 1455 τέλος,

434 1469 490 1520 ὡς
514 1469 595 1527 ἄρα
614 1488 658 1526 γε
679 1470 963 1528 τρισεύδαιμον
983 1474 1049 1513 καὶ
1068 1472 1190 1529 μέρος
1207 1472 1424 1525 εὐποτμίας

435 1538 563 1589 εὔνοις
583 1538 817 1597 ἀνθρώποις
837 1547 1030 1582 συνοικεῖν
1050 1542 1116 1582 καὶ
1137 1544 1333 1595 καθαρῶς
1354 1543 1517 1597 φιλοῦσι

299 1606 410 1648 2735
437 1609 504 1649 καὶ
525 1607 582 1662 μὴ
603 1609 945 1665 καταρυπαίνουσι
964 1608 1015 1649 τὰ
1036 1612 1108 1662 τῆς
1129 1609 1406 1664 φιλαλληλιάς.

496 1675 585 1717 ’Έτι
607 1680 1029 1733 σκηπτροκρατοῦντος
1047 1677 1090 1717 δὲ
1110 1674 1252 1717 τούτου
1273 1680 1346 1717 τοῦ
1362 1674 1579 1728 βασιλέως

441 1743 761 1800 ἇφυπνισ9·ἐντες
783 1743 986 1800 ὤφθησαν
1007 1746 1048 1794 ἐξ
1068 1742 1194 1785 ὕπνου
1217 1744 1516 1800 μακρολέκτρου

441 1810 542 1854 ἔπτὰ
562 1810 899 1870 καρτερικώτατοι
921 1810 1124 1869 μάρτυρες
1145 1813 1308 1854 νεανίαι.

397 1931 489 1966 2720
513 1928 635 1976 τούτῳ
658 1929 688 1964 Α
825 1931 914 1965 2721
936 1930 980 1976 τῇ
1001 1930 1125 1976 γραφῇ
1150 1931 1183 1966 R
1322 1930 1414 1965 2722
1430 1927 1564 1974 ταῦτα]
1587 1927 1706 1974 δῆθεν
1722 1929 1763 1964 Μ

397 1978 491 2012 2730
509 1977 639 2021 συνῆκε
659 1976 752 2021 γοῦν
774 1976 878 2012 AMR

308 2078 420 2111 fratre
439 2079 525 2111 nihil
545 2091 583 2113 se
605 2079 777 2123 proficere
797 2083 977 2123 cerneret,
1016 2079 1210 2114 huiusmodi
1231 2079 1392 2124 quiddam
1413 2076 1566 2112 instituit
1585 2088 1627 2110 ac
1648 2075 1766 2110 molita

312 2128 379 2156 est.
428 2125 634 2168 excogitatis
657 2126 839 2169 ingeniose
860 2125 1053 2159 rationibus
1075 2127 1218 2159 fratrem
1243 2124 1486 2167 circumvenit,
1511 2123 1631 2156 literas
1652 2122 1766 2166 fingit,

310 2168 348 2201 in
378 2169 502 2212 quibus
533 2171 761 2214 perscriptum
796 2172 890 2205 foret
926 2171 1169 2215 imperatorem
1196 2170 1399 2204 Pulcheriae
1438 2168 1552 2204 sorori
1587 2168 1767 2211 coniugem

311 2225 408 2247 suam
439 2214 548 2248 veluti
583 2216 789 2260 mancipium
822 2217 993 2260 quoddam
1020 2217 1180 2250 donasse.
1226 2216 1315 2250 hanc
1343 2216 1495 2249 chartam
1523 2213 1626 2247 fratri
1650 2214 1766 2256 offert,

311 2263 414 2302 rogat
446 2260 534 2303 hanc
563 2262 768 2305 scripturam
801 2261 912 2295 literis
945 2262 1177 2307 imperatoriis
1208 2261 1340 2295 munire
1363 2272 1404 2294 ac
1433 2259 1638 2303 subsignare
1665 2258 1765 2292 velit.

312 2304 502 2349 imperator
521 2307 684 2350 precibus
708 2307 840 2340 sororis
860 2308 991 2350 annuit,
1014 2320 1092 2341 mox
1110 2308 1271 2341 calamum
1291 2306 1477 2351 prehendit
1499 2316 1619 2347 manu,
1643 2308 1680 2338 et
1703 2316 1766 2337 ex-

313 2350 421 2383 aratis
440 2352 607 2395 purpurei
626 2351 750 2385 coloris
768 2352 879 2386 literis
906 2354 1059 2386 chartam
1087 2354 1277 2387 confirmat.
1324 2350 1508 2385 Pulcheria
1529 2350 1647 2384 literas
1665 2360 1768 2383 manu

314 2395 434 2429 fratris
465 2397 680 2441 subscriptas
714 2398 860 2440 insignis
895 2398 982 2432 lucri
1013 2399 1088 2432 loco
1119 2398 1265 2443 accipit,
1302 2402 1339 2431 et
1370 2396 1624 2441 imperatricem
1655 2395 1768 2429 instar

315 2441 466 2485 coempti
488 2442 601 2486 pretio
626 2442 789 2487 mancipii
810 2455 925 2477 secum
952 2445 1106 2478 abducit.
1155 2456 1228 2478 cum
1247 2442 1467 2477 Theodosius
1491 2454 1512 2475 a
1535 2453 1656 2476 sorore
1673 2440 1767 2474 iniu-

316 2486 370 2520 ria
391 2498 429 2520 se
453 2487 587 2522 diceret
607 2488 702 2522 affici
720 2488 943 2532 gravissima,
968 2489 1087 2523 literas
1106 2488 1324 2534 imperatoris
1343 2488 1402 2521 illa
1422 2487 1575 2521 vicissim
1593 2487 1767 2531 proferre,

316 2543 425 2576 seque
449 2533 566 2567 dicere
585 2535 710 2567 fretam
731 2534 784 2566 his
804 2534 933 2578 optimo
955 2534 1031 2568 iure
1051 2536 1143 2579 quod
1167 2536 1301 2569 faceret
1319 2535 1450 2567 facere.
1497 2538 1569 2567 tum
1588 2544 1673 2566 vero
1694 2543 1769 2567 rem

317 2577 508 2622 imperator
527 2579 735 2623 intelligere,
761 2580 895 2623 pudore
913 2581 1075 2623 suffundi,
1099 2582 1143 2614 ab
1168 2579 1335 2614 eiusmodi
1352 2578 1500 2613 stultitia
1517 2578 1681 2623 deinceps
1700 2577 1771 2612 sibi

321 2635 457 2667 cavere,
479 2626 607 2658 factum
626 2626 738 2669 ipsum
761 2625 911 2669 denique
929 2626 1142 2669 praeclarum
1160 2627 1204 2660 ad
1222 2626 1325 2658 finem
1345 2625 1503 2659 tendere.
1550 2624 1708 2665 nimirum
1732 2623 1770 2656 in

319 2680 443 2713 magna
465 2670 642 2705 felicitatis
666 2676 767 2715 parte
793 2670 1024 2705 collocandum
1051 2677 1123 2714 est,
1159 2672 1191 2705 si
1215 2671 1291 2715 quis
1318 2670 1411 2704 inter
1438 2670 1592 2704 homines
1613 2671 1769 2704 benevo-

317 2714 392 2794 ἷξε,
425 2715 519 2750 vitae
542 2728 651 2762 purae
681 2715 878 2761 studiosos,
914 2728 1064 2751 amorem
1093 2722 1244 2751 mutuum
1275 2716 1354 2751 labe
1379 2715 1471 2751 nulla
1499 2716 1771 2750 contaminantes

343 2773 362 2794 e
388 2764 436 2795 at.

364 2772 387 2806 g
410 2807 573 2841 Ceterum
593 2806 802 2852 imperatore
826 2807 1028 2843 Theodosio
1060 2819 1175 2841 rerum
1199 2807 1356 2853 potiente
1387 2811 1520 2853 septem
1542 2806 1592 2840 illi
1614 2806 1772 2848 iuvenes,

319 2858 490 2899 martyres
511 2853 791 2899 tolerantissimi‚
825 2854 870 2889 de
895 2866 1013 2889 somno
1045 2853 1244 2899 longissimo
1273 2853 1470 2900 experrecti
1499 2865 1540 2887 ac
1562 2851 1666 2897 vulgo
1687 2862 1770 2886 con-
