1872 3236
168 785 195 818 P
221 784 287 819 112

245 1598 273 1631 Β

315 187 414 240 234
691 193 1069 239 CONSTANTINI
1101 197 1368 247 MANASSIS
1387 213 1396 242 ἰ

449 304 492 347 ἐκ
507 305 780 360 Παμφυλίων,
813 306 857 348 ἐκ
873 309 1047 360 Μυσῶν,
1080 309 1123 352 ἐκ
1145 308 1302 367 Σύρων,
1336 312 1382 355 ἔκ
1397 313 1586 366 Κιλίκων,

446 373 514 414 καὶ
537 370 748 427 φάλαγγας
764 375 1040 432 συνηθροικώς
1061 374 1154 420 ὡσεὶ
1173 377 1388 434 θαλάσσης
1402 379 1590 435 ψάμμον,

447 438 597 495 ἄνδρας
616 442 817 495 γενναίους
834 442 1040 498 μαχητάς,
1077 443 1231 496 πάντας
1248 437 1549 502 ἀγκυλοτόξους,

311 506 421 551 5490
443 511 521 562 πῦρ
545 508 587 549 ἐν
603 508 790 562 πολέμοις
805 510 1014 563 πνέοντας,
1047 511 1200 570 ἄνδρας
1219 513 1509 570 ἀγχεσιμάχους
1519 547 1533 568 ,

445 575 901 632 καταστρατοπεδεύεται
919 579 1030 636 παρὰ
1047 584 1098 636 τῇ
1113 581 1382 638 Χρυσοπόλει,

442 646 515 698 τῆς
534 645 761 695 Βυζαντίων
779 644 930 697 πόλεως
949 648 1154 691 κατέναντι
1174 650 1345 706 κειμένῃ,

441 710 492 764 ἢν
509 710 770 767 οὖρανόπολιν
789 714 908 758 duchat
927 714 999 758 οὐκ
1017 714 1067 757 ἄν
1089 733 1149 775 τις
1167 716 1384 775 διαμάρτῃ.

444 780 511 820 καὶ
529 780 748 835 πίμπλησιν
766 782 934 838 ἀρεϊκῶν
952 783 1110 840 ἀνδρῶν
1124 784 1197 835 τὰς
1215 784 1423 837 πεδιάδας,

307 845 416 890 5495
440 848 506 889 καὶ
527 851 662 890 πᾶσαν
678 853 753 904 γῆν
770 848 1034 904 κατάχαλκον.
1102 851 1386 910 ἀπήστραπτον
1406 854 1450 896 αἶ
1470 851 1622 914 λόγχαι,
1679 895 1681 897 ,
1727 887 1731 892 ν

441 915 666 968 ἆνέλαμπον
684 917 726 958 αἶ
745 916 940 975 κόρυθες,
975 919 1138 970 ἀσπίδες
1155 920 1390 978 ἐπατάγουν,

440 983 521 1039 ’ἀὴρ
542 985 819 1040 ἕπυραυγίζετο
839 993 927 1036 ταῖς
947 987 1226 1043 ε’πιδορατίσιν.

438 1045 541 1105 ἦσαν
563 1053 646 1093 ἐκεῖ
654 1051 946 1108 χρυσάσπιδες,
975 1049 1078 1109 ἦσαν
1097 1054 1410 1113 φαρετροφόροι,

441 1117 610 1171 εὔιπποι,
628 1122 939 1175 χαλκοχίτωνες,
973 1120 1116 1173 πάντες
1134 1122 1410 1181 σιδηροφόροι.

304 1185 415 1228 5500
438 1185 604 1244 ἴφριξαν
621 1187 670 1229 ἂν
692 1191 759 1230 καὶ
775 1190 952 1244 γίγαντες
968 1192 1226 1247 παρεμβολὴν
1245 1190 1445 1246 τοιαύτην.

439 1254 560 1304 αὐτὸς
578 1256 652 1308 μὲν
675 1251 745 1298 οὖν
763 1261 979 1310 βασιλειῶν
1000 1260 1067 1300 καὶ
1090 1259 1192 1301 κατὰ
1214 1263 1287 1301 τοῦ
1306 1262 1546 1316 κρατοῦντος

436 1320 567 1365 πάντα
583 1322 759 1380 τυρεόων
779 1326 846 1365 καὶ
870 1329 993 1367 ποιῶν
1016 1326 1087 1367 οὐκ
1109 1326 1256 1368 ἔλαθεν
1277 1329 1333 1376 εἷς
1353 1326 1484 1376 τέλος·

433 1387 520 1432 τότε
543 1391 586 1431 δὲ
602 1391 698 1441 τέως
718 1389 923 1448 πρόφασιν
943 1392 1012 1434 τὸν
1029 1391 1233 1447 Ῥωμανὸν
1254 1392 1445 1451 εὑρίσκων

436 1465 708 1513 προσεποιεῖτο
728 1459 820 1501 κατ’
845 1459 970 1501 αὐτοῦ
989 1465 1062 1503 τοῦ
1075 1459 1283 1515 Ῥωμανοῦ
1303 1458 1530 1517 στρατεύειν

297 1524 408 1567 5505
432 1526 499 1566 καὶ
519 1524 759 1581 τηλικαύτην
781 1534 973 1582 συγκινεῖν
991 1526 1178 1585 φάλαγγα
1194 1530 1499 1586 στρατευσίμην,

432 1592 700 1649 προσράπτων
717 1594 789 1648 τὴν
811 1595 1018 1650 ἀλωπεκῆν
1037 1595 1138 1652 ἄγαν
1154 1595 1460 1651 κακομηχάνως·

431 1661 478 1701 οὐ
498 1659 627 1718 πάντῃ
649 1662 725 1718 γὰρ
746 1661 818 1716 τὴν
835 1667 995 1717 λεοντῆν
1015 1661 1113 1717 εἶχεν
1133 1664 1430 1721 ἐφικνουμένην.

430 1726 452 1769 ὃ
472 1728 597 1784 γέρων
617 1730 693 1786 γὰρ
717 1727 738 1772 ὃ
757 1727 963 1784 Ῥωμανὸς
980 1736 1050 1773 τοῦ
1072 1737 1259 1774 ναυτικοῦ
1280 1730 1491 1788 κατάρχων

430 1796 615 1838 κάκεῖθεν
635 1798 900 1854 περικεᾲιενος
919 1798 1033 1853 ἰσχὺν
1051 1799 1097 1841 οὗ
1120 1800 1193 1855 τὴν
1210 1804 1424 1853 τυχοῦσαν,

295 1864 407 1905 5510
430 1863 528 1905 ἰδών
547 1863 857 1923 περιφερόμενον
877 1868 970 1923 τῇδε
991 1866 1108 1910 κάκεῖ
1122 1867 1167 1911 τὸ
1191 1866 1340 1926 κράτος

387 1968 477 2004 5488
502 1965 591 2004 ὅσον
612 1969 652 2004 Μ
796 1972 886 2008 5489
904 1985 936 2017 γ.
962 1969 1114 2014 ὁπλίτας
1137 1969 1275 2018 ἄνδρας
1297 1970 1376 2018 ἄγκ.
1394 1973 1426 2008 Α
1561 1973 1652 2010 5492
1672 1977 1741 2009 Βυ-

388 2015 557 2058 ζαντίδος
573 2016 612 2050 Μ
745 2015 911 2062 κειμένης
931 2019 968 2052 Μ
1103 2020 1194 2054 5493
1217 2020 1331 2053 εἰπεῖν
1351 2020 1383 2053 Α
1424 2048 1427 2050 .
1518 2019 1606 2054 5495
1629 2032 1741 2054 κατα-

386 2061 581 2140 χαλέοῖῩΜ
626 2060 716 2097 5496
732 2059 948 2108 ὕπέλοεμπον
964 2064 1003 2100 Μ
1094 2065 1184 2101 5505
1199 2065 1399 2110 τηνικαῦτα
1421 2064 1460 2099 Μ
1548 2065 1639 2101 5509
1653 2063 1740 2100 κᾶν·

386 2117 449 2140 τευ
484 2117 523 2140 εν

295 2194 511 2239 Pamphylia,
533 2196 663 2240 Mysia,
686 2197 813 2242 Syria,
838 2198 984 2244 Cilicia,
1008 2211 1148 2235 numero
1171 2200 1274 2234 maris
1290 2208 1420 2234 'arenas
1444 2204 1635 2245 aequante,
1671 2211 1739 2246 quo

293 2241 560 2276 continebantur
581 2241 707 2276 milites
732 2244 874 2288 egregie
894 2246 1046 2290 strenui,
1078 2246 1199 2280 armati
1219 2245 1416 2290 praeclare,
1439 2245 1554 2289 ignem
1576 2245 1613 2279 in
1635 2257 1739 2291 prae-

293 2285 348 2318 liis
372 2286 564 2330 spirantes,
600 2287 693 2320 viros
727 2300 843 2333 pugna
872 2292 1018 2325 stataria
1049 2296 1279 2335 praestantes.
1325 2291 1406 2324 hinc
1428 2292 1472 2324 ad
1496 2291 1739 2345 Chrysopolim

292 2336 407 2364 castra
429 2337 597 2374 metatur,
633 2332 732 2366 sitam
757 2346 775 2366 e
799 2334 943 2378 regione
968 2337 1087 2380 Cpolis
1111 2337 1327 2380 (quanquam
1358 2347 1426 2370 non
1456 2342 1657 2380 peccavent
1678 2337 1739 2382 qui

292 2378 412 2410 urbem
434 2376 526 2410 illam
549 2377 794 2421 Uranopolim‚
819 2379 884 2413 hoc
906 2386 960 2414 est
980 2382 1097 2417 urbem
1122 2381 1324 2425 caelestem,
1349 2381 1659 2426 cognominaverit)
1668 2398 1682 2426 ,·
1702 2387 1739 2417 et

291 2433 430 2466 campos
452 2422 539 2455 viris
563 2422 737 2456 bellicosis
760 2424 885 2468 replet.
931 2431 1042 2460 totum
1075 2426 1150 2461 eius
1179 2426 1332 2471 regionis
1361 2427 1469 2461 solum
1498 2439 1540 2461 ex
1563 2427 1737 2462 hastarum

291 2479 373 2501 aere
397 2467 575 2510 fulgebat,
609 2467 729 2510 galeae
756 2469 1045 2516 resplendebant,
1076 2477 1175 2507 scuta
1205 2483 1324 2506 sonum
1349 2472 1572 2516 efficiebant,
1607 2473 1668 2507 aer
1691 2474 1736 2507 ab

292 2513 465 2546 hastarum
489 2512 687 2557 cuspidibus
712 2516 927 2549 coruscabat.
974 2517 1119 2552 aderant
1140 2517 1264 2551 milites
1287 2517 1434 2561 scutati,
1459 2519 1604 2552 aderant
1625 2518 1735 2562 sagit-

288 2558 382 2600 tarii,
407 2558 554 2602 equites,
577 2557 725 2601 loricati,
750 2559 921 2594 universis
944 2561 1073 2596 ferrum
1094 2563 1322 2607 gestantibus.
1355 2563 1410 2597 vel
1428 2563 1514 2608 ipsis
1535 2564 1735 2608 gigantibus

289 2603 457 2638 eiusmodi
483 2608 597 2637 castra
619 2603 796 2638 formidini
817 2605 977 2640 fuissent.
1035 2608 1187 2642 Leonem
1209 2613 1323 2641 autem
1346 2608 1505 2653 cupidum
1526 2609 1627 2653 regni
1651 2621 1732 2643 con-

290 2655 345 2683 tra
366 2648 608 2692 imperatorem
642 2649 756 2684 omnia,
786 2650 894 2684 fuisse
924 2651 1075 2686 molitum
1096 2654 1277 2687 obscurum
1300 2665 1378 2688 esse
1399 2655 1532 2688 demum
1555 2654 1645 2688 haud
1667 2665 1732 2699 po-

289 2694 369 2728 tuit.
393 2693 430 2728 id
453 2694 590 2739 quidem
613 2695 777 2740 temporis
800 2695 989 2739 Romanum
1014 2698 1204 2736 occasionis
1226 2698 1302 2732 loco
1327 2704 1446 2734 nactus
1470 2701 1636 2734 adversus
1657 2710 1732 2733 eum

289 2752 328 2774 se
346 2739 471 2773 bellum
494 2751 618 2784 gerere
641 2739 840 2785 simulabat,
866 2746 902 2776 et
918 2742 1028 2787 copiis
1050 2743 1266 2788 amplissimis
1288 2744 1476 2780 instructus
1499 2744 1634 2779 nefarie
1655 2744 1729 2778 vul-

288 2785 404 2830 pinam
427 2786 611 2828 assuebat,
645 2785 782 2820 leonina
815 2786 906 2831 pelle
936 2800 1005 2822 non
1034 2800 1177 2833 prorsus
1211 2790 1255 2823 ad
1289 2791 1403 2824 omnia
1434 2802 1473 2825 se
1509 2790 1730 2824 extendente.

289 2830 418 2877 quippe
441 2831 613 2866 Romanus
638 2831 766 2877 senior,
790 2831 909 2868 classis
932 2834 1131 2880 praefectus
1152 2834 1302 2881 ideoque
1319 2846 1387 2871 non
1411 2836 1536 2881 exigua
1558 2840 1732 2881 potestate
