<?xml version="1.0" encoding="UTF-8"?>
<!DOCTYPE html PUBLIC "-//W3C//DTD XHTML 1.0 Transitional//EN"
    "http://www.w3.org/TR/xhtml1/DTD/xhtml1-transitional.dtd">
<html xmlns="http://www.w3.org/1999/xhtml" xml:lang="en" lang="en">
 <head>
  <title>
</title>
<meta http-equiv="Content-Type" content="text/html;charset=utf-8" />
  <meta name='ocr-system' content='tesseract 3.04.00' />
  <meta name='ocr-capabilities' content='ocr_page ocr_carea ocr_par ocr_line ocrx_word'/>
</head>
<body>
  <div class='ocr_page' id='page_1' title='image "./corpusscriptorum06niebuoft_0168.png"; bbox 0 0 1872 3236; ppageno 0'>
   <div class='ocr_carea' id='block_1_1' title="bbox 244 834 276 869">
    <p class='ocr_par' dir='ltr' id='par_1_1' title="bbox 244 834 276 869">
     <span class='ocr_line' id='line_1_1' title="bbox 244 834 276 869; baseline 0 0"><span class='ocrx_word' id='word_1_1' title='bbox 244 834 276 869; x_wconf 93' lang='lat' dir='ltr'>D</span> 
     </span>
    </p>
   </div>
   <div class='ocr_carea' id='block_1_2' title="bbox 186 1722 283 1760">
    <p class='ocr_par' dir='ltr' id='par_1_2' title="bbox 186 1722 283 1760">
     <span class='ocr_line' id='line_1_2' title="bbox 186 1722 283 1760; baseline 0.041 -4"><span class='ocrx_word' id='word_1_2' title='bbox 186 1722 283 1760; x_wconf 83' lang='lat' dir='ltr'><strong>P73</strong></span> 
     </span>
    </p>
   </div>
   <div class='ocr_carea' id='block_1_3' title="bbox 296 168 1354 231">
    <p class='ocr_par' dir='ltr' id='par_1_3' title="bbox 296 168 1354 231">
     <span class='ocr_line' id='line_1_3' title="bbox 296 168 1354 231; baseline -0.005 -14"><span class='ocrx_word' id='word_1_3' title='bbox 296 172 397 218; x_wconf 75' lang='lat'><strong>152</strong></span> <span class='ocrx_word' id='word_1_4' title='bbox 660 168 1050 231; x_wconf 31' lang='grc' dir='ltr'><em>,οοΝεΤΑΝΊ-ῚΝΙ</em></span> <span class='ocrx_word' id='word_1_5' title='bbox 1087 168 1354 229; x_wconf 74' lang='lat' dir='ltr'><strong>MANAssls</strong></span> 
     </span>
    </p>
   </div>
   <div class='ocr_carea' id='block_1_4' title="bbox 293 281 1642 1769">
    <p class='ocr_par' dir='ltr' id='par_1_4' title="bbox 293 281 1642 1769">
     <span class='ocr_line' id='line_1_4' title="bbox 426 281 1491 341; baseline 0.001 -15"><span class='ocrx_word' id='word_1_6' title='bbox 426 287 672 341; x_wconf 79' lang='grc' dir='ltr'><em>παρακαλῶν</em></span> <span class='ocrx_word' id='word_1_7' title='bbox 692 282 982 340; x_wconf 74' lang='grc' dir='ltr'><strong><em>λυτρώσασθαι</em></strong></span> <span class='ocrx_word' id='word_1_8' title='bbox 1003 282 1097 334; x_wconf 76' lang='grc' dir='ltr'><em>τοὺς</em></span> <span class='ocrx_word' id='word_1_9' title='bbox 1112 281 1491 341; x_wconf 75' lang='grc' dir='ltr'><em>ᾗχμαλωτισμένους</em></span> 
     </span>
     <span class='ocr_line' id='line_1_5' title="bbox 427 342 1538 409; baseline 0 -15"><span class='ocrx_word' id='word_1_10' title='bbox 427 355 494 394; x_wconf 83' lang='grc' dir='ltr'><strong>καὶ</strong></span> <span class='ocrx_word' id='word_1_11' title='bbox 511 351 718 409; x_wconf 80' lang='grc' dir='ltr'><em>χρήμασιν</em></span> <span class='ocrx_word' id='word_1_12' title='bbox 735 350 991 404; x_wconf 70' lang='grc' dir='ltr'><em>ἀλλάξασθαι</em></span> <span class='ocrx_word' id='word_1_13' title='bbox 1014 351 1059 395; x_wconf 83' lang='grc' dir='ltr'><em>τὸ</em></span> <span class='ocrx_word' id='word_1_14' title='bbox 1078 355 1238 406; x_wconf 72' lang='grc' dir='ltr'><em>πλῆθος</em></span> <span class='ocrx_word' id='word_1_15' title='bbox 1259 342 1538 407; x_wconf 72' lang='grc' dir='ltr'><em>τοσαρίθμόις.</em></span> 
     </span>
     <span class='ocr_line' id='line_1_6' title="bbox 427 417 1523 476; baseline 0.001 -15"><span class='ocrx_word' id='word_1_16' title='bbox 427 420 520 462; x_wconf 65' lang='grc' dir='ltr'><em>ἀλλ’</em></span> <span class='ocrx_word' id='word_1_17' title='bbox 543 421 588 461; x_wconf 81' lang='grc' dir='ltr'><strong>οὗ</strong></span> <span class='ocrx_word' id='word_1_18' title='bbox 613 421 870 476; x_wconf 76' lang='grc' dir='ltr'><em>κατέκαμψεν</em></span> <span class='ocrx_word' id='word_1_19' title='bbox 886 420 1011 463; x_wconf 79' lang='grc' dir='ltr'><em>αὐτοῦ’</em></span> <span class='ocrx_word' id='word_1_20' title='bbox 1028 419 1100 475; x_wconf 84' lang='grc' dir='ltr'><strong>τὴν</strong></span> <span class='ocrx_word' id='word_1_21' title='bbox 1117 417 1523 476; x_wconf 78' lang='grc' dir='ltr'><em>σκληρογνωμοσῦνην</em></span> 
     </span>
     <span class='ocr_line' id='line_1_7' title="bbox 293 482 1375 543; baseline -0.002 -13"><span class='ocrx_word' id='word_1_22' title='bbox 293 487 402 531; x_wconf 83' lang='grc'><strong>3535</strong></span> <span class='ocrx_word' id='word_1_23' title='bbox 428 488 475 530; x_wconf 80' lang='grc' dir='ltr'><strong>οὐ</strong></span> <span class='ocrx_word' id='word_1_24' title='bbox 495 491 702 542; x_wconf 75' lang='grc' dir='ltr'><strong><em>Σκυθικῆς</em></strong></span> <span class='ocrx_word' id='word_1_25' title='bbox 723 487 928 543; x_wconf 81' lang='grc' dir='ltr'><em>ὠμότητος</em></span> <span class='ocrx_word' id='word_1_26' title='bbox 947 482 1116 530; x_wconf 60' lang='grc' dir='ltr'><em>’ἀπόνοια</em></span> <span class='ocrx_word' id='word_1_27' title='bbox 1137 490 1204 529; x_wconf 87' lang='grc' dir='ltr'><strong>καὶ</strong></span> <span class='ocrx_word' id='word_1_28' title='bbox 1222 485 1375 538; x_wconf 79' lang='grc' dir='ltr'><em>λύσσα,</em></span> 
     </span>
     <span class='ocr_line' id='line_1_8' title="bbox 429 552 1443 613; baseline -0.002 -16"><span class='ocrx_word' id='word_1_29' title='bbox 429 555 501 597; x_wconf 79' lang='grc' dir='ltr'><em>οὐκ</em></span> <span class='ocrx_word' id='word_1_30' title='bbox 522 555 774 613; x_wconf 71' lang='grc' dir='ltr'><em>ἄγριόθυμος</em></span> <span class='ocrx_word' id='word_1_31' title='bbox 796 555 900 613; x_wconf 78' lang='grc' dir='ltr'><em>ὁρμὴ</em></span> <span class='ocrx_word' id='word_1_32' title='bbox 918 554 1098 612; x_wconf 79' lang='grc' dir='ltr'><em>χαγάνου</em></span> <span class='ocrx_word' id='word_1_33' title='bbox 1117 559 1190 597; x_wconf 86' lang='grc' dir='ltr'><em>τοῦ</em></span> <span class='ocrx_word' id='word_1_34' title='bbox 1204 552 1443 610; x_wconf 76' lang='grc' dir='ltr'><em>βαρβάρου,</em></span> 
     </span>
     <span class='ocr_line' id='line_1_9' title="bbox 427 619 1598 682; baseline 0 -16"><span class='ocrx_word' id='word_1_35' title='bbox 427 624 474 666; x_wconf 81' lang='grc' dir='ltr'><strong>οὐ</strong></span> <span class='ocrx_word' id='word_1_36' title='bbox 500 625 650 675; x_wconf 69' lang='grc' dir='ltr'><em>πένθος</em></span> <span class='ocrx_word' id='word_1_37' title='bbox 661 657 674 676; x_wconf 93' lang='grc'><em>,</em></span> <span class='ocrx_word' id='word_1_38' title='bbox 710 625 781 667; x_wconf 75' lang='grc' dir='ltr'><em>οὐκ</em></span> <span class='ocrx_word' id='word_1_39' title='bbox 799 622 1049 682; x_wconf 84' lang='grc' dir='ltr'><em>ὀλοφυρμός,</em></span> <span class='ocrx_word' id='word_1_40' title='bbox 1086 623 1132 665; x_wconf 78' lang='grc' dir='ltr'><strong>οὗ</strong></span> <span class='ocrx_word' id='word_1_41' title='bbox 1153 621 1280 680; x_wconf 74' lang='grc' dir='ltr'><em>δάκρυ</em></span> <span class='ocrx_word' id='word_1_42' title='bbox 1302 626 1380 664; x_wconf 81' lang='grc' dir='ltr'><strong>τῶν</strong></span> <span class='ocrx_word' id='word_1_43' title='bbox 1401 619 1598 669; x_wconf 78' lang='grc' dir='ltr'><em>ἁλόντων·</em></span> 
     </span>
     <span class='ocr_line' id='line_1_10' title="bbox 429 691 1428 750; baseline -0.002 -17"><span class='ocrx_word' id='word_1_44' title='bbox 429 692 575 745; x_wconf 79' lang='grc' dir='ltr'><em>δεσμὸν</em></span> <span class='ocrx_word' id='word_1_45' title='bbox 596 693 673 750; x_wconf 77' lang='grc' dir='ltr'><strong>γὰρ</strong></span> <span class='ocrx_word' id='word_1_46' title='bbox 695 691 794 747; x_wconf 74' lang='grc' dir='ltr'><em>εἶχεν</em></span> <span class='ocrx_word' id='word_1_47' title='bbox 814 693 972 750; x_wconf 75' lang='grc' dir='ltr'><em>ἀρραγῆ</em></span> <span class='ocrx_word' id='word_1_48' title='bbox 996 692 1068 746; x_wconf 79' lang='grc' dir='ltr'><strong>τὴν</strong></span> <span class='ocrx_word' id='word_1_49' title='bbox 1090 691 1428 748; x_wconf 74' lang='grc' dir='ltr'><em>φιλοχρηματίαν.</em></span> 
     </span>
     <span class='ocr_line' id='line_1_11' title="bbox 428 756 1377 818; baseline -0.003 -16"><span class='ocrx_word' id='word_1_50' title='bbox 428 762 496 802; x_wconf 84' lang='grc' dir='ltr'><strong>καὶ</strong></span> <span class='ocrx_word' id='word_1_51' title='bbox 517 759 636 803; x_wconf 81' lang='grc' dir='ltr'><em>πάλιν</em></span> <span class='ocrx_word' id='word_1_52' title='bbox 655 759 675 802; x_wconf 83' lang='grc' dir='ltr'><em>ὃ</em></span> <span class='ocrx_word' id='word_1_53' title='bbox 699 760 975 818; x_wconf 76' lang='grc' dir='ltr'><strong>τριβάρβαρος</strong></span> <span class='ocrx_word' id='word_1_54' title='bbox 996 761 1140 811; x_wconf 71' lang='grc' dir='ltr'><em>ἐκεῖνος</em></span> <span class='ocrx_word' id='word_1_55' title='bbox 1160 757 1180 800; x_wconf 80' lang='grc' dir='ltr'><em>ὃ</em></span> <span class='ocrx_word' id='word_1_56' title='bbox 1199 756 1377 815; x_wconf 78' lang='grc' dir='ltr'><em>χαγάνος</em></span> 
     </span>
     <span class='ocr_line' id='line_1_12' title="bbox 295 823 1477 886; baseline -0.003 -17"><span class='ocrx_word' id='word_1_57' title='bbox 295 826 406 869; x_wconf 82' lang='grc'><strong>8540</strong></span> <span class='ocrx_word' id='word_1_58' title='bbox 431 828 617 882; x_wconf 74' lang='grc' dir='ltr'><strong><em>ἐκπέμπει</em></strong></span> <span class='ocrx_word' id='word_1_59' title='bbox 640 829 741 886; x_wconf 83' lang='grc' dir='ltr'><em>πρὸς</em></span> <span class='ocrx_word' id='word_1_60' title='bbox 763 830 996 885; x_wconf 67' lang='grc' dir='ltr'><em>ΖΠαυρίκιον</em></span> <span class='ocrx_word' id='word_1_61' title='bbox 1020 827 1309 884; x_wconf 68' lang='grc' dir='ltr'><em>μετριωτέρους</em></span> <span class='ocrx_word' id='word_1_62' title='bbox 1334 823 1477 881; x_wconf 80' lang='grc' dir='ltr'><em>λόγους</em></span> 
     </span>
     <span class='ocr_line' id='line_1_13' title="bbox 429 892 1502 953; baseline -0.002 -15"><span class='ocrx_word' id='word_1_63' title='bbox 429 898 644 953; x_wconf 61' lang='grc' dir='ltr'><em>καθυφιεὶς</em></span> <span class='ocrx_word' id='word_1_64' title='bbox 664 899 731 939; x_wconf 86' lang='grc' dir='ltr'><strong>καὶ</strong></span> <span class='ocrx_word' id='word_1_65' title='bbox 752 897 796 939; x_wconf 82' lang='grc' dir='ltr'><em>τὸ</em></span> <span class='ocrx_word' id='word_1_66' title='bbox 820 896 944 939; x_wconf 88' lang='grc' dir='ltr'><em>ποσὸν</em></span> <span class='ocrx_word' id='word_1_67' title='bbox 965 894 1148 951; x_wconf 77' lang='grc' dir='ltr'><em>κατάγων</em></span> <span class='ocrx_word' id='word_1_68' title='bbox 1169 899 1249 937; x_wconf 75' lang='grc' dir='ltr'><strong>τῶν</strong></span> <span class='ocrx_word' id='word_1_69' title='bbox 1266 892 1502 951; x_wconf 75' lang='grc' dir='ltr'><em>χρημάτων.</em></span> 
     </span>
     <span class='ocr_line' id='line_1_14' title="bbox 430 959 1458 1020; baseline -0.004 -14"><span class='ocrx_word' id='word_1_70' title='bbox 430 961 485 1014; x_wconf 79' lang='grc' dir='ltr'><strong>ὥς</strong></span> <span class='ocrx_word' id='word_1_71' title='bbox 507 965 546 1006; x_wconf 76' lang='grc' dir='ltr'><strong>δ’</strong></span> <span class='ocrx_word' id='word_1_72' title='bbox 567 959 616 1019; x_wconf 80' lang='grc' dir='ltr'><strong>ἦν</strong></span> <span class='ocrx_word' id='word_1_73' title='bbox 637 965 757 1017; x_wconf 77' lang='grc' dir='ltr'><strong>ἀσπὶς</strong></span> <span class='ocrx_word' id='word_1_74' title='bbox 778 963 798 1007; x_wconf 79' lang='grc' dir='ltr'><strong><em>ὅ</em></strong></span> <span class='ocrx_word' id='word_1_75' title='bbox 816 964 1007 1020; x_wconf 80' lang='grc' dir='ltr'><em>βασιλεὺς</em></span> <span class='ocrx_word' id='word_1_76' title='bbox 1026 963 1100 1014; x_wconf 84' lang='grc' dir='ltr'><em>τὰς</em></span> <span class='ocrx_word' id='word_1_77' title='bbox 1120 963 1244 1013; x_wconf 78' lang='grc' dir='ltr'><em>ἀκοὰς</em></span> <span class='ocrx_word' id='word_1_78' title='bbox 1264 959 1458 1016; x_wconf 73' lang='grc' dir='ltr'><em>συμβύων</em></span> 
     </span>
     <span class='ocr_line' id='line_1_15' title="bbox 432 1022 1317 1090; baseline 0 -18"><span class='ocrx_word' id='word_1_79' title='bbox 432 1032 523 1073; x_wconf 73' lang='grc' dir='ltr'><strong>οὐδ’</strong></span> <span class='ocrx_word' id='word_1_80' title='bbox 547 1022 782 1087; x_wconf 82' lang='grc' dir='ltr'><em>ἀνεχόμενος</em></span> <span class='ocrx_word' id='word_1_81' title='bbox 803 1037 942 1090; x_wconf 78' lang='grc' dir='ltr'><em>φωνῆς</em></span> <span class='ocrx_word' id='word_1_82' title='bbox 959 1032 1059 1075; x_wconf 60' lang='lat' dir='ltr'><strong>&amp;lm</strong></span> <span class='ocrx_word' id='word_1_83' title='bbox 1076 1029 1317 1090; x_wconf 60' lang='grc' dir='ltr'><em>ἐπᾳδόντων,</em></span> 
     </span>
     <span class='ocr_line' id='line_1_16' title="bbox 429 1094 1546 1157; baseline -0.003 -16"><span class='ocrx_word' id='word_1_84' title='bbox 429 1103 636 1153; x_wconf 78' lang='grc' dir='ltr'><em>θυμοῦται</em></span> <span class='ocrx_word' id='word_1_85' title='bbox 661 1106 739 1157; x_wconf 79' lang='grc' dir='ltr'><em>φεῦ</em></span> <span class='ocrx_word' id='word_1_86' title='bbox 761 1099 815 1151; x_wconf 82' lang='grc' dir='ltr'><strong>ὡς</strong></span> <span class='ocrx_word' id='word_1_87' title='bbox 838 1099 1058 1157; x_wconf 76' lang='grc' dir='ltr'><em>πάρδαλις,</em></span> <span class='ocrx_word' id='word_1_88' title='bbox 1094 1098 1150 1150; x_wconf 83' lang='grc' dir='ltr'><strong>ὥς</strong></span> <span class='ocrx_word' id='word_1_89' title='bbox 1170 1100 1296 1156; x_wconf 78' lang='grc' dir='ltr'><em>τίγρις</em></span> <span class='ocrx_word' id='word_1_90' title='bbox 1314 1096 1334 1140; x_wconf 85' lang='grc' dir='ltr'><em>ὃ</em></span> <span class='ocrx_word' id='word_1_91' title='bbox 1352 1094 1546 1153; x_wconf 77' lang='grc' dir='ltr'><em>χαγάνος,</em></span> 
     </span>
     <span class='ocr_line' id='line_1_17' title="bbox 295 1164 1451 1226; baseline -0.002 -18"><span class='ocrx_word' id='word_1_92' title='bbox 295 1164 405 1209; x_wconf 83' lang='grc'><strong>3545</strong></span> <span class='ocrx_word' id='word_1_93' title='bbox 432 1170 752 1225; x_wconf 75' lang='grc' dir='ltr'><em>καταψηφίζεται</em></span> <span class='ocrx_word' id='word_1_94' title='bbox 774 1169 914 1226; x_wconf 82' lang='grc' dir='ltr'><em>πικρὸν</em></span> <span class='ocrx_word' id='word_1_95' title='bbox 935 1169 1254 1224; x_wconf 78' lang='grc' dir='ltr'><em>τοσαυτανδρίας</em></span> <span class='ocrx_word' id='word_1_96' title='bbox 1275 1165 1427 1219; x_wconf 83' lang='grc' dir='ltr'><em>πότμον</em></span> <span class='ocrx_word' id='word_1_97' title='bbox 1438 1196 1451 1216; x_wconf 89' lang='grc'><em>,</em></span> 
     </span>
     <span class='ocr_line' id='line_1_18' title="bbox 432 1234 1466 1294; baseline -0.004 -17"><span class='ocrx_word' id='word_1_98' title='bbox 432 1238 580 1292; x_wconf 77' lang='grc' dir='ltr'><em>θερίζει</em></span> <span class='ocrx_word' id='word_1_99' title='bbox 603 1242 678 1294; x_wconf 74' lang='grc' dir='ltr'><em>φεῦ</em></span> <span class='ocrx_word' id='word_1_100' title='bbox 700 1244 783 1287; x_wconf 77' lang='grc' dir='ltr'><em>τοῖς</em></span> <span class='ocrx_word' id='word_1_101' title='bbox 801 1238 930 1293; x_wconf 74' lang='grc' dir='ltr'><em>ξίφεσι</em></span> <span class='ocrx_word' id='word_1_102' title='bbox 951 1236 995 1278; x_wconf 81' lang='grc' dir='ltr'><em>τὸ</em></span> <span class='ocrx_word' id='word_1_103' title='bbox 1015 1239 1174 1290; x_wconf 72' lang='grc' dir='ltr'><em>πλῆθος</em></span> <span class='ocrx_word' id='word_1_104' title='bbox 1191 1234 1236 1277; x_wconf 84' lang='grc' dir='ltr'><em>τὸ</em></span> <span class='ocrx_word' id='word_1_105' title='bbox 1258 1237 1466 1283; x_wconf 77' lang='grc' dir='ltr'><em>τοσοῦτον,</em></span> 
     </span>
     <span class='ocr_line' id='line_1_19' title="bbox 433 1296 1642 1361; baseline -0.006 -15"><span class='ocrx_word' id='word_1_106' title='bbox 433 1306 499 1346; x_wconf 84' lang='grc' dir='ltr'><strong>καὶ</strong></span> <span class='ocrx_word' id='word_1_107' title='bbox 517 1309 596 1346; x_wconf 84' lang='grc' dir='ltr'><strong>πᾶν</strong></span> <span class='ocrx_word' id='word_1_108' title='bbox 615 1305 659 1346; x_wconf 83' lang='grc' dir='ltr'><em>τὸ</em></span> <span class='ocrx_word' id='word_1_109' title='bbox 682 1304 897 1361; x_wconf 82' lang='grc' dir='ltr'><em>πρόσωπον</em></span> <span class='ocrx_word' id='word_1_110' title='bbox 922 1308 994 1358; x_wconf 83' lang='grc' dir='ltr'><em>τῆς</em></span> <span class='ocrx_word' id='word_1_111' title='bbox 1016 1308 1089 1359; x_wconf 81' lang='grc' dir='ltr'><strong>γῆς</strong></span> <span class='ocrx_word' id='word_1_112' title='bbox 1109 1309 1193 1353; x_wconf 80' lang='grc' dir='ltr'><em>τοῖς</em></span> <span class='ocrx_word' id='word_1_113' title='bbox 1216 1299 1402 1355; x_wconf 81' lang='grc' dir='ltr'><em>πτώμασι</em></span> <span class='ocrx_word' id='word_1_114' title='bbox 1425 1296 1642 1341; x_wconf 76' lang='grc' dir='ltr'><em>καλύπτει·</em></span> 
     </span>
     <span class='ocr_line' id='line_1_20' title="bbox 430 1367 1468 1427; baseline -0.004 -14"><span class='ocrx_word' id='word_1_115' title='bbox 430 1372 505 1421; x_wconf 81' lang='grc' dir='ltr'><em>τὰς</em></span> <span class='ocrx_word' id='word_1_116' title='bbox 525 1371 718 1422; x_wconf 73' lang='grc' dir='ltr'><em>πεδιάὸας</em></span> <span class='ocrx_word' id='word_1_117' title='bbox 742 1372 815 1422; x_wconf 84' lang='grc' dir='ltr'><em>τὰς</em></span> <span class='ocrx_word' id='word_1_118' title='bbox 837 1373 919 1413; x_wconf 75' lang='grc' dir='ltr'><em>ἐκεῖ</em></span> <span class='ocrx_word' id='word_1_119' title='bbox 937 1373 1109 1413; x_wconf 79' lang='grc' dir='ltr'><em>δείκνυσι</em></span> <span class='ocrx_word' id='word_1_120' title='bbox 1131 1367 1468 1427; x_wconf 70' lang='grc' dir='ltr'><em>λυθροφύρτους,</em></span> 
     </span>
     <span class='ocr_line' id='line_1_21' title="bbox 434 1435 1541 1496; baseline -0.004 -16"><span class='ocrx_word' id='word_1_121' title='bbox 434 1441 732 1496; x_wconf 80' lang='grc' dir='ltr'><em>καταστορέσας</em></span> <span class='ocrx_word' id='word_1_122' title='bbox 754 1438 810 1491; x_wconf 82' lang='grc' dir='ltr'><strong>ὡς</strong></span> <span class='ocrx_word' id='word_1_123' title='bbox 829 1439 1007 1496; x_wconf 72' lang='grc' dir='ltr'><em>κορμοὺς</em></span> <span class='ocrx_word' id='word_1_124' title='bbox 1025 1437 1172 1493; x_wconf 76' lang='grc' dir='ltr'><em>πεύκης</em></span> <span class='ocrx_word' id='word_1_125' title='bbox 1189 1441 1338 1494; x_wconf 79' lang='grc' dir='ltr'><em>νεκρῶν</em></span> <span class='ocrx_word' id='word_1_126' title='bbox 1357 1435 1541 1493; x_wconf 83' lang='grc' dir='ltr'><em>σωρείαν.</em></span> 
     </span>
     <span class='ocr_line' id='line_1_22' title="bbox 298 1501 1566 1564; baseline 0.001 -18"><span class='ocrx_word' id='word_1_127' title='bbox 298 1504 409 1548; x_wconf 85' lang='grc'><strong>8550</strong></span> <span class='ocrx_word' id='word_1_128' title='bbox 535 1509 644 1564; x_wconf 72' lang='grc' dir='ltr'><em>’ρυσὲ</em></span> <span class='ocrx_word' id='word_1_129' title='bbox 667 1510 830 1559; x_wconf 82' lang='grc' dir='ltr'><em>ὁιῶκτα,</em></span> <span class='ocrx_word' id='word_1_130' title='bbox 866 1506 1048 1562; x_wconf 80' lang='grc' dir='ltr'><em>τύραννε,</em></span> <span class='ocrx_word' id='word_1_131' title='bbox 1083 1504 1298 1560; x_wconf 74' lang='grc' dir='ltr'><em>παντόλμε,</em></span> <span class='ocrx_word' id='word_1_132' title='bbox 1334 1501 1566 1555; x_wconf 80' lang='grc' dir='ltr'><em>ὁυλοπλόκε,</em></span> 
     </span>
     <span class='ocr_line' id='line_1_23' title="bbox 434 1573 1482 1632; baseline -0.003 -16"><span class='ocrx_word' id='word_1_133' title='bbox 434 1573 595 1618; x_wconf 80' lang='grc' dir='ltr'><em>πάντων</em></span> <span class='ocrx_word' id='word_1_134' title='bbox 614 1580 747 1618; x_wconf 76' lang='grc' dir='ltr'><em>κακῶν</em></span> <span class='ocrx_word' id='word_1_135' title='bbox 773 1573 1010 1632; x_wconf 75' lang='grc' dir='ltr'><em>ἀκρόπολις,</em></span> <span class='ocrx_word' id='word_1_136' title='bbox 1048 1573 1243 1631; x_wconf 75' lang='grc' dir='ltr'><em>φρούριον</em></span> <span class='ocrx_word' id='word_1_137' title='bbox 1261 1573 1482 1623; x_wconf 80' lang='grc' dir='ltr'><em>ἀπωλείας,</em></span> 
     </span>
     <span class='ocr_line' id='line_1_24' title="bbox 438 1641 1417 1702; baseline -0.005 -16"><span class='ocrx_word' id='word_1_138' title='bbox 438 1642 639 1696; x_wconf 60' lang='grc' dir='ltr'><em>ἑλέπολις,</em></span> <span class='ocrx_word' id='word_1_139' title='bbox 674 1644 911 1702; x_wconf 78' lang='grc' dir='ltr'><em>ῥιψέπαλξις</em></span> <span class='ocrx_word' id='word_1_140' title='bbox 921 1675 934 1694; x_wconf 85' lang='grc'><em>,</em></span> <span class='ocrx_word' id='word_1_141' title='bbox 970 1641 1225 1699; x_wconf 79' lang='grc' dir='ltr'><em>σπαράκτρια</em></span> <span class='ocrx_word' id='word_1_142' title='bbox 1246 1641 1417 1695; x_wconf 78' lang='grc' dir='ltr'><em>τειχέων,</em></span> 
     </span>
     <span class='ocr_line' id='line_1_25' title="bbox 438 1708 1384 1769; baseline -0.002 -16"><span class='ocrx_word' id='word_1_143' title='bbox 438 1710 591 1755; x_wconf 86' lang='grc' dir='ltr'><em>πόλεων</em></span> <span class='ocrx_word' id='word_1_144' title='bbox 613 1714 913 1769; x_wconf 83' lang='grc' dir='ltr'><em>τειχοσείστρια,</em></span> <span class='ocrx_word' id='word_1_145' title='bbox 947 1708 1154 1767; x_wconf 81' lang='grc' dir='ltr'><em>τινάκτρια</em></span> <span class='ocrx_word' id='word_1_146' title='bbox 1173 1708 1384 1764; x_wconf 76' lang='grc' dir='ltr'><em>δωμάτων,</em></span> 
     </span>
    </p>
   </div>
   <div class='ocr_carea' id='block_1_5' title="bbox 391 1832 1764 2069">
    <p class='ocr_par' dir='ltr' id='par_1_5' title="bbox 391 1832 1764 2069">
     <span class='ocr_line' id='line_1_26' title="bbox 391 1832 1762 1883; baseline -0.005 -10"><span class='ocrx_word' id='word_1_147' title='bbox 391 1838 485 1873; x_wconf 77' lang='grc'><strong>3532</strong></span> <span class='ocrx_word' id='word_1_148' title='bbox 504 1838 718 1883; x_wconf 71' lang='grc' dir='ltr'><em>παρακινοῦν</em></span> <span class='ocrx_word' id='word_1_149' title='bbox 739 1838 810 1876; x_wconf 88' lang='grc' dir='ltr'><strong>ΑΜ</strong></span> <span class='ocrx_word' id='word_1_150' title='bbox 937 1838 1028 1873; x_wconf 83' lang='grc'><strong>3533</strong></span> <span class='ocrx_word' id='word_1_151' title='bbox 1053 1837 1264 1882; x_wconf 80' lang='grc' dir='ltr'><em>ἰσαρίθμοις</em></span> <span class='ocrx_word' id='word_1_152' title='bbox 1284 1837 1319 1872; x_wconf 87' lang='lat' dir='ltr'>R</span> <span class='ocrx_word' id='word_1_153' title='bbox 1433 1836 1522 1871; x_wconf 86' lang='lat'>3535</span> <span class='ocrx_word' id='word_1_154' title='bbox 1544 1832 1705 1878; x_wconf 74' lang='grc' dir='ltr'><em>ἅπήνεια</em></span> <span class='ocrx_word' id='word_1_155' title='bbox 1726 1832 1762 1866; x_wconf 88' lang='lat' dir='ltr'>R</span> 
     </span>
     <span class='ocr_line' id='line_1_27' title="bbox 393 1878 1762 1929; baseline -0.005 -11"><span class='ocrx_word' id='word_1_156' title='bbox 393 1885 484 1919; x_wconf 83' lang='lat'>3536</span> <span class='ocrx_word' id='word_1_157' title='bbox 505 1882 596 1929; x_wconf 77' lang='grc' dir='ltr'><em>α’ρχὴ</em></span> <span class='ocrx_word' id='word_1_158' title='bbox 620 1887 651 1919; x_wconf 91' lang='grc' dir='ltr'><strong>Α</strong></span> <span class='ocrx_word' id='word_1_159' title='bbox 799 1885 890 1921; x_wconf 85' lang='grc'><strong>3537</strong></span> <span class='ocrx_word' id='word_1_160' title='bbox 910 1882 1072 1927; x_wconf 79' lang='grc' dir='ltr'><em>δάκρυον</em></span> <span class='ocrx_word' id='word_1_161' title='bbox 1095 1881 1260 1919; x_wconf 81' lang='grc' dir='ltr'><em>ἁλόντων</em></span> <span class='ocrx_word' id='word_1_162' title='bbox 1283 1883 1314 1918; x_wconf 89' lang='grc' dir='ltr'><strong>Α</strong></span> <span class='ocrx_word' id='word_1_163' title='bbox 1466 1881 1557 1919; x_wconf 82' lang='grc'><strong>3543</strong></span> <span class='ocrx_word' id='word_1_164' title='bbox 1577 1878 1707 1923; x_wconf 80' lang='grc' dir='ltr'><em>φωνὰς</em></span> <span class='ocrx_word' id='word_1_165' title='bbox 1730 1878 1762 1911; x_wconf 87' lang='lat' dir='ltr'>R</span> 
     </span>
     <span class='ocr_line' id='line_1_28' title="bbox 393 1923 1762 1973; baseline -0.005 -10"><span class='ocrx_word' id='word_1_166' title='bbox 393 1926 568 1964; x_wconf 83' lang='grc' dir='ltr'><em>οἷδόντων</em></span> <span class='ocrx_word' id='word_1_167' title='bbox 592 1929 735 1965; x_wconf 77' lang='grc' dir='ltr'><em>ἐπαΐειν</em></span> <span class='ocrx_word' id='word_1_168' title='bbox 758 1931 792 1965; x_wconf 90' lang='lat' dir='ltr'>R</span> <span class='ocrx_word' id='word_1_169' title='bbox 974 1930 1066 1966; x_wconf 79' lang='lat'>3546</span> <span class='ocrx_word' id='word_1_170' title='bbox 1085 1931 1221 1973; x_wconf 80' lang='grc' dir='ltr'><em>σμῆνος</em></span> <span class='ocrx_word' id='word_1_171' title='bbox 1241 1929 1281 1962; x_wconf 88' lang='grc' dir='ltr'>Μ</span> <span class='ocrx_word' id='word_1_172' title='bbox 1462 1928 1552 1962; x_wconf 84' lang='grc'><strong>3547</strong></span> <span class='ocrx_word' id='word_1_173' title='bbox 1574 1925 1703 1968; x_wconf 82' lang='grc' dir='ltr'><em>αἶ’μασι</em></span> <span class='ocrx_word' id='word_1_174' title='bbox 1724 1923 1762 1957; x_wconf 89' lang='grc' dir='ltr'><strong>Μ</strong></span> 
     </span>
     <span class='ocr_line' id='line_1_29' title="bbox 395 1964 1764 2020; baseline -0.004 -11"><span class='ocrx_word' id='word_1_175' title='bbox 395 1964 486 2010; x_wconf 80' lang='lat'>3548</span> <span class='ocrx_word' id='word_1_176' title='bbox 504 1974 573 2017; x_wconf 82' lang='grc' dir='ltr'><em>τὰς</em></span> <span class='ocrx_word' id='word_1_177' title='bbox 593 1977 657 2020; x_wconf 85' lang='grc' dir='ltr'><strong>π.]</strong></span> <span class='ocrx_word' id='word_1_178' title='bbox 679 1974 742 2010; x_wconf 82' lang='grc' dir='ltr'><strong>καὶ</strong></span> <span class='ocrx_word' id='word_1_179' title='bbox 764 1988 802 2009; x_wconf 86' lang='grc' dir='ltr'><strong>π.</strong></span> <span class='ocrx_word' id='word_1_180' title='bbox 823 1976 863 2011; x_wconf 90' lang='grc' dir='ltr'><strong>Μ</strong></span> <span class='ocrx_word' id='word_1_181' title='bbox 1019 1975 1110 2011; x_wconf 87' lang='grc'><strong>3549</strong></span> <span class='ocrx_word' id='word_1_182' title='bbox 1131 1972 1414 2018; x_wconf 82' lang='grc' dir='ltr'><em>κατασωρεύσας</em></span> <span class='ocrx_word' id='word_1_183' title='bbox 1436 1973 1486 2017; x_wconf 91' lang='lat' dir='ltr'><strong>R,</strong></span> <span class='ocrx_word' id='word_1_184' title='bbox 1511 1968 1764 2016; x_wconf 74' lang='grc' dir='ltr'><em>ἐγκαταστραί-</em></span> 
     </span>
     <span class='ocr_line' id='line_1_30' title="bbox 396 2018 1455 2069; baseline -0.007 -9"><span class='ocrx_word' id='word_1_185' title='bbox 396 2030 463 2060; x_wconf 72' lang='grc' dir='ltr'><strong>σας</strong></span> <span class='ocrx_word' id='word_1_186' title='bbox 482 2022 515 2060; x_wconf 81' lang='lat' dir='ltr'>R</span> <span class='ocrx_word' id='word_1_187' title='bbox 651 2022 742 2057; x_wconf 80' lang='lat'>3551</span> <span class='ocrx_word' id='word_1_188' title='bbox 765 2033 828 2066; x_wconf 81' lang='grc' dir='ltr'><strong>φρ.</strong></span> <span class='ocrx_word' id='word_1_189' title='bbox 849 2019 931 2069; x_wconf 64' lang='grc' dir='ltr'><strong>οἷσι]</strong></span> <span class='ocrx_word' id='word_1_190' title='bbox 955 2019 1106 2056; x_wconf 81' lang='grc' dir='ltr'><em>πάντων</em></span> <span class='ocrx_word' id='word_1_191' title='bbox 1124 2021 1246 2056; x_wconf 80' lang='grc' dir='ltr'><em>κακῶν</em></span> <span class='ocrx_word' id='word_1_192' title='bbox 1265 2018 1289 2065; x_wconf 79' lang='grc' dir='ltr'><em>ἦ</em></span> <span class='ocrx_word' id='word_1_193' title='bbox 1315 2018 1399 2064; x_wconf 78' lang='grc' dir='ltr'><em>ῥίζα</em></span> <span class='ocrx_word' id='word_1_194' title='bbox 1415 2019 1455 2053; x_wconf 86' lang='grc' dir='ltr'>Μ</span> 
     </span>
    </p>
   </div>
   <div class='ocr_carea' id='block_1_6' title="bbox 305 2129 1802 2860">
    <p class='ocr_par' dir='ltr' id='par_1_6' title="bbox 305 2129 1802 2666">
     <span class='ocr_line' id='line_1_31' title="bbox 305 2129 1764 2179; baseline -0.001 -15"><span class='ocrx_word' id='word_1_195' title='bbox 305 2131 549 2175; x_wconf 78' lang='lat' dir='ltr'>imperatorem</span> <span class='ocrx_word' id='word_1_196' title='bbox 568 2133 687 2177; x_wconf 85' lang='lat' dir='ltr'><strong>mittit,</strong></span> <span class='ocrx_word' id='word_1_197' title='bbox 712 2137 820 2178; x_wconf 82' lang='lat' dir='ltr'><strong>utque</strong></span> <span class='ocrx_word' id='word_1_198' title='bbox 845 2132 1001 2179; x_wconf 81' lang='lat' dir='ltr'><strong>captivos</strong></span> <span class='ocrx_word' id='word_1_199' title='bbox 1023 2133 1172 2168; x_wconf 84' lang='lat' dir='ltr'><strong>redimat</strong></span> <span class='ocrx_word' id='word_1_200' title='bbox 1188 2132 1360 2167; x_wconf 82' lang='lat' dir='ltr'><strong>hortatur.</strong></span> <span class='ocrx_word' id='word_1_201' title='bbox 1394 2141 1514 2164; x_wconf 84' lang='lat' dir='ltr'><strong>verum</strong></span> <span class='ocrx_word' id='word_1_202' title='bbox 1538 2140 1652 2174; x_wconf 88' lang='lat' dir='ltr'><strong>neque</strong></span> <span class='ocrx_word' id='word_1_203' title='bbox 1673 2129 1764 2171; x_wconf 83' lang='lat' dir='ltr'><strong>Scy-</strong></span> 
     </span>
     <span class='ocr_line' id='line_1_32' title="bbox 305 2175 1765 2224; baseline -0.001 -15"><span class='ocrx_word' id='word_1_204' title='bbox 305 2177 420 2210; x_wconf 80' lang='lat' dir='ltr'><strong>thicae</strong></span> <span class='ocrx_word' id='word_1_205' title='bbox 441 2178 655 2212; x_wconf 73' lang='lat' dir='ltr'>crudelitatis</span> <span class='ocrx_word' id='word_1_206' title='bbox 680 2186 853 2213; x_wconf 85' lang='lat' dir='ltr'><strong>extremus</strong></span> <span class='ocrx_word' id='word_1_207' title='bbox 877 2181 987 2222; x_wconf 84' lang='lat' dir='ltr'><strong>furor,</strong></span> <span class='ocrx_word' id='word_1_208' title='bbox 1012 2190 1124 2224; x_wconf 87' lang='lat' dir='ltr'><strong>neque</strong></span> <span class='ocrx_word' id='word_1_209' title='bbox 1148 2179 1287 2212; x_wconf 85' lang='lat' dir='ltr'><strong>barbari</strong></span> <span class='ocrx_word' id='word_1_210' title='bbox 1306 2176 1399 2220; x_wconf 85' lang='lat' dir='ltr'><strong>regis</strong></span> <span class='ocrx_word' id='word_1_211' title='bbox 1419 2175 1624 2217; x_wconf 81' lang='lat' dir='ltr'><strong>immanitas,</strong></span> <span class='ocrx_word' id='word_1_212' title='bbox 1651 2185 1765 2217; x_wconf 83' lang='lat' dir='ltr'><strong>neque</strong></span> 
     </span>
     <span class='ocr_line' id='line_1_33' title="bbox 307 2220 1766 2269; baseline -0.001 -15"><span class='ocrx_word' id='word_1_213' title='bbox 307 2222 644 2257; x_wconf 82' lang='lat' dir='ltr'><strong>luctus-eiulationes</strong></span> <span class='ocrx_word' id='word_1_214' title='bbox 669 2224 828 2258; x_wconf 83' lang='lat' dir='ltr'>lacrimae</span> <span class='ocrx_word' id='word_1_215' title='bbox 848 2225 1063 2269; x_wconf 80' lang='lat' dir='ltr'><strong>captivorum</strong></span> <span class='ocrx_word' id='word_1_216' title='bbox 1081 2225 1225 2259; x_wconf 82' lang='lat' dir='ltr'><strong>flectere</strong></span> <span class='ocrx_word' id='word_1_217' title='bbox 1243 2225 1363 2258; x_wconf 90' lang='lat' dir='ltr'><strong>durum</strong></span> <span class='ocrx_word' id='word_1_218' title='bbox 1384 2220 1602 2266; x_wconf 83' lang='lat' dir='ltr'><strong>imperatoris</strong></span> <span class='ocrx_word' id='word_1_219' title='bbox 1618 2220 1766 2254; x_wconf 86' lang='lat' dir='ltr'><strong>animum</strong></span> 
     </span>
     <span class='ocr_line' id='line_1_34' title="bbox 307 2265 1764 2314; baseline -0.002 -14"><span class='ocrx_word' id='word_1_220' title='bbox 307 2271 490 2312; x_wconf 79' lang='lat' dir='ltr'><strong>poterant,</strong></span> <span class='ocrx_word' id='word_1_221' title='bbox 526 2268 586 2312; x_wconf 87' lang='lat' dir='ltr'><strong>qui</strong></span> <span class='ocrx_word' id='word_1_222' title='bbox 608 2270 652 2302; x_wconf 85' lang='lat' dir='ltr'><strong>ab</strong></span> <span class='ocrx_word' id='word_1_223' title='bbox 675 2270 824 2303; x_wconf 77' lang='lat' dir='ltr'><strong>avaritia</strong></span> <span class='ocrx_word' id='word_1_224' title='bbox 846 2276 940 2304; x_wconf 88' lang='lat' dir='ltr'><strong>totus</strong></span> <span class='ocrx_word' id='word_1_225' title='bbox 963 2275 1040 2304; x_wconf 87' lang='lat' dir='ltr'><strong>erat</strong></span> <span class='ocrx_word' id='word_1_226' title='bbox 1064 2275 1264 2314; x_wconf 86' lang='lat' dir='ltr'><strong>occupatus.</strong></span> <span class='ocrx_word' id='word_1_227' title='bbox 1311 2278 1429 2302; x_wconf 88' lang='lat' dir='ltr'><strong>rursus</strong></span> <span class='ocrx_word' id='word_1_228' title='bbox 1449 2278 1532 2310; x_wconf 86' lang='lat' dir='ltr'><strong>ergo</strong></span> <span class='ocrx_word' id='word_1_229' title='bbox 1554 2265 1764 2300; x_wconf 84' lang='lat' dir='ltr'><strong>barbarissi-</strong></span> 
     </span>
     <span class='ocr_line' id='line_1_35' title="bbox 310 2309 1767 2357; baseline -0.001 -12"><span class='ocrx_word' id='word_1_230' title='bbox 310 2324 383 2346; x_wconf 90' lang='lat' dir='ltr'><strong>mus</strong></span> <span class='ocrx_word' id='word_1_231' title='bbox 407 2312 464 2346; x_wconf 89' lang='lat' dir='ltr'><strong>ille</strong></span> <span class='ocrx_word' id='word_1_232' title='bbox 487 2313 679 2357; x_wconf 80' lang='lat' dir='ltr'>chaganus,</span> <span class='ocrx_word' id='word_1_233' title='bbox 715 2315 787 2349; x_wconf 87' lang='lat' dir='ltr'><strong>suis</strong></span> <span class='ocrx_word' id='word_1_234' title='bbox 810 2316 854 2350; x_wconf 88' lang='lat' dir='ltr'><strong>ad</strong></span> <span class='ocrx_word' id='word_1_235' title='bbox 872 2316 1076 2349; x_wconf 85' lang='lat' dir='ltr'><strong>Mauricium</strong></span> <span class='ocrx_word' id='word_1_236' title='bbox 1098 2315 1230 2357; x_wconf 77' lang='lat' dir='ltr'><strong>missis,</strong></span> <span class='ocrx_word' id='word_1_237' title='bbox 1256 2312 1466 2348; x_wconf 81' lang='lat' dir='ltr'>moderatius</span> <span class='ocrx_word' id='word_1_238' title='bbox 1486 2318 1522 2346; x_wconf 86' lang='lat' dir='ltr'><strong>et</strong></span> <span class='ocrx_word' id='word_1_239' title='bbox 1540 2311 1683 2356; x_wconf 87' lang='lat' dir='ltr'><strong>aequius</strong></span> <span class='ocrx_word' id='word_1_240' title='bbox 1707 2309 1767 2355; x_wconf 85' lang='lat' dir='ltr'><strong>agi</strong></span> 
     </span>
     <span class='ocr_line' id='line_1_36' title="bbox 310 2357 1768 2405; baseline -0.001 -14"><span class='ocrx_word' id='word_1_241' title='bbox 310 2369 387 2391; x_wconf 85' lang='lat' dir='ltr'><strong>cum</strong></span> <span class='ocrx_word' id='word_1_242' title='bbox 411 2370 452 2391; x_wconf 90' lang='lat' dir='ltr'><strong>eo</strong></span> <span class='ocrx_word' id='word_1_243' title='bbox 471 2358 589 2401; x_wconf 85' lang='lat' dir='ltr'><strong>iubet,</strong></span> <span class='ocrx_word' id='word_1_244' title='bbox 621 2370 745 2402; x_wconf 84' lang='lat' dir='ltr'><strong>magna</strong></span> <span class='ocrx_word' id='word_1_245' title='bbox 771 2361 815 2393; x_wconf 82' lang='lat' dir='ltr'><strong>de</strong></span> <span class='ocrx_word' id='word_1_246' title='bbox 841 2361 955 2405; x_wconf 87' lang='lat' dir='ltr'><strong>pretio</strong></span> <span class='ocrx_word' id='word_1_247' title='bbox 979 2372 1109 2394; x_wconf 72' lang='lat' dir='ltr'><strong>summa</strong></span> <span class='ocrx_word' id='word_1_248' title='bbox 1132 2361 1291 2394; x_wconf 83' lang='lat' dir='ltr'><strong>deducta.</strong></span> <span class='ocrx_word' id='word_1_249' title='bbox 1339 2370 1414 2392; x_wconf 89' lang='lat' dir='ltr'><strong>cum</strong></span> <span class='ocrx_word' id='word_1_250' title='bbox 1441 2364 1554 2391; x_wconf 85' lang='lat' dir='ltr'><strong>autem</strong></span> <span class='ocrx_word' id='word_1_251' title='bbox 1577 2357 1768 2401; x_wconf 84' lang='lat' dir='ltr'><strong>imperator</strong></span> 
     </span>
     <span class='ocr_line' id='line_1_37' title="bbox 311 2401 1767 2448; baseline -0.001 -11"><span class='ocrx_word' id='word_1_252' title='bbox 311 2403 467 2448; x_wconf 83' lang='lat' dir='ltr'><strong>aspidem</strong></span> <span class='ocrx_word' id='word_1_253' title='bbox 485 2403 622 2437; x_wconf 84' lang='lat' dir='ltr'><strong>imitans</strong></span> <span class='ocrx_word' id='word_1_254' title='bbox 646 2416 746 2438; x_wconf 89' lang='lat' dir='ltr'><strong>aures</strong></span> <span class='ocrx_word' id='word_1_255' title='bbox 772 2407 952 2439; x_wconf 85' lang='lat' dir='ltr'><strong>obturaret</strong></span> <span class='ocrx_word' id='word_1_256' title='bbox 973 2418 1036 2439; x_wconf 87' lang='lat' dir='ltr'><strong>nec</strong></span> <span class='ocrx_word' id='word_1_257' title='bbox 1063 2418 1183 2440; x_wconf 80' lang='lat' dir='ltr'><strong>vocem</strong></span> <span class='ocrx_word' id='word_1_258' title='bbox 1206 2405 1459 2439; x_wconf 77' lang='lat' dir='ltr'><strong>excantantium</strong></span> <span class='ocrx_word' id='word_1_259' title='bbox 1484 2402 1667 2437; x_wconf 81' lang='lat' dir='ltr'><strong>admittere</strong></span> <span class='ocrx_word' id='word_1_260' title='bbox 1690 2401 1767 2435; x_wconf 83' lang='lat' dir='ltr'><strong>vel-</strong></span> 
     </span>
     <span class='ocr_line' id='line_1_38' title="bbox 312 2446 1768 2495; baseline -0.001 -13"><span class='ocrx_word' id='word_1_261' title='bbox 312 2449 373 2492; x_wconf 88' lang='lat' dir='ltr'><strong>let,</strong></span> <span class='ocrx_word' id='word_1_262' title='bbox 396 2449 618 2483; x_wconf 79' lang='lat' dir='ltr'><strong>excandescit</strong></span> <span class='ocrx_word' id='word_1_263' title='bbox 641 2450 745 2495; x_wconf 90' lang='lat' dir='ltr'><strong>(proh</strong></span> <span class='ocrx_word' id='word_1_264' title='bbox 763 2450 877 2494; x_wconf 88' lang='lat' dir='ltr'><strong>dolor)</strong></span> <span class='ocrx_word' id='word_1_265' title='bbox 903 2451 1076 2495; x_wconf 79' lang='lat' dir='ltr'><strong>chaganus</strong></span> <span class='ocrx_word' id='word_1_266' title='bbox 1096 2452 1284 2495; x_wconf 77' lang='lat' dir='ltr'>pantherae</span> <span class='ocrx_word' id='word_1_267' title='bbox 1305 2462 1346 2483; x_wconf 91' lang='lat' dir='ltr'><strong>ac</strong></span> <span class='ocrx_word' id='word_1_268' title='bbox 1365 2448 1504 2493; x_wconf 77' lang='lat' dir='ltr'><strong>tigridis</strong></span> <span class='ocrx_word' id='word_1_269' title='bbox 1523 2449 1645 2492; x_wconf 84' lang='lat' dir='ltr'><strong>instar,</strong></span> <span class='ocrx_word' id='word_1_270' title='bbox 1664 2446 1768 2481; x_wconf 82' lang='lat' dir='ltr'><strong>morti</strong></span> 
     </span>
     <span class='ocr_line' id='line_1_39' title="bbox 311 2493 1767 2539; baseline -0.001 -11"><span class='ocrx_word' id='word_1_271' title='bbox 311 2499 366 2533; x_wconf 79' lang='lat' dir='ltr'><strong>tot</strong></span> <span class='ocrx_word' id='word_1_272' title='bbox 385 2495 539 2528; x_wconf 87' lang='lat' dir='ltr'><strong>homines</strong></span> <span class='ocrx_word' id='word_1_273' title='bbox 559 2495 707 2539; x_wconf 77' lang='lat' dir='ltr'><strong>addicit,</strong></span> <span class='ocrx_word' id='word_1_274' title='bbox 736 2501 865 2530; x_wconf 79' lang='lat' dir='ltr'><strong>tantam</strong></span> <span class='ocrx_word' id='word_1_275' title='bbox 888 2496 1005 2539; x_wconf 91' lang='lat' dir='ltr'><strong>(heu)</strong></span> <span class='ocrx_word' id='word_1_276' title='bbox 1031 2495 1280 2530; x_wconf 75' lang='lat' dir='ltr'><strong>multitudinem</strong></span> <span class='ocrx_word' id='word_1_277' title='bbox 1302 2495 1425 2538; x_wconf 80' lang='lat' dir='ltr'><strong>gladiis</strong></span> <span class='ocrx_word' id='word_1_278' title='bbox 1447 2493 1634 2537; x_wconf 87' lang='lat' dir='ltr'><strong>interficit,</strong></span> <span class='ocrx_word' id='word_1_279' title='bbox 1658 2498 1767 2528; x_wconf 80' lang='lat' dir='ltr'><strong>totam</strong></span> 
     </span>
     <span class='ocr_line' id='line_1_40' title="bbox 312 2540 1802 2585; baseline -0.001 -12"><span class='ocrx_word' id='word_1_280' title='bbox 312 2540 465 2584; x_wconf 84' lang='lat' dir='ltr'><strong>regionis</strong></span> <span class='ocrx_word' id='word_1_281' title='bbox 488 2541 707 2584; x_wconf 83' lang='lat' dir='ltr'><strong>superficiem</strong></span> <span class='ocrx_word' id='word_1_282' title='bbox 731 2541 958 2575; x_wconf 82' lang='lat' dir='ltr'><strong>cadaveribus</strong></span> <span class='ocrx_word' id='word_1_283' title='bbox 983 2548 1192 2575; x_wconf 86' lang='lat' dir='ltr'><strong>mortuorum</strong></span> <span class='ocrx_word' id='word_1_284' title='bbox 1216 2541 1349 2585; x_wconf 83' lang='lat' dir='ltr'><strong>operit,</strong></span> <span class='ocrx_word' id='word_1_285' title='bbox 1384 2551 1521 2584; x_wconf 78' lang='lat' dir='ltr'><strong>campos</strong></span> <span class='ocrx_word' id='word_1_286' title='bbox 1543 2551 1661 2574; x_wconf 86' lang='lat' dir='ltr'><strong>omnes</strong></span> <span class='ocrx_word' id='word_1_287' title='bbox 1684 2550 1766 2577; x_wconf 75' lang='lat' dir='ltr'><strong>san·</strong></span> <span class='ocrx_word' id='word_1_288' title='bbox 1798 2554 1802 2556; x_wconf 95' lang='lat'>·</span> 
     </span>
     <span class='ocr_line' id='line_1_41' title="bbox 313 2583 1765 2631; baseline 0 -13"><span class='ocrx_word' id='word_1_289' title='bbox 313 2585 418 2629; x_wconf 83' lang='lat' dir='ltr'><strong>guine</strong></span> <span class='ocrx_word' id='word_1_290' title='bbox 442 2592 619 2630; x_wconf 83' lang='lat' dir='ltr'><strong>cruentat,</strong></span> <span class='ocrx_word' id='word_1_291' title='bbox 651 2586 786 2620; x_wconf 85' lang='lat' dir='ltr'><strong>acervis</strong></span> <span class='ocrx_word' id='word_1_292' title='bbox 811 2586 982 2621; x_wconf 88' lang='lat' dir='ltr'><strong>hominum</strong></span> <span class='ocrx_word' id='word_1_293' title='bbox 1001 2587 1263 2621; x_wconf 86' lang='lat' dir='ltr'><strong>interfectorum</strong></span> <span class='ocrx_word' id='word_1_294' title='bbox 1281 2587 1324 2621; x_wconf 77' lang='lat' dir='ltr'><strong>ad</strong></span> <span class='ocrx_word' id='word_1_295' title='bbox 1343 2586 1439 2631; x_wconf 88' lang='lat' dir='ltr'><strong>pinei</strong></span> <span class='ocrx_word' id='word_1_296' title='bbox 1460 2585 1592 2630; x_wconf 77' lang='lat' dir='ltr'><strong>stipitis</strong></span> <span class='ocrx_word' id='word_1_297' title='bbox 1611 2583 1765 2619; x_wconf 76' lang='lat' dir='ltr'><strong>altitudi-</strong></span> 
     </span>
     <span class='ocr_line' id='line_1_42' title="bbox 314 2637 622 2666; baseline 0 -1"><span class='ocrx_word' id='word_1_298' title='bbox 314 2643 391 2666; x_wconf 83' lang='lat' dir='ltr'><strong>nem</strong></span> <span class='ocrx_word' id='word_1_299' title='bbox 413 2637 622 2665; x_wconf 81' lang='lat' dir='ltr'><strong>constratos.</strong></span> 
     </span>
    </p>

    <p class='ocr_par' dir='ltr' id='par_1_7' title="bbox 317 2675 1771 2860">
     <span class='ocr_line' id='line_1_43' title="bbox 407 2675 1771 2722; baseline -0.001 -12"><span class='ocrx_word' id='word_1_300' title='bbox 407 2677 438 2710; x_wconf 94' lang='grc' dir='ltr'>Ο</span> <span class='ocrx_word' id='word_1_301' title='bbox 458 2688 587 2720; x_wconf 85' lang='lat' dir='ltr'><strong>aurum,</strong></span> <span class='ocrx_word' id='word_1_302' title='bbox 613 2683 760 2719; x_wconf 82' lang='lat' dir='ltr'><strong>tyranne</strong></span> <span class='ocrx_word' id='word_1_303' title='bbox 782 2676 942 2722; x_wconf 89' lang='lat' dir='ltr'><strong>crudelis,</strong></span> <span class='ocrx_word' id='word_1_304' title='bbox 968 2676 1140 2711; x_wconf 90' lang='lat' dir='ltr'><strong>hominum</strong></span> <span class='ocrx_word' id='word_1_305' title='bbox 1162 2680 1377 2722; x_wconf 75' lang='lat' dir='ltr'><strong>persecutor,</strong></span> <span class='ocrx_word' id='word_1_306' title='bbox 1402 2675 1641 2719; x_wconf 83' lang='lat' dir='ltr'><strong>audacissime,</strong></span> <span class='ocrx_word' id='word_1_307' title='bbox 1670 2676 1771 2709; x_wconf 80' lang='lat' dir='ltr'><strong>frau-</strong></span> 
     </span>
     <span class='ocr_line' id='line_1_44' title="bbox 317 2720 1766 2767; baseline -0.003 -11"><span class='ocrx_word' id='word_1_308' title='bbox 317 2722 474 2766; x_wconf 84' lang='lat' dir='ltr'><strong>dulente,</strong></span> <span class='ocrx_word' id='word_1_309' title='bbox 498 2734 559 2755; x_wconf 83' lang='lat' dir='ltr'><strong>arx</strong></span> <span class='ocrx_word' id='word_1_310' title='bbox 577 2723 741 2756; x_wconf 86' lang='lat' dir='ltr'><strong>malorum</strong></span> <span class='ocrx_word' id='word_1_311' title='bbox 761 2723 928 2767; x_wconf 88' lang='lat' dir='ltr'><strong>omnium,</strong></span> <span class='ocrx_word' id='word_1_312' title='bbox 953 2723 1100 2757; x_wconf 89' lang='lat' dir='ltr'><strong>omnium</strong></span> <span class='ocrx_word' id='word_1_313' title='bbox 1119 2722 1281 2756; x_wconf 83' lang='lat' dir='ltr'><strong>malorum</strong></span> <span class='ocrx_word' id='word_1_314' title='bbox 1301 2722 1401 2756; x_wconf 82' lang='lat' dir='ltr'><strong>radix</strong></span> <span class='ocrx_word' id='word_1_315' title='bbox 1413 2749 1422 2765; x_wconf 94' lang='lat'><strong>,</strong></span> <span class='ocrx_word' id='word_1_316' title='bbox 1456 2721 1630 2756; x_wconf 84' lang='lat' dir='ltr'><strong>castellum</strong></span> <span class='ocrx_word' id='word_1_317' title='bbox 1649 2720 1766 2765; x_wconf 86' lang='lat' dir='ltr'><strong>perni-</strong></span> 
     </span>
     <span class='ocr_line' id='line_1_45' title="bbox 317 2767 1769 2813; baseline -0.001 -13"><span class='ocrx_word' id='word_1_318' title='bbox 317 2767 404 2810; x_wconf 86' lang='lat' dir='ltr'><strong>ciei,</strong></span> <span class='ocrx_word' id='word_1_319' title='bbox 437 2773 593 2802; x_wconf 83' lang='lat' dir='ltr'><strong>vastator</strong></span> <span class='ocrx_word' id='word_1_320' title='bbox 615 2769 770 2812; x_wconf 88' lang='lat' dir='ltr'><strong>urbium,</strong></span> <span class='ocrx_word' id='word_1_321' title='bbox 803 2768 1137 2813; x_wconf 83' lang='lat' dir='ltr'><strong>propugnaculorum</strong></span> <span class='ocrx_word' id='word_1_322' title='bbox 1156 2779 1299 2802; x_wconf 87' lang='lat' dir='ltr'><strong>eversor</strong></span> <span class='ocrx_word' id='word_1_323' title='bbox 1313 2794 1322 2811; x_wconf 93' lang='lat'><strong>,</strong></span> <span class='ocrx_word' id='word_1_324' title='bbox 1356 2779 1528 2801; x_wconf 87' lang='lat' dir='ltr'><strong>murorum</strong></span> <span class='ocrx_word' id='word_1_325' title='bbox 1549 2767 1769 2808; x_wconf 80' lang='lat' dir='ltr'><strong>dilaceratur,</strong></span> 
     </span>
     <span class='ocr_line' id='line_1_46' title="bbox 318 2812 1768 2860; baseline -0.001 -13"><span class='ocrx_word' id='word_1_326' title='bbox 318 2813 523 2858; x_wconf 86' lang='lat' dir='ltr'><strong>oppidorum</strong></span> <span class='ocrx_word' id='word_1_327' title='bbox 541 2820 759 2860; x_wconf 84' lang='lat' dir='ltr'><strong>oppugnator</strong></span> <span class='ocrx_word' id='word_1_328' title='bbox 772 2840 781 2858; x_wconf 90' lang='lat'><strong>,</strong></span> <span class='ocrx_word' id='word_1_329' title='bbox 814 2816 950 2850; x_wconf 85' lang='lat' dir='ltr'><strong>aedium</strong></span> <span class='ocrx_word' id='word_1_330' title='bbox 968 2824 1169 2859; x_wconf 84' lang='lat' dir='ltr'><strong>succussor,</strong></span> <span class='ocrx_word' id='word_1_331' title='bbox 1193 2813 1352 2860; x_wconf 85' lang='lat' dir='ltr'><strong>qualibus</strong></span> <span class='ocrx_word' id='word_1_332' title='bbox 1370 2813 1467 2848; x_wconf 84' lang='lat' dir='ltr'><strong>malis</strong></span> <span class='ocrx_word' id='word_1_333' title='bbox 1489 2812 1649 2848; x_wconf 83' lang='lat' dir='ltr'><strong>mortales</strong></span> <span class='ocrx_word' id='word_1_334' title='bbox 1668 2812 1768 2847; x_wconf 81' lang='lat' dir='ltr'><strong>dive-</strong></span> 
     </span>
    </p>
   </div>
  </div>
 </body>
</html>
