1924 3242
321 156 384 202 34
951 155 1133 200 IOELIS

319 267 473 327 ἐσφάγη
498 269 575 312 ὑπὸ
595 267 940 324 κουβικουλαρίου.
1006 268 1076 325 ἐφ’
1104 262 1153 311 οὗ
1173 269 1240 311 καὶ
1264 266 1285 310 ὅ
1309 265 1419 324 ἅγιος
1434 268 1628 326 Χαρίτων
1648 267 1760 323 ὦμο-

319 337 475 394 λόγησε,
508 339 575 379 καὶ
594 335 746 391 Μάνης
766 333 786 377 ὃ
805 336 951 392 μιαρὸς
967 337 1032 378 καὶ
1053 334 1367 394 τρισκατάρατος
1385 335 1551 393 ἀνεφύη,
1580 336 1760 394 Χριστὸν

321 404 462 448 ἑαυτὸν
481 406 547 446 καὶ
568 408 723 457 πνεῦμα
746 401 858 459 ἅγιον
879 402 900 446 ὅ
924 403 1189 459 δαιμονιώδης
1209 402 1525 460 μορφαζόμενος.
1589 406 1759 454 Παῦλος

320 474 366 515 δέ
387 489 446 524 τις
465 476 522 530 τῷ
543 472 726 514 Μανίντι
759 469 887 529 τούτῳ
918 470 1134 528 σύγχρονος
1162 469 1351 527 γεγονώς,
1383 469 1429 512 τὸ
1450 472 1561 526 γένος
1576 471 1649 528 μὲν
1669 474 1757 515 Σα-

178 549 206 582 Ρ
233 549 297 583 167
317 538 517 595 μοσατεύς
527 571 540 591 ,
561 539 799 592 Ἀντιοχείας
818 539 861 581 δὲ
881 543 952 594 τῆς
971 538 1145 595 μεγάλης
1165 537 1371 594 πρόεδρος,
1396 538 1520 592 ψιλὸν
1539 537 1754 596 ἄνθρωπον
1767 545 1789 580 5

318 606 415 650 εἶναι
450 608 519 649 τὸν
554 606 689 663 κύριον
724 604 1015 663 ἕδυσφύμησεν.
1082 605 1166 649 εἶτα
1193 603 1466 662 Ἀπολινάριός
1500 622 1561 656 τις
1591 604 1758 663 ἆνεφῦη,

318 674 512 732 πρόεδρος
538 676 787 723 Λαοδικείας
823 678 894 729 τῆς
930 675 1107 730 Συρίας,
1154 671 1199 723 ὃς
1229 671 1361 730 σάρκα
1393 673 1465 726 μὲν
1499 673 1758 728 ἓψυχωμένην

316 746 432 799 ψυχῇ
452 744 595 799 ζωτικῇ
615 741 865 798 ἀνειληφέναι
888 742 956 784 τὸν
977 740 1112 798 κύριον
1133 740 1259 796 ἔλεγεν
1269 772 1283 792 ,
1319 739 1439 782 ἄνουν
1465 741 1522 782 δέ.
1587 739 1687 794 μεθ’
1713 739 1760 783 ὃν

316 810 581 867 ἇναφαίνεταί
598 827 658 859 τις
682 807 914 865 Θεόδωρος,
948 810 1243 862 Μοψουεστίας
1268 806 1419 857 πόλεως
1439 808 1481 849 ἓν
1503 809 1666 867 Κιλικίᾳ
1685 807 1758 862 τὴν

315 875 526 934 ἡγεμονίαν
547 875 694 931 λαχών,
729 876 773 926 ὃς
793 877 862 918 ἕνα
883 881 962 919 τῶν
982 876 1082 918 καθ’
1106 874 1214 931 ἡμᾶς
1236 879 1376 918 κοινῶν
1397 873 1583 918 ἀπεκάλει
1603 875 1672 918 τὸν
1690 877 1756 918 δε·
1769 884 1814 919 10

316 943 467 1000 σπότην
486 943 688 1002 Χριστόν,
723 945 789 986 καὶ
820 945 862 986 ἐκ
890 948 1095 1001 προκοπῆς
1123 941 1301 996 λαβόντα
1332 945 1399 984 καὶ
1427 942 1531 985 κατὰ
1559 941 1681 1000 χάριν
1711 943 1758 986 τὸ

315 1012 413 1055 θεὸν
432 1012 559 1054 ,αὗτὸν
576 1010 848 1065 ὀνομάζεσθαι
859 1043 872 1063 ,
907 1014 973 1053 καὶ
995 1012 1038 1053 ἐκ
1065 1016 1136 1053 τοῦ
1157 1012 1199 1053 ἐν
1219 1016 1277 1068 τῷ
1287 1008 1468 1068 Ἰορδάνῃ
1486 1014 1656 1068 ποταμῷ
1676 1014 1757 1064 βα-

314 1081 536 1134 πτίσματος
556 1079 779 1130 ἀξιωθέντα
796 1083 868 1133 τῆς
886 1083 959 1121 τοῦ
981 1077 1092 1134 ἁγίου
1114 1076 1338 1132 πνεύματος
1356 1075 1535 1135 χάριτος,
1557 1075 1613 1127 ὥς
1632 1079 1758 1132 δῆθεν

263 1155 294 1189 Β
317 1147 385 1190 τὸν
406 1147 504 1189 θεὸν
519 1145 635 1202 λόγον
652 1146 719 1187 διὰ
739 1146 810 1200 τὴν
824 1144 1155 1202 ὑπερβάλλουσαν
1176 1145 1319 1202 ἀρετὴν
1340 1145 1449 1202 αὐτῷ
1467 1143 1759 1200 κατοικήσαντα

312 1216 554 1272 μςταδοῦναι
576 1218 647 1267 τῆς
667 1217 805 1267 θεϊκῆς
833 1212 947 1262 ἀξίας
968 1213 1165 1269 αὐτῷκαὶ
1187 1210 1492 1268 προσκυνήσεως
1521 1213 1562 1262 ἔς
1591 1212 1758 1269 ὕστερον
1768 1222 1811 1256 15

313 1282 416 1335 μετὰ
436 1281 515 1335 τὴν,
531 1282 742 1323 τελείωσιν.
780 1279 883 1333 μετὰ
907 1280 950 1321 δὲ
974 1283 1115 1320 τοῦτον
1134 1277 1355 1335 Νεστόριος
1372 1278 1450 1320 ἀπὸ
1472 1281 1514 1319 Γ
1510 1280 1759 1335 ερμανικείας

282 1393 285 1396 ,
314 1354 386 1403 τῆς
404 1349 556 1404 Συρίας
575 1351 648 1389 τοῦ
665 1345 818 1402 θρόνου
839 1343 1299 1395 Κωνσταντινουπόλεως
1318 1344 1577 1402 δραξάμενος,
1612 1346 1657 1396 ὃς
1675 1354 1760 1397 τοῖς

313 1416 440 1458 αὐτοῦ’
461 1412 669 1470 προγόνοις
688 1411 879 1467 ἑπόμενος
902 1413 1007 1469 (υἱὸς
1027 1412 1104 1470 γὰρ
1125 1408 1174 1468 ἦν
1196 1417 1269 1455 τοῦ
1287 1414 1467 1465 Κίλικος,
1503 1412 1696 1469 ἀπόγονος
1714 1415 1759 1457 δὲ

312 1487 387 1525 τοῦ
407 1482 695 1536 Σαμοσατέως)
723 1480 937 1538 ἀπηρνεῖτο
959 1478 1152 1523 θεοτόκον
1170 1481 1293 1537 λέγειν
1313 1480 1385 1536 τὴν
1404 1478 1622 1538 ὖπεραγίαν
1643 1480 1758 1537 ἡμῶν

314 1551 549 1600 δέσποιναν,
597 1547 652 1598 ὡς
683 1547 805 1590 ἄλλον
821 1549 906 1602 ,μέν
936 1546 1033 1590 εἶναι
1062 1548 1131 1590 τὸν
1152 1547 1334 1605 Χριστὸν
1360 1547 1482 1590 ἄλλον
1508 1550 1552 1591 δὲ
1570 1548 1639 1591 τὸν
1657 1548 1812 1596 &dmm

313 1617 431 1673 λόγον
451 1616 555 1659 κατὰ
572 1616 644 1670 τὴν
663 1615 857 1672 πατρικὴν
875 1615 1000 1658 αὐτοῦ
1021 1613 1174 1670 πλάνην
1196 1617 1453 1670 δογματίζων.
1521 1613 1606 1658 εἶτα
1622 1616 1756 1659 Εὐτυ-

310 1683 401 1739 χής,
423 1682 467 1733 ὃς
485 1684 695 1739 ἀπηρνεῖτο
717 1684 839 1738 λέγειν
860 1681 1061 1734 σώζεσθαι
1083 1683 1124 1724 ἓν
1145 1686 1203 1740 τῷ
1217 1685 1388 1740 Χριστῷ
1407 1681 1479 1724 δύο
1499 1681 1640 1739 φύσεις
1653 1684 1756 1737 μετὰ

313 1751 386 1806 τὴν
405 1749 557 1793 τούτων
578 1750 728 1792 ἕνωσιν.
795 1747 878 1792 εἶτα
911 1748 1091 1806 Σεβῆρός
1119 1766 1179 1800 τις
1211 1748 1442 1806 λεγόμενος,
1477 1748 1664 1807 ἁρπάσας
1687 1750 1756 1793 τὸν

261 1826 292 1861 C
314 1816 466 1876 θρόνον
481 1818 731 1872 Ἀντιοχείας.
796 1818 862 1859 καὶ
884 1814 975 1872 ἑξῆς
996 1817 1134 1874 ἕτεροι.

315 1980 355 2004 eo
370 1971 504 2004 sanctus
519 1967 657 2003 Obarito
674 1969 826 2013 martyrii
840 1979 1001 2003 coronam
1015 1969 1190 2005 assecutus
1206 1970 1270 2004 est.
1316 1970 1496 2015 praeterea
1505 1969 1622 2004 Manes
1635 1969 1753 2015 impius

314 2019 351 2048 et
364 2019 482 2059 terque
496 2019 682 2060 quaterque
697 2015 904 2048 execrandus
919 2015 1045 2059 oritur,
1077 2014 1133 2059 qui
1150 2026 1188 2048 se
1207 2013 1375 2049 Christum
1391 2019 1425 2049 et
1437 2014 1588 2069 spiritum
1603 2021 1752 2050 sanctum

310 2070 386 2094 esse
401 2059 617 2094 daemonibus
631 2060 704 2104 ipse
720 2058 867 2105 percitus
883 2059 1037 2093 iactabat.
1067 2059 1192 2095 Paulus
1208 2064 1320 2094 aetate
1335 2060 1463 2094 Maneti
1478 2071 1613 2104 compar
1627 2071 1753 2104 genere

311 2105 550 2138 Samosatenus
561 2132 571 2148 ‚
598 2105 794 2138 Antiochiae
809 2116 951 2148 magnae
967 2115 1120 2150 praeses,
1151 2106 1272 2139 nudum
1293 2105 1453 2139 hominem
1466 2105 1571 2138 fuisse
1586 2105 1751 2140 dominum

310 2150 505 2184 oblatravit.
550 2150 737 2184 subsecutis
751 2150 910 2196 deinceps
925 2150 1130 2193 temporibus
1145 2149 1366 2195 Apollinarius
1381 2149 1513 2194 quidam
1528 2174 1540 2192 ‚
1562 2149 1753 2184 Laodiceae

316 2194 439 2238 Syriae
453 2195 598 2239 praesul,
623 2195 789 2228 dominum
805 2207 937 2229 carnem
953 2195 1063 2229 anima
1077 2195 1215 2229 vivente
1230 2195 1416 2236 animatam,
1437 2195 1498 2228 sed
1514 2206 1601 2239 quae
1613 2195 1752 2231 rationis

313 2238 446 2273 minime
461 2250 595 2284 compos
611 2244 712 2283 esset,
727 2240 948 2285 assumpsisse
963 2240 1161 2275 enuntiavit.
1230 2243 1283 2273 ost
1297 2239 1534 2284 Apollinarium
1549 2240 1752 2274 Theodorus

312 2282 567 2327 Mopsvestinae
582 2283 721 2318 urbisin
738 2285 856 2318 Cilicia
870 2289 994 2326 rector,
1008 2285 1180 2318 christum
1240 2284 1360 2318 minum
1375 2284 1537 2318 bominem
1553 2285 1648 2319 nobis
1662 2285 1753 2319 simi-

312 2327 377 2362 lem
392 2332 427 2362 et
439 2329 631 2371 vulgarem,
660 2333 694 2362 et
714 2340 892 2372 progressu
916 2335 1043 2363 tantum
1066 2330 1207 2373 gratiam
1229 2328 1285 2362 dei
1307 2329 1478 2374 recepisse
1493 2329 1637 2374 ideoque
1654 2329 1751 2364 deum

312 2378 480 2415 vocatum,
505 2376 541 2406 et
556 2384 597 2407 ex
614 2372 824 2417 baptismate,
843 2385 909 2418 quo
926 2375 961 2407 in
975 2374 1120 2408 Iordane
1133 2375 1263 2408 ablutus
1281 2379 1346 2417 est,
1363 2374 1499 2418 spiritus
1514 2375 1622 2409 sancti
1636 2386 1752 2410 mune-

312 2418 405 2452 ribus
420 2418 609 2461 dignatum:
637 2417 784 2451 divinum
800 2423 912 2452 autem
925 2420 1065 2452 verbum
1084 2422 1224 2464 propter
1239 2419 1427 2453 immensam
1440 2419 1526 2453 illius
1542 2419 1701 2455 virtutem
1715 2420 1752 2454 in

311 2474 353 2497 eo
369 2463 554 2506 habitasse,
585 2462 700 2507 illique
721 2463 919 2506 dignitatem
943 2463 1152 2498 divinitatem
1177 2475 1218 2497 ac
1242 2464 1491 2498 venerationem
1512 2465 1649 2499 tandem
1672 2469 1751 2510 post

311 2508 624 2542 consummationem
639 2508 899 2542 communicasse
914 2509 1092 2542 fatebatur.
1137 2513 1217 2553 post
1231 2509 1318 2543 hunc
1332 2509 1513 2544 Nestorius
1534 2522 1553 2543 e
1569 2510 1753 2545 Germani-

310 2552 384 2586 ciae
398 2553 521 2598 Syriae
535 2553 654 2586 throno
669 2553 848 2598 cpolitano
871 2553 1006 2595 invaso,
1040 2552 1182 2587 maiores
1207 2565 1286 2588 suos
1309 2559 1445 2589 secutus
1468 2554 1603 2599 (Cilicis
1627 2555 1752 2600 quippe

312 2597 413 2641 filius,
437 2597 647 2632 samosateni
663 2609 767 2652 nepos
785 2599 877 2641 erat)
899 2598 1137 2633 sanctissimam
1159 2603 1309 2633 nostram
1326 2599 1489 2635 dominam
1503 2601 1672 2645 deiparam
1686 2611 1752 2634 vo-

312 2653 392 2676 care
405 2644 588 2686 renuebat,
625 2654 718 2688 quasi
732 2642 814 2677 alius
830 2646 920 2677 esset
934 2642 1087 2678 Christus
1102 2647 1137 2677 et
1153 2644 1242 2678 aliud
1258 2644 1405 2679 divinum
1422 2646 1581 2687 verbum,
1615 2649 1654 2680 ut
1677 2645 1752 2690 ipse

313 2687 455 2733 patrium
470 2693 506 2722 et
519 2688 644 2722 avitum
659 2700 806 2722 errorem
821 2691 956 2725 secutus
968 2689 1174 2723 affirmabat.
1195 2694 1374 2734 praeterea
1387 2690 1576 2736 Eutyches,
1599 2690 1657 2735 qui
1670 2692 1752 2735 post

312 2732 465 2767 unionem
488 2733 570 2767 duas
593 2732 628 2767 iu
643 2733 780 2767 Christo
802 2737 939 2768 naturas
963 2734 1155 2769 conservari
1178 2736 1334 2780 negabat.
1381 2737 1531 2772 Severus
1545 2736 1623 2772 item
1637 2733 1751 2770 nescio

312 2777 399 2823 quis,
422 2778 480 2824 qui
492 2778 691 2814 Antiochiae
704 2779 859 2815 thronum
873 2779 1070 2826 occupavit,
1091 2783 1129 2814 et
1143 2779 1211 2815 alii.
