1872 3236
146 1053 174 1087 P
195 1055 261 1091 115

224 1865 255 1899 Β

298 185 395 235 240
678 190 1048 236 CONSTANTINI
1084 192 1349 238 MANAssIs

427 303 576 361 φυέντα
598 305 657 361 τῷ
675 304 918 364 Λακαπηνῷ
937 306 1104 349 σκοτίων
1125 306 1169 349 ἔκ
1193 303 1430 363 σπερμάτων
1467 318 1470 322 ’

424 370 666 428 παράκοιτον
685 373 752 414 καὶ
771 371 934 429 φύλακα
953 378 1024 428 τῆς
1040 376 1246 428 βασιλείου
1266 376 1411 430 κλίνης.

290 437 399 481 5635
425 440 505 480 ἐπεὶ
527 439 570 480 δ’
596 437 617 480 ὃ
638 438 807 497 Βάρδας
825 440 988 494 ἴσβεστο
1011 442 1084 497 τὴν
1100 442 1202 500 πρὸς
1220 441 1295 491 τὰς
1313 441 1451 497 μάχας
1471 442 1631 500 θέρμην

424 509 491 548 καὶ
510 506 582 561 τὴν
605 506 825 564 ὀξύρροπον
846 506 976 566 ὁρμὴν
994 509 1138 564 (ἔψυχε
1158 509 1236 566 γὰρ
1256 510 1302 551 τὸ
1319 509 1480 566 γῆρας),

424 577 479 624 εἷς
496 573 732 632 Νικηφόρον
751 576 819 618 τὸν·
840 579 989 619 Φωκᾶν
1010 577 1082 631 τὴν
1104 578 1375 634 στραταρχίαν
1394 579 1541 635 τρέπει,

423 642 523 683 εἴποι
542 660 604 693 τις
624 642 687 694 ἄν,
722 645 764 686 ἐκ
788 644 946 695 λέοντος
967 647 1022 695 εἷς
1041 645 1111 687 τὸν
1129 645 1278 687 ἐκείνου
1301 643 1488 699 σκύμνον.

418 709 507 751 υἱὸν
527 712 554 752 δ
558 711 570 726 ²
595 712 691 753 metu
713 713 936 767 εὖτυχηκώς
959 714 1064 763 ι’διάς
1089 714 1131 763 ἒξ
1154 710 1320 769 ὀσφύος,

284 775 395 820 5640
421 777 465 828 ὃς
482 778 524 828 ἐξ
539 776 697 834 Ἑλένης
711 777 924 834 Ῥωμανοῢ
943 785 1016 835 τῆς
1033 780 1240 838 θυγατρὸς
1257 781 1391 837 ἐξέφυ,

419 845 914 901 κατονομάζει“Ρωμανόν.
981 847 1180 891 ἐλάσαντα
1205 848 1245 890 δ’
1271 849 1325 898 εἷς
1345 846 1449 902 ἥβην

418 915 486 955 καὶ
504 919 655 971 γαμετῇ
677 913 907 971 συζεύγνυσι
917 946 933 967 ,
966 917 1034 958 καὶ
1053 916 1212 970 βλέψας
1232 916 1324 958 υἱοῦ
1344 914 1458 971 γόνον

421 983 633 1025 Βασίλειον
652 982 721 1024 τὸν
734 984 921 1039 μέγιστον
940 984 1001 1025 ἐπὶ
1019 985 1342 1040 τροπαιουχιάις,

419 1052 485 1091 καὶ
505 1051 659 1107 βρέφος
680 1050 916 1107 ἔπαγκάλιον
934 1050 1146 1105 βαστάσας
1164 1051 1233 1094 τὸν
1250 1055 1454 1103 τοσοῦτον,

281 1114 395 1158 5645
417 1119 484 1159 καὶ
506 1118 618 1160 πέντε
635 1116 808 1175 χρόνους
824 1119 1034 1174 μετασχών
1054 1124 1126 1161 τοῦ
1148 1117 1322 1176 κράτους
1342 1114 1571 1170 ἀθολῶτου,

416 1187 482 1226 καὶ
501 1187 658 1238 μέλλων
680 1186 930 1229 ἀπολύεσθαι
951 1191 1031 1229 τῶν
1052 1191 1232 1243 φυσικῶν
1253 1186 1499 1240 συνδέσμων,

415 1251 645 1296 αὖτάνακτα
663 1255 882 1309 καθίστησι
903 1254 973 1296 τὸν
984 1253 1196 1307 Ῥωμανόν
1211 1253 1280 1296 τὸν
1298 1256 1440 1295 παῖδα.

474 1320 584 1362 Ἀλλ’
610 1315 727 1371 οὗτος
749 1319 910 1364 ἅπασαν
928 1319 1055 1376 ι’σχύν,
1089 1320 1253 1363 ἅπασαν
1274 1320 1507 1363 δυναστείαν

410 1395 548 1438 κακοῖς
566 1390 632 1430 καὶ
652 1387 972 1444 μικρογνῶμοσιν
996 1387 1195 1443 εὐνούχοις
1213 1388 1433 1445 ἐπιτρέψας
1438 1419 1454 1440 ,

274 1452 386 1497 5650
407 1454 546 1512 θήρας
567 1456 689 1506 αὐτὸς
708 1454 910 1514 ἐφρόντιζε
929 1458 997 1498 καὶ
1015 1455 1347 1512 κυνηγετημάτων

409 1526 477 1565 καὶ
499 1525 717 1577 δαιμονίως
740 1524 881 1578 ἴχασκε
898 1523 1002 1581 πρὸς
1021 1523 1095 1574 τὰς
1115 1524 1395 1580 κυνοδρομιάς.

407 1590 497 1633 τότε
518 1592 590 1645 τὴν
611 1591 777 1648 Κρήτην
802 1594 1007 1646 δυσμενῶν
1023 1590 1234 1648 Ἀρράβων
1254 1586 1533 1645 κατασχόντων

405 1661 473 1701 καὶ
492 1660 684 1716 κραταιὸν
702 1658 976 1717 κρησφύγετον
993 1660 1177 1713 θεμένων
1195 1659 1246 1702 τὰ
1267 1663 1340 1713 τῆς
1358 1657 1483 1713 νήσου

407 1728 475 1768 καὶ
493 1726 819 1784 κακουργούντων
835 1727 908 1782 τὴν
926 1725 1052 1784 ὑγρὰν
1067 1728 1135 1769 καὶ
1152 1725 1284 1769 πάντα
1301 1723 1588 1782 λῃστευόντων,

273 1791 383 1836 5655
408 1792 429 1835 ὃ
449 1792 685 1851 Νικηφόρος
705 1793 726 1836 ὃ
750 1797 899 1844 Φωκᾶς
925 1790 992 1849 (ἦν
1008 1794 1084 1852 γὰρ
1107 1794 1200 1845 ὀξὺς
1219 1795 1260 1837 ἓν
1278 1792 1429 1849 μάχαις

405 1864 471 1903 καὶ
493 1862 565 1916 τὴν
588 1861 717 1919 ὁρμὴν
738 1861 930 1920 ἓμπύριος
948 1864 1014 1905 καὶ
1037 1862 1250 1918 δραστικὸς
1271 1862 1346 1912 τὰς
1358 1861 1516 1918 χεῖρας)

407 1929 633 1987 στολάρχης
653 1930 941 1982 ἀναδείκνυται,
973 1929 1197 1973 πιστεύεται
1218 1930 1291 1985 τὴν
1311 1928 1461 1984 μάχην,

365 2024 456 2060 5633
476 2024 641 2068 κρυφίων
662 2024 694 2059 Α
872 2023 964 2058 5636
981 2021 1093 2068 ἔψυξε
1111 2022 1143 2059 Α
1202 2031 1211 2039 ·
1300 2021 1390 2058 5644
1405 2018 1635 2065 ὖπαγκοὶλιον
1655 2018 1720 2055 AR

360 2068 405 2105 τὸ
429 2070 603 2116 τοιοῦτον
619 2070 659 2104 Μ
794 2081 831 2104 v.
849 2068 940 2106 5645
961 2081 1016 2104 om
1036 2070 1070 2104 R
1204 2066 1295 2104 5649
1312 2065 1530 2112 ἀνθρώποις
1544 2065 1584 2101 Μ
1660 2071 1661 2075 ’

271 2147 435 2182 naturalis
459 2152 546 2190 erat,
570 2147 800 2182 accubitorem
822 2146 908 2182 fecit
931 2151 967 2182 et
986 2147 1202 2194 imperatorii
1221 2146 1304 2182 lecti
1322 2146 1512 2181 custodem.
1546 2143 1717 2178 exstincto

270 2199 384 2227 autem
412 2199 556 2238 propter
575 2199 750 2228 senectam
767 2193 804 2227 in
821 2194 938 2228 Barda
958 2195 1101 2228 fervore
1122 2205 1224 2239 quem
1249 2192 1381 2238 praelia
1399 2194 1567 2236 poscunt,
1593 2195 1630 2224 et
1650 2189 1716 2223 im-

269 2244 354 2283 petu
373 2238 477 2271 celeri
498 2239 542 2271 ad
565 2250 623 2272 res
641 2240 810 2283 gerendas
823 2265 832 2283 ‚
855 2239 892 2272 in
914 2240 1151 2284 Nicephorum
1173 2238 1323 2272 Phocum
1345 2237 1521 2282 copiarum
1541 2236 1716 2279 guberna-

267 2284 398 2317 tionem
420 2283 618 2326 transtulit,
641 2285 706 2317 hoc
728 2289 783 2317 est
806 2296 827 2317 a
844 2284 944 2318 leone
967 2284 1004 2318 in
1025 2284 1099 2318 eius
1122 2284 1282 2318 catulum.
1327 2289 1448 2317 nactus
1468 2293 1544 2315 eam
1565 2279 1717 2314 felicita-

268 2335 339 2362 tem
362 2333 400 2362 ut
417 2328 523 2361 filium
543 2340 587 2361 ex
608 2340 647 2361 se
668 2334 773 2372 atque
794 2329 929 2363 Helena
946 2329 1094 2364 Romani
1113 2329 1186 2363 filia
1205 2333 1320 2363 natum
1338 2328 1487 2371 videret,
1507 2337 1584 2360 eum
1603 2326 1717 2371 ipsum

265 2375 457 2408 Romanum
479 2373 681 2418 appellavit.
706 2374 765 2406 ubi
787 2373 853 2407 iam
878 2375 1090 2409 adolevisset
1111 2386 1152 2408 ac
1173 2375 1285 2419 pubes
1310 2374 1422 2407 factus
1444 2377 1549 2415 esset,
1573 2382 1716 2406 uxorem

265 2419 300 2453 ei
320 2419 438 2459 dedit3
471 2430 516 2452 ex
539 2430 608 2463 quo
631 2417 695 2451 filii
716 2418 877 2462 coniugio
895 2427 1057 2472 nepotem
1074 2420 1164 2453 vidit
1183 2419 1368 2461 Basiliam,
1397 2417 1590 2463 principem
1611 2416 1716 2470 longe

263 2463 597 2499 victoriosissimum.
626 2464 764 2497 tandem
788 2463 918 2497 exactis
941 2476 979 2498 ιιι
1001 2465 1147 2510 imperio
1168 2465 1320 2509 quinque
1343 2463 1442 2497 annis
1466 2464 1598 2507 absque
1617 2473 1715 2496 socio

264 2516 302 2544 et
318 2509 602 2555 perturbatione,
636 2509 731 2542 vitae
755 2509 858 2543 finem
881 2510 1035 2544 facturus
1054 2511 1245 2544 Romanum
1266 2509 1374 2543 filium
1392 2509 1636 2555 imperatorem
1654 2518 1715 2541 re-

263 2560 497 2634 nuntlgavero
520 2602 728 2643 potestatem
752 2598 949 2633 universam
970 2599 1068 2634 malis
1097 2603 1135 2634 et
1154 2599 1350 2634 imbellibus
1379 2599 1544 2634 eunuchis
1571 2598 1714 2633 tradens

267 2645 445 2691 capiendis
467 2645 549 2678 fetis
574 2650 610 2677 et
630 2646 788 2680 venando
809 2645 1021 2679 miserandus
1045 2647 1290 2690 occupabatur.
1325 2645 1391 2679 hoc
1414 2645 1607 2690 imperante
1624 2644 1712 2677 Cre-

267 2697 345 2726 tam
360 2691 503 2724 insulam
524 2690 658 2723 Arabes
679 2696 865 2734 ceperunt,
889 2695 926 2724 et
944 2691 1163 2735 receptaculo
1185 2691 1223 2724 in
1245 2703 1288 2725 ea
1309 2691 1408 2724 firmo
1431 2690 1596 2724 collocato
1617 2700 1716 2723 mate

266 2736 396 2782 passim
415 2736 578 2769 infestum
599 2735 738 2779 praedis
758 2735 902 2779 agendis
920 2736 1126 2770 reddebant.
1151 2741 1365 2781 quapropter
1379 2736 1600 2781 Nicephorus
1615 2734 1710 2768 Pho-

268 2794 345 2826 cas,
371 2781 426 2816 vir
442 2792 523 2816 acer
539 2780 578 2814 in
597 2780 687 2814 bello
709 2785 746 2815 et
765 2787 835 2815 tam
855 2780 968 2815 animo
988 2792 1090 2826 quam
1110 2792 1211 2816 manu
1233 2786 1432 2826 promptus,
1463 2781 1584 2816 classis
1599 2779 1710 2826 impe-

267 2834 364 2863 rator
385 2833 422 2863 et
441 2826 523 2863 belli
546 2827 617 2862 dux
637 2826 882 2871 constiuutur3
908 2826 970 2874 qui
1001 2838 1080 2863 mox
1105 2826 1252 2864 navibus
1273 2827 1472 2866 universum
1500 2837 1596 2863 mare
1617 2837 1710 2862 oom-
