1872 3236
316 191 413 240 174
701 199 1080 248 CONSTANTINI
1106 206 1402 253 ‘MANASSIS'

187 295 217 330 P
241 297 287 332 83
310 307 420 352 4045
442 306 748 366 ἃφηνιάσαντας
769 314 894 357 αὐτοῦ
910 318 977 359 καὶ
995 319 1230 373 βλέψαντας
1251 325 1307 372 εἰς
1326 321 1481 377 στάσιν,
1523 321 1526 324 ’

441 376 496 427 ὡς
520 382 643 436 λῆρον
661 382 735 434 μὲν
755 384 975 438 λογίζονται
996 386 1048 428 τὰ
1073 389 1362 445 διατεταγμέναι

441 447 591 500 (κηλῖσι
618 448 696 506 γὰρ
715 450 786 493 οὒκ
813 451 965 507 ἤθελον
981 462 1314 512 καταχρανθῆναι
1338 457 1514 514 τόσαις),

441 513 597 557 ἄνακτα
618 519 662 559 δὲ
682 520 748 560 καὶ
771 519 951 578 κράτορα
977 525 1219 566 Φιλιππικὸν
1236 531 1409 579 ποιοῦσι,

435 585 502 624 καὶ
524 585 672 641 στέφος
691 587 978 644 περιβάλλουσι
1004 596 1075 646 τῆς
1102 598 1512 651 σκηπτροκρατοριάς.

302 649 414 691 4050
476 649 536 694 ‘O
554 658 651 708 γοῦν
668 655 947 708 ’Ῑουστινιανὸς
970 659 1235 715 ἐκταραχθεὶς
1251 667 1310 719 τῷ
1335 663 1468 721 φόβῳ,

438 722 505 761 καὶ
524 722 597 776 τὴν
613 723 894 779 βραδύπλοιαν
921 726 1054 769 αὐτῶν
1071 731 1136 769 καὶ
1162 730 1236 783 τὴν
1254 730 1501 789 ἀργοποριάν

439 790 495 838 εἷς
514 791 656 833 οῗωνὸν
677 792 865 835 ἀπαίσιον
883 796 1054 847 θέμενος
1078 794 1104 836 ,5
1111 814 1132 846 ς
1155 797 1353 852 ἀγχίνους,

437 858 560 908 αὐτὸς
576 858 687 917 αὐτῷ
701 869 948 917 χερσοπορεῖ
960 864 1077 920 μέχρι
1097 867 1162 906 καὶ
1182 871 1252 920 τῆς
1273 865 1472 924 Σινώπης,

435 927 609 982 στρατὸν
629 928 950 984 συνεπαγόμενος
967 929 1131 987 ὁπλίτην
1147 933 1381 992 πεζοπόρον,

296 988 407 1035 4055
429 992 484 1044 ὡς
501 995 559 1049 μὴ
577 999 848 1053 νεωτερίσαιεν
870 999 908 1040 οἳ
930 1001 1325 1055 προεκπεπλευκότες.

430 1065 497 1105 καὶ
520 1065 683 1118 βλέψας
706 1067 767 1106 ἐπὶ
791 1070 863 1121 τῆς
880 1065 1008 1124 ὑγρᾶς
1027 1068 1202 1120 ἀκάτους
1220 1072 1516 1128 λαιφοπτέρους

430 1134 495 1173 καὶ
520 1130 658 1189 σκάφη
685 1133 964 1189 πελαγόπλοα,
999 1136 1175 1193 τριήρεις
1198 1137 1464 1196 ὖγροπόρους,

237 1192 268 1226 Β
426 1200 734 1255 ταχυπλοούσας
753 1205 821 1244 καὶ
841 1211 984 1259 φοροῖς
1009 1205 1207 1259 πνεύμασι
1233 1209 1470 1263 φερομένας,

424 1270 596 1310 δονεῖται
613 1271 688 1322 μὲν
707 1271 804 1320 τοὺς
825 1273 1044 1326 λογισμοὺς
1064 1276 1131 1314 καὶ
1157 1275 1230 1327 τὴν
1247 1275 1387 1328 ψυχὴν
1408 1269 1603 1329 σοβεῖτ-αι,

284 1330 396 1375 4060
415 1338 482 1377 καὶ
506 1337 828 1394 παλιμπόρευτος
846 1339 972 1388 εὐθὺς
989 1340 1337 1398 ἀνθυποστρέφειν
1354 1343 1498 1399 τρέχει,

416 1406 552 1446 ἵππιον
574 1405 707 1447 ὠκέων
733 1406 878 1459 ἐπιβὰς
894 1411 1054 1461 πτηνῶν
1073 1408 1343 1462 ἀελλοπόδων,

421 1475 456 1514 εἷ
475 1472 667 1524 δυνατόν,
702 1475 769 1515 καὶ
786 1475 989 1531 πτερωτὸς
1005 1475 1215 1530 εὐχόμενος
1235 1479 1438 1533 γενέσθαι.

419 1541 524 1582 ἀλλὰ
545 1540 590 1583 τὸ
609 1547 765 1595 πνεῦμα
787 1542 833 1584 τὸ
853 1543 981 1599 φορὸν
1006 1549 1079 1599 τῆς
1101 1545 1352 1602 γοργοπλόου
1370 1545 1494 1600 τύχης

418 1617 678 1663 ταχυναυτεῖν
698 1611 856 1665 ἐποίησε
877 1612 951 1661 τὰς
967 1613 1241 1664 ποντοπλόους
1261 1613 1438 1672 σκάφας.

282 1678 393 1721 4065
414 1676 545 1734 στόλῳ
566 1678 641 1731 μὲν
665 1674 735 1720 οὖν
755 1680 998 1730 Φιλιππικὸς
1007 1680 1217 1737 χρώμενος
1241 1683 1458 1739 ὥκυπτέρῳ

415 1745 647 1803 προφθάνει
669 1746 741 1801 τὴν
767 1749 1013 1800 βασίλισσαν
1032 1748 1148 1791 πόλιν
1171 1749 1468 1805 καταταχήσας,

417 1816 484 1856 καὶ
510 1816 724 1868 κατασχὼν
742 1817 808 1856 καὶ
827 1817 1048 1872 παρελθὼν
1068 1817 1146 1860 ἴσω
1166 1823 1247 1860 τῶν
1268 1820 1484 1872 βασιλείων

417 1882 463 1925 τὸ
485 1883 633 1940 στέφος
655 1885 905 1940 περιτίθεται
926 1889 999 1940 τῆς
1020 1885 1352 1946 αὐτοκρατορίας.

353 1989 459 2025 -4045
484 1987 757 2034 ἆφηνιοὶσαντες
777 1990 843 2025 AR
889 1988 1029 2032 αὐτοὺς
1046 1994 1080 2028 R
1150 1993 1354 2039 βλέψαντες
1369 1994 1434 2028 AR
1569 1991 1661 2026 4046
1680 2002 1743 2024 vo·-

365 2037 534 2079 μίζονται
548 2036 647 2072 ARR
783 2036 873 2072 4049
895 2036 1190 2083 αὐτοκρατορίας
1213 2041 1246 2075 R
1357 2039 1449 2074 4053
1472 2039 1687 2082 κωρωπθῼδῖ
1710 2037 1742 2071 Α

365 2082 459 2117 4054
477 2080 773 2127 συναγαγόμενος
794 2082 834 2116 Μ
952 2083 1044 2119 4058
1067 2097 1146 2129 ταχ.
1168 2086 1346 2132 φοβεροῖς
1367 2085 1407 2119 Μ
1521 2083 1614 2117 4060
1630 2093 1741 2117 σπεν-

365 2127 423 2161 aa
450 2128 485 2161 R
659 2128 752 2163 4062
782 2127 995 2175 πτερωτοὺς
1021 2131 1059 2165 Μ
1235 2132 1328 2167 4063
1362 2126 1674 2173 πνευματοφόρον
1700 2128 1739 2162 Μ

363 2173 456 2206 4066
479 2173 737 2217 καταταχύνας
764 2175 832 2210 RR
977 2188 1015 2211 v-
1044 2176 1137 2213 4067
1166 2189 1220 2212 om
1244 2177 1284 2212 M
1422 2173 1600 2211 εἰσελθών
1627 2174 1680 2214 εἰς
1704 2174 1739 2208 R

363 2229 400 2252 v.
424 2217 516 2252 4068
541 2231 595 2253 om
616 2221 695 2274 RR'

268 2312 330 2343 aut
349 2309 423 2354 lupi
441 2309 609 2355 animatos
630 2311 849 2356 reperirent,
875 2323 1021 2349 excusso
1048 2313 1233 2349 Iustiniani
1265 2314 1365 2348 freno
1391 2317 1428 2347 et
1452 2312 1627 2347 seditione
1650 2323 1733 2346 con-

269 2356 395 2398 citata,
420 2355 565 2399 primum
585 2355 755 2400 imperata
776 2358 879 2392 flocci
906 2361 1059 2404 faciunt,
1093 2367 1162 2394 tam
1189 2361 1293 2394 foeda
1326 2372 1366 2393 se
1389 2359 1469 2393 labe
1490 2358 1647 2404 polluere
1668 2370 1733 2391 no-

267 2401 393 2444 lentes,
417 2401 544 2435 deinde
566 2401 797 2446 Philippicum
818 2404 1062 2449 imperatorem
1081 2412 1211 2439 creant.
1697 2447 1707 2457 ·

359 2447 583 2491 Quapropter
600 2454 694 2480 metu
718 2448 931 2483 Iustinianus
952 2452 1160 2494 exterritus,
1181 2451 1241 2496 qui
1263 2450 1384 2484 solerti
1407 2450 1567 2484 nimirum
1589 2448 1732 2494 ingemo

265 2492 446 2537 praeditus
468 2492 667 2526 tarditatem
685 2504 824 2527 suorum
847 2495 884 2528 in
904 2497 1100 2541 navigando
1125 2496 1205 2531 mali
1224 2496 1346 2530 ominis
1365 2497 1528 2540 duceret,
1559 2495 1636 2540 ipse
1654 2505 1730 2528 cum

266 2538 490 2583 pedestribus
521 2538 630 2583 copiis
654 2544 750 2572 terra
773 2540 930 2584 Sinopen
952 2553 1062 2587 usque
1080 2543 1324 2587 progreditur,
1348 2554 1392 2576 ne
1415 2541 1585 2576 classiarii
1603 2541 1729 2574 milites

266 2583 418 2627 ablegati
440 2584 566 2617 dudum
590 2586 695 2618 rebus
717 2586 818 2619 novis
837 2588 1031 2622 studerent.
1079 2588 1136 2621 hic
1157 2589 1217 2622 ubi
1233 2600 1340 2622 naves
1359 2588 1549 2630 onerarias,
1568 2587 1730 2632 scaphas,

266 2629 448 2673 triremes,
476 2629 590 2663 veloci
613 2641 716 2664 cursu
742 2639 917 2677 ventoque
940 2645 1110 2678 prospero
1131 2634 1217 2667 ferri
1251 2634 1455 2679 conspexit,
1481 2632 1627 2667 mirifice
1645 2644 1742 2677 per-·.

266 2676 433 2709 turbatus.
460 2675 573 2709 animo
604 2676 818 2711 celerrimum
844 2679 889 2712 ad
910 2679 1060 2712 reditum
1084 2691 1163 2713 sese
1188 2685 1309 2724 parat,
1333 2679 1532 2714 conscensis
1551 2678 1651 2723 equis
1674 2677 1725 2712 ci-

265 2721 427 2764 tissimis,
452 2726 621 2765 exoptans
636 2747 645 2764 ,
670 2722 701 2755 si
723 2723 802 2756 fieri
823 2724 1018 2768 potuisset,
1041 2725 1145 2758 etiam
1168 2725 1279 2759 alatus
1299 2737 1390 2759 esse.
1438 2726 1501 2759 sed
1523 2730 1648 2758 ventus
1665 2735 1725 2757 se-

264 2768 396 2801 cundus
414 2767 602 2801 adiuvante
627 2769 769 2802 fortuna
786 2769 1017 2814 Philippicum
1044 2771 1089 2804 ad
1106 2772 1226 2806 urbem
1259 2771 1513 2816 imperatricem
1534 2770 1638 2804 citius
1660 2767 1723 2822 de—

266 2813 368 2854 mlit3
387 2813 448 2857 qui
466 2824 509 2846 ea
525 2813 658 2857 potitus
682 2820 719 2847 et
735 2815 868 2859 regiam
888 2816 1067 2859 ingressus
1090 2822 1155 2861 est,
1177 2822 1314 2862 sumpta
1337 2828 1465 2852 corona
1486 2817 1724 2862 imperatona.
1741 2843 1745 2846 .

265 2864 303 2892 at
324 2858 513 2905 imperator
533 2858 591 2894 ille
615 2859 672 2894 cui
691 2861 873 2905 praecisae
895 2873 999 2898 nares
1024 2870 1143 2908 erant,
1174 2863 1288 2898 serius
1311 2864 1356 2899 ad
1379 2864 1498 2899 urbem
1520 2861 1654 2897 delatus
1677 2861 1724 2894 ob
