<?xml version="1.0" encoding="UTF-8"?>
<!DOCTYPE html PUBLIC "-//W3C//DTD XHTML 1.0 Transitional//EN"
    "http://www.w3.org/TR/xhtml1/DTD/xhtml1-transitional.dtd">
<html xmlns="http://www.w3.org/1999/xhtml" xml:lang="en" lang="en">
 <head>
  <title>
</title>
<meta http-equiv="Content-Type" content="text/html;charset=utf-8" />
  <meta name='ocr-system' content='tesseract 3.04.00' />
  <meta name='ocr-capabilities' content='ocr_page ocr_carea ocr_par ocr_line ocrx_word'/>
</head>
<body>
  <div class='ocr_page' id='page_1' title='image "./corpusscriptorum06niebuoft_0144.png"; bbox 0 0 1872 3236; ppageno 0'>
   <div class='ocr_carea' id='block_1_1' title="bbox 174 915 268 952">
    <p class='ocr_par' dir='ltr' id='par_1_1' title="bbox 174 915 268 952">
     <span class='ocr_line' id='line_1_1' title="bbox 174 915 268 952; baseline 0.032 -3"><span class='ocrx_word' id='word_1_1' title='bbox 174 915 268 952; x_wconf 77' lang='lat'><strong>1³61</strong></span> 
     </span>
    </p>
   </div>
   <div class='ocr_carea' id='block_1_2' title="bbox 222 1594 255 1630">
    <p class='ocr_par' dir='ltr' id='par_1_2' title="bbox 222 1594 255 1630">
     <span class='ocr_line' id='line_1_2' title="bbox 222 1594 255 1630; baseline 0 0"><span class='ocrx_word' id='word_1_2' title='bbox 222 1594 255 1630; x_wconf 89' lang='lat' dir='ltr'>B</span> 
     </span>
    </p>
   </div>
   <div class='ocr_carea' id='block_1_3' title="bbox 305 188 1369 239">
    <p class='ocr_par' dir='ltr' id='par_1_3' title="bbox 305 188 1369 239">
     <span class='ocr_line' id='line_1_3' title="bbox 305 188 1369 239; baseline 0.003 -3"><span class='ocrx_word' id='word_1_3' title='bbox 305 188 400 237; x_wconf 83' lang='lat'><strong>128</strong></span> <span class='ocrx_word' id='word_1_4' title='bbox 652 214 654 217; x_wconf 36' lang='lat' dir='ltr'>v</span> <span class='ocrx_word' id='word_1_5' title='bbox 688 189 1065 236; x_wconf 80' lang='lat' dir='ltr'><strong>CONSTANTINI</strong></span> <span class='ocrx_word' id='word_1_6' title='bbox 1088 192 1369 239; x_wconf 79' lang='lat' dir='ltr'>-MANASSIS</span> 
     </span>
    </p>
   </div>
   <div class='ocr_carea' id='block_1_4' title="bbox 281 301 1581 1931">
    <p class='ocr_par' dir='ltr' id='par_1_4' title="bbox 434 301 1479 432">
     <span class='ocr_line' id='line_1_4' title="bbox 436 301 1421 361; baseline 0.005 -15"><span class='ocrx_word' id='word_1_7' title='bbox 436 301 535 346; x_wconf 77' lang='grc' dir='ltr'><em>ἀλλ’</em></span> <span class='ocrx_word' id='word_1_8' title='bbox 559 302 580 346; x_wconf 83' lang='grc' dir='ltr'><strong>ὅ</strong></span> <span class='ocrx_word' id='word_1_9' title='bbox 598 303 671 358; x_wconf 71' lang='grc' dir='ltr'><strong>μὲν</strong></span> <span class='ocrx_word' id='word_1_10' title='bbox 690 302 837 359; x_wconf 82' lang='grc' dir='ltr'><em>Ζήνων</em></span> <span class='ocrx_word' id='word_1_11' title='bbox 862 304 998 360; x_wconf 68' lang='grc' dir='ltr'><em>ἴσχυσε</em></span> <span class='ocrx_word' id='word_1_12' title='bbox 1017 302 1137 349; x_wconf 87' lang='grc' dir='ltr'><em>πάλιν</em></span> <span class='ocrx_word' id='word_1_13' title='bbox 1155 306 1421 361; x_wconf 73' lang='grc' dir='ltr'><strong><em>ἐπιλαβέσθαι</em></strong></span> 
     </span>
     <span class='ocr_line' id='line_1_5' title="bbox 434 370 1479 432; baseline 0.005 -18"><span class='ocrx_word' id='word_1_14' title='bbox 434 377 506 426; x_wconf 82' lang='grc' dir='ltr'><strong>τῆς</strong></span> <span class='ocrx_word' id='word_1_15' title='bbox 526 370 784 426; x_wconf 77' lang='grc' dir='ltr'><em>ὖψιβάμονος</em></span> <span class='ocrx_word' id='word_1_16' title='bbox 808 373 934 431; x_wconf 81' lang='grc' dir='ltr'><em>ἀρχῆς</em></span> <span class='ocrx_word' id='word_1_17' title='bbox 940 405 953 425; x_wconf 87' lang='grc'><em>,</em></span> <span class='ocrx_word' id='word_1_18' title='bbox 980 373 1083 417; x_wconf 80' lang='grc' dir='ltr'><em>ἀλλά</em></span> <span class='ocrx_word' id='word_1_19' title='bbox 1102 392 1144 431; x_wconf 78' lang='grc' dir='ltr'><strong>γε</strong></span> <span class='ocrx_word' id='word_1_20' title='bbox 1165 378 1232 418; x_wconf 87' lang='grc' dir='ltr'><strong>καὶ</strong></span> <span class='ocrx_word' id='word_1_21' title='bbox 1252 374 1479 432; x_wconf 75' lang='grc' dir='ltr'><em>Καβάδης·</em></span> 
     </span>
    </p>

    <p class='ocr_par' dir='ltr' id='par_1_5' title="bbox 295 440 1519 773">
     <span class='ocr_line' id='line_1_6' title="bbox 295 440 1519 502; baseline 0 -17"><span class='ocrx_word' id='word_1_22' title='bbox 295 442 406 485; x_wconf 89' lang='grc'>2960</span> <span class='ocrx_word' id='word_1_23' title='bbox 428 440 496 482; x_wconf 80' lang='grc' dir='ltr'><strong>τὸν</strong></span> <span class='ocrx_word' id='word_1_24' title='bbox 511 441 687 483; x_wconf 75' lang='grc' dir='ltr'><em>Νέπωτα</em></span> <span class='ocrx_word' id='word_1_25' title='bbox 707 441 758 483; x_wconf 73' lang='grc' dir='ltr'><strong>δ’</strong></span> <span class='ocrx_word' id='word_1_26' title='bbox 783 441 855 484; x_wconf 75' lang='grc' dir='ltr'><em>οὐκ</em></span> <span class='ocrx_word' id='word_1_27' title='bbox 870 442 1039 497; x_wconf 62' lang='grc' dir='ltr'><em>ἔβλεψεν</em></span> <span class='ocrx_word' id='word_1_28' title='bbox 1052 441 1216 501; x_wconf 74' lang='grc' dir='ltr'><em>ἡμέροις</em></span> <span class='ocrx_word' id='word_1_29' title='bbox 1237 444 1278 486; x_wconf 70' lang='grc' dir='ltr'><strong>ἓν</strong></span> <span class='ocrx_word' id='word_1_30' title='bbox 1298 442 1519 502; x_wconf 75' lang='grc' dir='ltr'><em>βλεφάροις</em></span> 
     </span>
     <span class='ocr_line' id='line_1_7' title="bbox 431 506 1465 569; baseline 0.005 -18"><span class='ocrx_word' id='word_1_31' title='bbox 431 512 503 563; x_wconf 79' lang='grc' dir='ltr'><strong>τῆς</strong></span> <span class='ocrx_word' id='word_1_32' title='bbox 526 506 650 563; x_wconf 84' lang='grc' dir='ltr'><strong><em>τύχης</em></strong></span> <span class='ocrx_word' id='word_1_33' title='bbox 668 508 714 552; x_wconf 85' lang='grc' dir='ltr'><strong>τὸ</strong></span> <span class='ocrx_word' id='word_1_34' title='bbox 739 512 1005 569; x_wconf 81' lang='grc' dir='ltr'><em>παλίντροπον</em></span> <span class='ocrx_word' id='word_1_35' title='bbox 1023 516 1096 566; x_wconf 82' lang='grc' dir='ltr'><strong>τῆς</strong></span> <span class='ocrx_word' id='word_1_36' title='bbox 1114 511 1465 568; x_wconf 75' lang='grc' dir='ltr'><em>ἔπιβουλευσάσης.</em></span> 
     </span>
     <span class='ocr_line' id='line_1_8' title="bbox 431 575 1363 635; baseline 0.005 -18"><span class='ocrx_word' id='word_1_37' title='bbox 431 575 452 618; x_wconf 83' lang='grc' dir='ltr'><strong>ὅ</strong></span> <span class='ocrx_word' id='word_1_38' title='bbox 474 580 569 632; x_wconf 78' lang='grc' dir='ltr'><em>γοῦν</em></span> <span class='ocrx_word' id='word_1_39' title='bbox 587 577 931 635; x_wconf 85' lang='grc' dir='ltr'><em>φιλοχρυσότατος</em></span> <span class='ocrx_word' id='word_1_40' title='bbox 951 581 1097 630; x_wconf 75' lang='grc' dir='ltr'><em>ἐκεῖνος</em></span> <span class='ocrx_word' id='word_1_41' title='bbox 1117 581 1363 631; x_wconf 83' lang='grc' dir='ltr'><em>Βασιλίσκος</em></span> 
     </span>
     <span class='ocr_line' id='line_1_9' title="bbox 430 645 1227 702; baseline 0.005 -16"><span class='ocrx_word' id='word_1_42' title='bbox 430 646 496 686; x_wconf 80' lang='grc' dir='ltr'><strong>καὶ</strong></span> <span class='ocrx_word' id='word_1_43' title='bbox 518 645 621 688; x_wconf 79' lang='grc' dir='ltr'><em>κατὰ</em></span> <span class='ocrx_word' id='word_1_44' title='bbox 641 645 832 701; x_wconf 82' lang='grc' dir='ltr'><em>Ζήνωνος</em></span> <span class='ocrx_word' id='word_1_45' title='bbox 849 648 910 690; x_wconf 76' lang='grc' dir='ltr'><strong>ἰὸν</strong></span> <span class='ocrx_word' id='word_1_46' title='bbox 931 649 1053 702; x_wconf 70' lang='grc' dir='ltr'><em>ἐξέχεε</em></span> <span class='ocrx_word' id='word_1_47' title='bbox 1072 650 1227 699; x_wconf 86' lang='grc' dir='ltr'><em>κακίας,</em></span> 
     </span>
     <span class='ocr_line' id='line_1_10' title="bbox 428 713 1379 773; baseline 0.003 -19"><span class='ocrx_word' id='word_1_48' title='bbox 428 715 494 755; x_wconf 84' lang='grc' dir='ltr'><strong>καὶ</strong></span> <span class='ocrx_word' id='word_1_49' title='bbox 515 716 752 767; x_wconf 81' lang='grc' dir='ltr'><em>βασιλίσκου</em></span> <span class='ocrx_word' id='word_1_50' title='bbox 772 716 904 772; x_wconf 75' lang='grc' dir='ltr'><em>γέγονε</em></span> <span class='ocrx_word' id='word_1_51' title='bbox 928 714 1160 773; x_wconf 74' lang='grc' dir='ltr'><em>πικρότερος</em></span> <span class='ocrx_word' id='word_1_52' title='bbox 1177 717 1218 758; x_wconf 77' lang='grc' dir='ltr'><strong>ἔν</strong></span> <span class='ocrx_word' id='word_1_53' title='bbox 1238 713 1379 773; x_wconf 71' lang='grc' dir='ltr'><em>ἴργοις,</em></span> 
     </span>
    </p>

    <p class='ocr_par' dir='ltr' id='par_1_6' title="bbox 293 781 1581 1113">
     <span class='ocr_line' id='line_1_11' title="bbox 293 781 1524 840; baseline 0.003 -16"><span class='ocrx_word' id='word_1_54' title='bbox 293 783 405 825; x_wconf 89' lang='grc'>2965</span> <span class='ocrx_word' id='word_1_55' title='bbox 429 783 496 824; x_wconf 82' lang='grc' dir='ltr'><strong>καὶ</strong></span> <span class='ocrx_word' id='word_1_56' title='bbox 515 782 920 840; x_wconf 67' lang='grc' dir='ltr'><em>προσεταιρισάμενος</em></span> <span class='ocrx_word' id='word_1_57' title='bbox 939 783 1180 838; x_wconf 76' lang='grc' dir='ltr'><em>συμμάχους</em></span> <span class='ocrx_word' id='word_1_58' title='bbox 1197 786 1262 826; x_wconf 85' lang='grc' dir='ltr'><strong>καὶ</strong></span> <span class='ocrx_word' id='word_1_59' title='bbox 1288 781 1524 840; x_wconf 83' lang='grc' dir='ltr'><em>προμάχους</em></span> 
     </span>
     <span class='ocr_line' id='line_1_12' title="bbox 428 849 1399 908; baseline 0.002 -16"><span class='ocrx_word' id='word_1_60' title='bbox 428 849 618 906; x_wconf 67' lang='grc' dir='ltr'><em>ἐπήρχετο</em></span> <span class='ocrx_word' id='word_1_61' title='bbox 643 856 702 908; x_wconf 74' lang='grc' dir='ltr'><strong>τῷ</strong></span> <span class='ocrx_word' id='word_1_62' title='bbox 718 851 878 906; x_wconf 80' lang='grc' dir='ltr'><em>Ζήνωνι</em></span> <span class='ocrx_word' id='word_1_63' title='bbox 896 854 992 908; x_wconf 85' lang='grc' dir='ltr'><em>πυρὶ</em></span> <span class='ocrx_word' id='word_1_64' title='bbox 1016 857 1156 906; x_wconf 80' lang='grc' dir='ltr'><em>θυμοῦ</em></span> <span class='ocrx_word' id='word_1_65' title='bbox 1177 851 1399 906; x_wconf 84' lang='grc' dir='ltr'><em>καχλάζων.</em></span> 
     </span>
     <span class='ocr_line' id='line_1_13' title="bbox 428 917 1581 978; baseline 0.003 -18"><span class='ocrx_word' id='word_1_66' title='bbox 428 918 573 974; x_wconf 84' lang='grc' dir='ltr'><em>Ζήνων</em></span> <span class='ocrx_word' id='word_1_67' title='bbox 597 920 640 961; x_wconf 72' lang='grc' dir='ltr'><strong>δὲ</strong></span> <span class='ocrx_word' id='word_1_68' title='bbox 660 917 777 978; x_wconf 77' lang='grc' dir='ltr'>φόβῳ</span> <span class='ocrx_word' id='word_1_69' title='bbox 798 923 1009 975; x_wconf 72' lang='grc' dir='ltr'><em>συσχεθεὶς</em></span> <span class='ocrx_word' id='word_1_70' title='bbox 1030 923 1096 962; x_wconf 83' lang='grc' dir='ltr'><strong>καὶ</strong></span> <span class='ocrx_word' id='word_1_71' title='bbox 1112 922 1325 970; x_wconf 78' lang='grc' dir='ltr'><em>σαλευθεῖς</em></span> <span class='ocrx_word' id='word_1_72' title='bbox 1341 920 1415 971; x_wconf 78' lang='grc' dir='ltr'><strong>τὰς</strong></span> <span class='ocrx_word' id='word_1_73' title='bbox 1433 920 1581 978; x_wconf 71' lang='grc' dir='ltr'><em>φρένας</em></span> 
     </span>
     <span class='ocr_line' id='line_1_14' title="bbox 426 985 1385 1046; baseline 0 -16"><span class='ocrx_word' id='word_1_74' title='bbox 426 987 501 1030; x_wconf 76' lang='grc' dir='ltr'><strong>σὺν</strong></span> <span class='ocrx_word' id='word_1_75' title='bbox 516 985 705 1044; x_wconf 77' lang='grc' dir='ltr'><em>Ἀριάδνῃ</em></span> <span class='ocrx_word' id='word_1_76' title='bbox 723 993 877 1045; x_wconf 75' lang='grc' dir='ltr'><em>γαμετῇ</em></span> <span class='ocrx_word' id='word_1_77' title='bbox 897 987 1032 1046; x_wconf 77' lang='grc' dir='ltr'><em>φεύγει</em></span> <span class='ocrx_word' id='word_1_78' title='bbox 1053 988 1154 1045; x_wconf 80' lang='grc' dir='ltr'><em>πρὸς</em></span> <span class='ocrx_word' id='word_1_79' title='bbox 1165 989 1385 1046; x_wconf 82' lang='grc' dir='ltr'><em>Ἰσαυριάν·</em></span> 
     </span>
     <span class='ocr_line' id='line_1_15' title="bbox 427 1054 1518 1113; baseline 0.002 -17"><span class='ocrx_word' id='word_1_80' title='bbox 427 1057 514 1113; x_wconf 81' lang='grc' dir='ltr'><em>περὶ</em></span> <span class='ocrx_word' id='word_1_81' title='bbox 532 1060 670 1110; x_wconf 81' lang='grc' dir='ltr'><em>ψυχῆς</em></span> <span class='ocrx_word' id='word_1_82' title='bbox 685 1055 763 1113; x_wconf 70' lang='grc' dir='ltr'><strong>γὰρ</strong></span> <span class='ocrx_word' id='word_1_83' title='bbox 787 1055 962 1113; x_wconf 73' lang='grc' dir='ltr'><em>ἔτρεχεν,</em></span> <span class='ocrx_word' id='word_1_84' title='bbox 999 1057 1092 1098; x_wconf 79' lang='grc' dir='ltr'><em>ἀλλ’</em></span> <span class='ocrx_word' id='word_1_85' title='bbox 1118 1057 1164 1098; x_wconf 79' lang='grc' dir='ltr'><em>οὐ</em></span> <span class='ocrx_word' id='word_1_86' title='bbox 1183 1059 1270 1113; x_wconf 81' lang='grc' dir='ltr'><em>περὶ</em></span> <span class='ocrx_word' id='word_1_87' title='bbox 1283 1054 1518 1113; x_wconf 85' lang='grc' dir='ltr'><em>χρημάτων.</em></span> 
     </span>
    </p>

    <p class='ocr_par' dir='ltr' id='par_1_7' title="bbox 289 1122 1522 1453">
     <span class='ocr_line' id='line_1_16' title="bbox 289 1122 1406 1182; baseline -0.001 -14"><span class='ocrx_word' id='word_1_88' title='bbox 289 1125 402 1168; x_wconf 86' lang='grc'>2970</span> <span class='ocrx_word' id='word_1_89' title='bbox 421 1122 475 1174; x_wconf 81' lang='grc' dir='ltr'><em>ὥς</em></span> <span class='ocrx_word' id='word_1_90' title='bbox 495 1124 575 1180; x_wconf 77' lang='grc' dir='ltr'><strong>ἄρα</strong></span> <span class='ocrx_word' id='word_1_91' title='bbox 598 1123 831 1181; x_wconf 83' lang='grc' dir='ltr'><em>τιμιώτερον</em></span> <span class='ocrx_word' id='word_1_92' title='bbox 854 1130 992 1180; x_wconf 80' lang='grc' dir='ltr'><em>ψυχῆς</em></span> <span class='ocrx_word' id='word_1_93' title='bbox 1013 1125 1128 1167; x_wconf 76' lang='grc' dir='ltr'><em>οὐδὲν</em></span> <span class='ocrx_word' id='word_1_94' title='bbox 1151 1123 1406 1182; x_wconf 80' lang='grc' dir='ltr'><em>ἀνθρώποις,</em></span> 
     </span>
     <span class='ocr_line' id='line_1_17' title="bbox 426 1190 1522 1250; baseline 0.002 -17"><span class='ocrx_word' id='word_1_95' title='bbox 426 1192 473 1234; x_wconf 80' lang='grc' dir='ltr'><em>οὗ</em></span> <span class='ocrx_word' id='word_1_96' title='bbox 492 1190 640 1249; x_wconf 84' lang='grc' dir='ltr'><em>κράτος</em></span> <span class='ocrx_word' id='word_1_97' title='bbox 661 1192 706 1234; x_wconf 84' lang='grc' dir='ltr'><strong>τὸ</strong></span> <span class='ocrx_word' id='word_1_98' title='bbox 727 1195 951 1246; x_wconf 84' lang='grc' dir='ltr'><em>βασίλειον,</em></span> <span class='ocrx_word' id='word_1_99' title='bbox 992 1193 1039 1235; x_wconf 80' lang='grc' dir='ltr'><em>οὗ</em></span> <span class='ocrx_word' id='word_1_100' title='bbox 1055 1191 1265 1235; x_wconf 73' lang='grc' dir='ltr'><em>θάλασσαι</em></span> <span class='ocrx_word' id='word_1_101' title='bbox 1285 1190 1522 1250; x_wconf 84' lang='grc' dir='ltr'><em>χρημάτων.</em></span> 
     </span>
     <span class='ocr_line' id='line_1_18' title="bbox 425 1256 1466 1318; baseline 0 -16"><span class='ocrx_word' id='word_1_102' title='bbox 425 1260 592 1315; x_wconf 79' lang='grc' dir='ltr'><em>ἀπονητὶ</em></span> <span class='ocrx_word' id='word_1_103' title='bbox 609 1265 708 1315; x_wconf 79' lang='grc' dir='ltr'><em>γοῦν</em></span> <span class='ocrx_word' id='word_1_104' title='bbox 733 1260 928 1303; x_wconf 78' lang='grc' dir='ltr'><em>εἰσελθών</em></span> <span class='ocrx_word' id='word_1_105' title='bbox 954 1261 1104 1315; x_wconf 74' lang='grc' dir='ltr'><em>(οὐδεὶς</em></span> <span class='ocrx_word' id='word_1_106' title='bbox 1115 1261 1193 1318; x_wconf 79' lang='grc' dir='ltr'><strong>γὰρ</strong></span> <span class='ocrx_word' id='word_1_107' title='bbox 1215 1256 1265 1315; x_wconf 77' lang='grc' dir='ltr'><strong>ἦν</strong></span> <span class='ocrx_word' id='word_1_108' title='bbox 1283 1260 1466 1314; x_wconf 82' lang='grc' dir='ltr'><em>κωλύων)</em></span> 
     </span>
     <span class='ocr_line' id='line_1_19' title="bbox 422 1327 1440 1386; baseline 0 -16"><span class='ocrx_word' id='word_1_109' title='bbox 422 1329 467 1370; x_wconf 85' lang='grc' dir='ltr'><strong>τὸ</strong></span> <span class='ocrx_word' id='word_1_110' title='bbox 489 1330 637 1384; x_wconf 71' lang='grc' dir='ltr'><em>στέφος</em></span> <span class='ocrx_word' id='word_1_111' title='bbox 653 1330 900 1384; x_wconf 67' lang='grc' dir='ltr'><em>περιτίθεται</em></span> <span class='ocrx_word' id='word_1_112' title='bbox 924 1330 991 1371; x_wconf 84' lang='grc' dir='ltr'><strong>καὶ</strong></span> <span class='ocrx_word' id='word_1_113' title='bbox 1010 1327 1172 1385; x_wconf 88' lang='grc' dir='ltr'><em>κράτωρ</em></span> <span class='ocrx_word' id='word_1_114' title='bbox 1190 1330 1440 1386; x_wconf 77' lang='grc' dir='ltr'><em>χρηματίζει.</em></span> 
     </span>
     <span class='ocr_line' id='line_1_20' title="bbox 422 1394 1462 1453; baseline 0 -15"><span class='ocrx_word' id='word_1_115' title='bbox 422 1397 525 1438; x_wconf 82' lang='grc' dir='ltr'><em>ἀλλὰ</em></span> <span class='ocrx_word' id='word_1_116' title='bbox 543 1396 618 1451; x_wconf 79' lang='grc' dir='ltr'><strong>γὰρ</strong></span> <span class='ocrx_word' id='word_1_117' title='bbox 647 1396 719 1439; x_wconf 78' lang='grc' dir='ltr'><em>οὐκ</em></span> <span class='ocrx_word' id='word_1_118' title='bbox 736 1396 943 1451; x_wconf 77' lang='grc' dir='ltr'><em>ἀνέχονται</em></span> <span class='ocrx_word' id='word_1_119' title='bbox 961 1396 1012 1438; x_wconf 77' lang='grc' dir='ltr'><strong>τὰ</strong></span> <span class='ocrx_word' id='word_1_120' title='bbox 1032 1395 1250 1453; x_wconf 79' lang='grc' dir='ltr'><em>πράγματα</em></span> <span class='ocrx_word' id='word_1_121' title='bbox 1270 1394 1462 1446; x_wconf 87' lang='grc' dir='ltr'><em>πολλάκις</em></span> 
     </span>
    </p>

    <p class='ocr_par' dir='ltr' id='par_1_8' title="bbox 281 1462 1499 1793">
     <span class='ocr_line' id='line_1_21' title="bbox 281 1462 1476 1521; baseline -0.002 -13"><span class='ocrx_word' id='word_1_122' title='bbox 281 1464 392 1508; x_wconf 84' lang='grc'>2975</span> <span class='ocrx_word' id='word_1_123' title='bbox 416 1465 741 1520; x_wconf 70' lang='grc' dir='ltr'><em>συμπαραμένειν</em></span> <span class='ocrx_word' id='word_1_124' title='bbox 764 1466 820 1515; x_wconf 78' lang='grc' dir='ltr'><strong>εἷς</strong></span> <span class='ocrx_word' id='word_1_125' title='bbox 838 1464 941 1506; x_wconf 76' lang='grc' dir='ltr'><em>πολὺ</em></span> <span class='ocrx_word' id='word_1_126' title='bbox 957 1472 1042 1515; x_wconf 78' lang='grc' dir='ltr'><em>τοῖς</em></span> <span class='ocrx_word' id='word_1_127' title='bbox 1062 1466 1253 1507; x_wconf 77' lang='grc' dir='ltr'><em>θέλουσιν</em></span> <span class='ocrx_word' id='word_1_128' title='bbox 1273 1462 1476 1521; x_wconf 79' lang='grc' dir='ltr'><em>ἁρπάζειν,</em></span> 
     </span>
     <span class='ocr_line' id='line_1_22' title="bbox 419 1531 1499 1590; baseline 0 -16"><span class='ocrx_word' id='word_1_129' title='bbox 419 1533 524 1575; x_wconf 77' lang='grc' dir='ltr'><em>ἀλλὰ</em></span> <span class='ocrx_word' id='word_1_130' title='bbox 542 1534 808 1586; x_wconf 72' lang='grc' dir='ltr'><em>μεθίστανται</em></span> <span class='ocrx_word' id='word_1_131' title='bbox 829 1533 932 1587; x_wconf 76' lang='grc' dir='ltr'><em>ταχὺ</em></span> <span class='ocrx_word' id='word_1_132' title='bbox 950 1535 1017 1575; x_wconf 83' lang='grc' dir='ltr'><strong>καὶ</strong></span> <span class='ocrx_word' id='word_1_133' title='bbox 1035 1531 1250 1590; x_wconf 77' lang='grc' dir='ltr'><em>φεύγουσιν</em></span> <span class='ocrx_word' id='word_1_134' title='bbox 1266 1534 1309 1575; x_wconf 73' lang='grc' dir='ltr'><strong>ἐκ</strong></span> <span class='ocrx_word' id='word_1_135' title='bbox 1333 1531 1499 1584; x_wconf 83' lang='grc' dir='ltr'><em>τούτων,</em></span> 
     </span>
     <span class='ocr_line' id='line_1_23' title="bbox 421 1599 1497 1659; baseline 0 -16"><span class='ocrx_word' id='word_1_136' title='bbox 421 1600 555 1658; x_wconf 76' lang='grc' dir='ltr'><em>ὥσπερ</em></span> <span class='ocrx_word' id='word_1_137' title='bbox 581 1601 900 1656; x_wconf 80' lang='grc' dir='ltr'><em>ἄναγνωρίζοντα</em></span> <span class='ocrx_word' id='word_1_138' title='bbox 922 1600 997 1643; x_wconf 76' lang='grc' dir='ltr'><strong>σὺν</strong></span> <span class='ocrx_word' id='word_1_139' title='bbox 1011 1599 1148 1659; x_wconf 75' lang='grc' dir='ltr'><em>χρόνῳ</em></span> <span class='ocrx_word' id='word_1_140' title='bbox 1172 1602 1267 1651; x_wconf 79' lang='grc' dir='ltr'><em>τοὺς</em></span> <span class='ocrx_word' id='word_1_141' title='bbox 1287 1599 1497 1651; x_wconf 79' lang='grc' dir='ltr'><em>δεσπότας.</em></span> 
     </span>
     <span class='ocr_line' id='line_1_24' title="bbox 416 1667 1341 1726; baseline 0 -15"><span class='ocrx_word' id='word_1_142' title='bbox 416 1671 480 1711; x_wconf 71' lang='grc' dir='ltr'><em>ἐπὶ</em></span> <span class='ocrx_word' id='word_1_143' title='bbox 506 1671 595 1712; x_wconf 74' lang='grc' dir='ltr'><em>δυσὶ</em></span> <span class='ocrx_word' id='word_1_144' title='bbox 618 1670 698 1726; x_wconf 81' lang='grc' dir='ltr'><strong>γὰρ</strong></span> <span class='ocrx_word' id='word_1_145' title='bbox 717 1669 819 1711; x_wconf 71' lang='grc' dir='ltr'><em>ἔτεσι</em></span> <span class='ocrx_word' id='word_1_146' title='bbox 840 1671 906 1710; x_wconf 83' lang='grc' dir='ltr'><strong>καὶ</strong></span> <span class='ocrx_word' id='word_1_147' title='bbox 923 1667 1064 1723; x_wconf 85' lang='grc' dir='ltr'><em>μόνοις</em></span> <span class='ocrx_word' id='word_1_148' title='bbox 1081 1668 1341 1726; x_wconf 78' lang='grc' dir='ltr'><em>αὗταρχήσας</em></span> 
     </span>
     <span class='ocr_line' id='line_1_25' title="bbox 415 1735 1403 1793; baseline 0 -14"><span class='ocrx_word' id='word_1_149' title='bbox 415 1736 436 1779; x_wconf 83' lang='grc' dir='ltr'>ὁ</span> <span class='ocrx_word' id='word_1_150' title='bbox 454 1739 701 1787; x_wconf 85' lang='grc' dir='ltr'><em>Βασιλίσκος</em></span> <span class='ocrx_word' id='word_1_151' title='bbox 722 1735 743 1779; x_wconf 82' lang='grc' dir='ltr'><em>ὃ</em></span> <span class='ocrx_word' id='word_1_152' title='bbox 767 1735 894 1787; x_wconf 81' lang='grc' dir='ltr'><em>δεινός</em></span> <span class='ocrx_word' id='word_1_153' title='bbox 906 1769 919 1788; x_wconf 86' lang='grc'>,</span> <span class='ocrx_word' id='word_1_154' title='bbox 951 1736 1142 1793; x_wconf 83' lang='grc' dir='ltr'><em>Ζήνωνος</em></span> <span class='ocrx_word' id='word_1_155' title='bbox 1162 1735 1403 1787; x_wconf 73' lang='grc' dir='ltr'><em>ἐπελθόντος</em></span> 
     </span>
    </p>

    <p class='ocr_par' dir='ltr' id='par_1_9' title="bbox 281 1803 1542 1931">
     <span class='ocr_line' id='line_1_26' title="bbox 281 1803 1342 1862; baseline -0.004 -11"><span class='ocrx_word' id='word_1_156' title='bbox 281 1809 392 1851; x_wconf 89' lang='grc'>2980</span> <span class='ocrx_word' id='word_1_157' title='bbox 411 1808 478 1848; x_wconf 85' lang='grc' dir='ltr'><strong>καὶ</strong></span> <span class='ocrx_word' id='word_1_158' title='bbox 497 1805 651 1856; x_wconf 87' lang='grc' dir='ltr'><em>πάντας</em></span> <span class='ocrx_word' id='word_1_159' title='bbox 670 1803 932 1855; x_wconf 80' lang='grc' dir='ltr'><em>ὁελεάσαντος</em></span> <span class='ocrx_word' id='word_1_160' title='bbox 953 1806 1082 1847; x_wconf 73' lang='grc' dir='ltr'><em>ἐλπίσι</em></span> <span class='ocrx_word' id='word_1_161' title='bbox 1102 1807 1342 1862; x_wconf 80' lang='grc' dir='ltr'><em>φιλοτίμοις,</em></span> 
     </span>
     <span class='ocr_line' id='line_1_27' title="bbox 416 1867 1542 1931; baseline -0.001 -14"><span class='ocrx_word' id='word_1_162' title='bbox 416 1877 483 1917; x_wconf 82' lang='grc' dir='ltr'><strong>καὶ</strong></span> <span class='ocrx_word' id='word_1_163' title='bbox 505 1875 579 1918; x_wconf 80' lang='grc' dir='ltr'><strong>σὺν</strong></span> <span class='ocrx_word' id='word_1_164' title='bbox 602 1874 738 1925; x_wconf 68' lang='grc' dir='ltr'><em>αὐτοῖς</em></span> <span class='ocrx_word' id='word_1_165' title='bbox 758 1873 827 1916; x_wconf 84' lang='grc' dir='ltr'><strong>τὸν</strong></span> <span class='ocrx_word' id='word_1_166' title='bbox 852 1873 1077 1931; x_wconf 83' lang='grc' dir='ltr'><em>στρατηγὸν</em></span> <span class='ocrx_word' id='word_1_167' title='bbox 1096 1872 1325 1931; x_wconf 83' lang='grc' dir='ltr'><em>(Ἀρμάτιος</em></span> <span class='ocrx_word' id='word_1_168' title='bbox 1341 1867 1391 1929; x_wconf 77' lang='grc' dir='ltr'><strong>ἦν</strong></span> <span class='ocrx_word' id='word_1_169' title='bbox 1412 1867 1542 1926; x_wconf 66' lang='grc' dir='ltr'><em>οὗτος,</em></span> 
     </span>
    </p>
   </div>
   <div class='ocr_carea' id='block_1_5' title="bbox 373 1999 1744 2096">
    <p class='ocr_par' dir='ltr' id='par_1_10' title="bbox 373 1999 1744 2096">
     <span class='ocr_line' id='line_1_28' title="bbox 381 1999 1744 2049; baseline -0.001 -10"><span class='ocrx_word' id='word_1_170' title='bbox 381 2005 474 2040; x_wconf 85' lang='grc'>2965</span> <span class='ocrx_word' id='word_1_171' title='bbox 507 2002 741 2048; x_wconf 74' lang='grc' dir='ltr'><em>’ὑπερμάχονς</em></span> <span class='ocrx_word' id='word_1_172' title='bbox 760 2002 826 2038; x_wconf 90' lang='lat' dir='ltr'><strong>AR</strong></span> <span class='ocrx_word' id='word_1_173' title='bbox 968 2005 1060 2040; x_wconf 89' lang='grc'>2969</span> <span class='ocrx_word' id='word_1_174' title='bbox 1078 2002 1224 2049; x_wconf 77' lang='grc' dir='ltr'><em>ἔτρεμεν</em></span> <span class='ocrx_word' id='word_1_175' title='bbox 1241 2004 1307 2038; x_wconf 91' lang='lat' dir='ltr'><strong>AR</strong></span> <span class='ocrx_word' id='word_1_176' title='bbox 1431 2003 1525 2038; x_wconf 88' lang='grc'>2970</span> <span class='ocrx_word' id='word_1_177' title='bbox 1546 1999 1657 2037; x_wconf 75' lang='grc' dir='ltr'><em>οὐδὲν</em></span> <span class='ocrx_word' id='word_1_178' title='bbox 1672 2009 1744 2048; x_wconf 79' lang='grc' dir='ltr'><strong>ψυ-</strong></span> 
     </span>
     <span class='ocr_line' id='line_1_29' title="bbox 373 2042 1743 2096; baseline -0.001 -10"><span class='ocrx_word' id='word_1_179' title='bbox 373 2051 441 2096; x_wconf 83' lang='grc' dir='ltr'><strong>χῆς</strong></span> <span class='ocrx_word' id='word_1_180' title='bbox 463 2052 498 2086; x_wconf 83' lang='lat' dir='ltr'>R</span> <span class='ocrx_word' id='word_1_181' title='bbox 587 2051 677 2086; x_wconf 76' lang='lat'>2971</span> <span class='ocrx_word' id='word_1_182' title='bbox 702 2048 876 2085; x_wconf 79' lang='grc' dir='ltr'><em>θάλασσα</em></span> <span class='ocrx_word' id='word_1_183' title='bbox 898 2049 938 2084; x_wconf 92' lang='grc' dir='ltr'><strong>Μ</strong></span> <span class='ocrx_word' id='word_1_184' title='bbox 1027 2050 1121 2086; x_wconf 84' lang='grc'>2974</span> <span class='ocrx_word' id='word_1_185' title='bbox 1138 2049 1306 2094; x_wconf 75' lang='grc' dir='ltr'><em>ἀνέχεται</em></span> <span class='ocrx_word' id='word_1_186' title='bbox 1321 2049 1356 2085; x_wconf 91' lang='lat' dir='ltr'>R</span> <span class='ocrx_word' id='word_1_187' title='bbox 1444 2048 1535 2091; x_wconf 80' lang='grc'>2981</span> <span class='ocrx_word' id='word_1_188' title='bbox 1567 2045 1608 2083; x_wconf 81' lang='grc' dir='ltr'><strong>δ’</strong></span> <span class='ocrx_word' id='word_1_189' title='bbox 1638 2042 1687 2095; x_wconf 82' lang='grc' dir='ltr'><strong>ἦν</strong></span> <span class='ocrx_word' id='word_1_190' title='bbox 1709 2051 1743 2085; x_wconf 89' lang='lat' dir='ltr'>R</span> 
     </span>
    </p>
   </div>
   <div class='ocr_carea' id='block_1_6' title="bbox 271 2162 1746 2898">
    <p class='ocr_par' dir='ltr' id='par_1_11' title="bbox 271 2162 1746 2898">
     <span class='ocr_line' id='line_1_30' title="bbox 279 2162 1745 2210; baseline -0.001 -11"><span class='ocrx_word' id='word_1_191' title='bbox 279 2162 438 2210; x_wconf 87' lang='lat' dir='ltr'><strong>imperiis</strong></span> <span class='ocrx_word' id='word_1_192' title='bbox 468 2163 609 2209; x_wconf 83' lang='lat' dir='ltr'><strong>spoliati</strong></span> <span class='ocrx_word' id='word_1_193' title='bbox 637 2162 836 2208; x_wconf 88' lang='lat' dir='ltr'><strong>deiectique</strong></span> <span class='ocrx_word' id='word_1_194' title='bbox 869 2168 962 2199; x_wconf 86' lang='lat' dir='ltr'><strong>sunt.</strong></span> <span class='ocrx_word' id='word_1_195' title='bbox 1019 2176 1060 2200; x_wconf 92' lang='lat' dir='ltr'><strong>ac</strong></span> <span class='ocrx_word' id='word_1_196' title='bbox 1089 2165 1188 2200; x_wconf 85' lang='lat' dir='ltr'><strong>Zeno</strong></span> <span class='ocrx_word' id='word_1_197' title='bbox 1219 2163 1358 2209; x_wconf 87' lang='lat' dir='ltr'><strong>quidem</strong></span> <span class='ocrx_word' id='word_1_198' title='bbox 1387 2173 1598 2207; x_wconf 84' lang='lat' dir='ltr'><strong>recuperare</strong></span> <span class='ocrx_word' id='word_1_199' title='bbox 1629 2163 1745 2208; x_wconf 85' lang='lat' dir='ltr'><strong>potuit</strong></span> 
     </span>
     <span class='ocr_line' id='line_1_31' title="bbox 280 2209 1744 2256; baseline -0.001 -11"><span class='ocrx_word' id='word_1_200' title='bbox 280 2211 443 2245; x_wconf 81' lang='lat' dir='ltr'><strong>amissum</strong></span> <span class='ocrx_word' id='word_1_201' title='bbox 470 2210 674 2254; x_wconf 79' lang='lat' dir='ltr'><strong>imperium,</strong></span> <span class='ocrx_word' id='word_1_202' title='bbox 708 2209 937 2256; x_wconf 79' lang='lat' dir='ltr'>similiterque</span> <span class='ocrx_word' id='word_1_203' title='bbox 967 2211 1151 2246; x_wconf 81' lang='lat' dir='ltr'><strong>cabades:</strong></span> <span class='ocrx_word' id='word_1_204' title='bbox 1179 2221 1300 2246; x_wconf 79' lang='lat' dir='ltr'><strong>verum</strong></span> <span class='ocrx_word' id='word_1_205' title='bbox 1325 2209 1552 2243; x_wconf 82' lang='lat' dir='ltr'><strong>insidiatricis</strong></span> <span class='ocrx_word' id='word_1_206' title='bbox 1581 2209 1744 2244; x_wconf 78' lang='lat' dir='ltr'>fortunae</span> 
     </span>
     <span class='ocr_line' id='line_1_32' title="bbox 278 2253 1743 2301; baseline -0.001 -10"><span class='ocrx_word' id='word_1_207' title='bbox 278 2256 485 2291; x_wconf 80' lang='lat' dir='ltr'><strong>vicissitudo</strong></span> <span class='ocrx_word' id='word_1_208' title='bbox 512 2257 686 2300; x_wconf 82' lang='lat' dir='ltr'>Nepotem</span> <span class='ocrx_word' id='word_1_209' title='bbox 707 2255 869 2299; x_wconf 85' lang='lat' dir='ltr'><strong>benignis</strong></span> <span class='ocrx_word' id='word_1_210' title='bbox 893 2256 1001 2300; x_wconf 88' lang='lat' dir='ltr'><strong>oculis</strong></span> <span class='ocrx_word' id='word_1_211' title='bbox 1026 2269 1096 2291; x_wconf 91' lang='lat' dir='ltr'><strong>non</strong></span> <span class='ocrx_word' id='word_1_212' title='bbox 1121 2255 1291 2301; x_wconf 79' lang='lat' dir='ltr'><strong>respexit.</strong></span> <span class='ocrx_word' id='word_1_213' title='bbox 1336 2254 1445 2299; x_wconf 86' lang='lat' dir='ltr'><strong>igitur</strong></span> <span class='ocrx_word' id='word_1_214' title='bbox 1462 2253 1743 2298; x_wconf 83' lang='lat' dir='ltr'><strong>opulentissimus</strong></span> 
     </span>
     <span class='ocr_line' id='line_1_33' title="bbox 278 2300 1742 2348; baseline -0.001 -12"><span class='ocrx_word' id='word_1_215' title='bbox 278 2301 338 2336; x_wconf 90' lang='lat' dir='ltr'><strong>ille</strong></span> <span class='ocrx_word' id='word_1_216' title='bbox 356 2301 546 2335; x_wconf 84' lang='lat' dir='ltr'><strong>Basiliscus</strong></span> <span class='ocrx_word' id='word_1_217' title='bbox 576 2307 697 2334; x_wconf 83' lang='lat' dir='ltr'><strong>contra</strong></span> <span class='ocrx_word' id='word_1_218' title='bbox 717 2301 894 2334; x_wconf 81' lang='lat' dir='ltr'><strong>Zenonem</strong></span> <span class='ocrx_word' id='word_1_219' title='bbox 915 2314 1087 2337; x_wconf 89' lang='lat' dir='ltr'><strong>venenum</strong></span> <span class='ocrx_word' id='word_1_220' title='bbox 1103 2300 1336 2348; x_wconf 82' lang='lat' dir='ltr'><strong>improbitatis</strong></span> <span class='ocrx_word' id='word_1_221' title='bbox 1360 2300 1534 2343; x_wconf 84' lang='lat' dir='ltr'><strong>evomuit,</strong></span> <span class='ocrx_word' id='word_1_222' title='bbox 1557 2311 1599 2333; x_wconf 86' lang='lat' dir='ltr'><strong>ac</strong></span> <span class='ocrx_word' id='word_1_223' title='bbox 1615 2311 1742 2345; x_wconf 82' lang='lat' dir='ltr'><strong>reapse</strong></span> 
     </span>
     <span class='ocr_line' id='line_1_34' title="bbox 279 2345 1739 2393; baseline -0.001 -11"><span class='ocrx_word' id='word_1_224' title='bbox 279 2347 443 2383; x_wconf 83' lang='lat' dir='ltr'><strong>basilisco</strong></span> <span class='ocrx_word' id='word_1_225' title='bbox 465 2358 503 2380; x_wconf 88' lang='lat' dir='ltr'><strong>se</strong></span> <span class='ocrx_word' id='word_1_226' title='bbox 527 2347 741 2380; x_wconf 85' lang='lat' dir='ltr'><strong>acerbiorem</strong></span> <span class='ocrx_word' id='word_1_227' title='bbox 761 2346 964 2382; x_wconf 83' lang='lat' dir='ltr'><strong>declaravit.</strong></span> <span class='ocrx_word' id='word_1_228' title='bbox 1013 2348 1143 2393; x_wconf 88' lang='lat' dir='ltr'><strong>quippe</strong></span> <span class='ocrx_word' id='word_1_229' title='bbox 1165 2346 1336 2382; x_wconf 87' lang='lat' dir='ltr'><strong>adiunctis</strong></span> <span class='ocrx_word' id='word_1_230' title='bbox 1354 2345 1424 2380; x_wconf 87' lang='lat' dir='ltr'><strong>sibi</strong></span> <span class='ocrx_word' id='word_1_231' title='bbox 1446 2345 1663 2390; x_wconf 81' lang='lat' dir='ltr'><strong>pugnacibus</strong></span> <span class='ocrx_word' id='word_1_232' title='bbox 1680 2358 1739 2380; x_wconf 84' lang='lat' dir='ltr'><strong>so-</strong></span> 
     </span>
     <span class='ocr_line' id='line_1_35' title="bbox 277 2389 1746 2437; baseline -0.001 -9"><span class='ocrx_word' id='word_1_233' title='bbox 277 2393 344 2428; x_wconf 85' lang='lat' dir='ltr'><strong>ciis</strong></span> <span class='ocrx_word' id='word_1_234' title='bbox 356 2419 366 2437; x_wconf 86' lang='lat'><strong><em>‚</em></strong></span> <span class='ocrx_word' id='word_1_235' title='bbox 389 2403 514 2436; x_wconf 84' lang='lat' dir='ltr'><strong>magno</strong></span> <span class='ocrx_word' id='word_1_236' title='bbox 533 2403 609 2425; x_wconf 92' lang='lat' dir='ltr'><strong>cum</strong></span> <span class='ocrx_word' id='word_1_237' title='bbox 628 2391 733 2425; x_wconf 90' lang='lat' dir='ltr'><strong>animi</strong></span> <span class='ocrx_word' id='word_1_238' title='bbox 753 2393 872 2425; x_wconf 88' lang='lat' dir='ltr'><strong>furore</strong></span> <span class='ocrx_word' id='word_1_239' title='bbox 886 2393 1063 2428; x_wconf 85' lang='lat' dir='ltr'><strong>Zenonem</strong></span> <span class='ocrx_word' id='word_1_240' title='bbox 1082 2394 1226 2428; x_wconf 84' lang='lat' dir='ltr'><strong>invasit.</strong></span> <span class='ocrx_word' id='word_1_241' title='bbox 1271 2391 1330 2425; x_wconf 88' lang='lat' dir='ltr'><strong>ille</strong></span> <span class='ocrx_word' id='word_1_242' title='bbox 1350 2403 1435 2425; x_wconf 88' lang='lat' dir='ltr'><strong>vero</strong></span> <span class='ocrx_word' id='word_1_243' title='bbox 1456 2396 1550 2425; x_wconf 82' lang='lat' dir='ltr'><strong>metu</strong></span> <span class='ocrx_word' id='word_1_244' title='bbox 1560 2389 1746 2436; x_wconf 34' lang='lat' dir='ltr'><strong>correptus*</strong></span> 
     </span>
     <span class='ocr_line' id='line_1_36' title="bbox 277 2437 1741 2484; baseline -0.001 -10"><span class='ocrx_word' id='word_1_245' title='bbox 277 2443 316 2474; x_wconf 88' lang='lat' dir='ltr'><strong>et</strong></span> <span class='ocrx_word' id='word_1_246' title='bbox 336 2443 451 2473; x_wconf 84' lang='lat' dir='ltr'><strong>mente</strong></span> <span class='ocrx_word' id='word_1_247' title='bbox 477 2439 680 2483; x_wconf 80' lang='lat' dir='ltr'><strong>perturbata</strong></span> <span class='ocrx_word' id='word_1_248' title='bbox 704 2448 777 2470; x_wconf 91' lang='lat' dir='ltr'><strong>cum</strong></span> <span class='ocrx_word' id='word_1_249' title='bbox 799 2437 955 2473; x_wconf 86' lang='lat' dir='ltr'><strong>Ariadna</strong></span> <span class='ocrx_word' id='word_1_250' title='bbox 981 2440 1128 2484; x_wconf 86' lang='lat' dir='ltr'><strong>coniuge</strong></span> <span class='ocrx_word' id='word_1_251' title='bbox 1153 2439 1190 2473; x_wconf 92' lang='lat' dir='ltr'><strong>in</strong></span> <span class='ocrx_word' id='word_1_252' title='bbox 1207 2437 1375 2473; x_wconf 84' lang='lat' dir='ltr'><strong>Isauriam</strong></span> <span class='ocrx_word' id='word_1_253' title='bbox 1396 2437 1500 2481; x_wconf 81' lang='lat' dir='ltr'><strong>fugit.</strong></span> <span class='ocrx_word' id='word_1_254' title='bbox 1547 2437 1676 2471; x_wconf 84' lang='lat' dir='ltr'><strong>etenim</strong></span> <span class='ocrx_word' id='word_1_255' title='bbox 1696 2438 1741 2472; x_wconf 87' lang='lat' dir='ltr'><strong>de</strong></span> 
     </span>
     <span class='ocr_line' id='line_1_37' title="bbox 275 2482 1741 2530; baseline -0.001 -11"><span class='ocrx_word' id='word_1_256' title='bbox 275 2485 372 2528; x_wconf 83' lang='lat' dir='ltr'><strong>vita,</strong></span> <span class='ocrx_word' id='word_1_257' title='bbox 404 2496 472 2518; x_wconf 90' lang='lat' dir='ltr'><strong>non</strong></span> <span class='ocrx_word' id='word_1_258' title='bbox 507 2484 631 2528; x_wconf 90' lang='lat' dir='ltr'><strong>opibus</strong></span> <span class='ocrx_word' id='word_1_259' title='bbox 662 2483 886 2516; x_wconf 87' lang='lat' dir='ltr'><strong>laborandum</strong></span> <span class='ocrx_word' id='word_1_260' title='bbox 922 2484 990 2518; x_wconf 91' lang='lat' dir='ltr'><strong>sibi</strong></span> <span class='ocrx_word' id='word_1_261' title='bbox 1018 2483 1177 2530; x_wconf 73' lang='lat' dir='ltr'><strong>putabat.</strong></span> <span class='ocrx_word' id='word_1_262' title='bbox 1225 2483 1383 2517; x_wconf 88' lang='lat' dir='ltr'><strong>nimirum</strong></span> <span class='ocrx_word' id='word_1_263' title='bbox 1415 2482 1500 2516; x_wconf 89' lang='lat' dir='ltr'><strong>nihil</strong></span> <span class='ocrx_word' id='word_1_264' title='bbox 1522 2488 1577 2517; x_wconf 85' lang='lat' dir='ltr'><strong>est</strong></span> <span class='ocrx_word' id='word_1_265' title='bbox 1599 2483 1741 2517; x_wconf 76' lang='lat' dir='ltr'><strong>maioris</strong></span> 
     </span>
     <span class='ocr_line' id='line_1_38' title="bbox 274 2528 1740 2576; baseline -0.002 -11"><span class='ocrx_word' id='word_1_266' title='bbox 274 2531 368 2576; x_wconf 81' lang='lat' dir='ltr'><strong>apud</strong></span> <span class='ocrx_word' id='word_1_267' title='bbox 387 2530 543 2563; x_wconf 88' lang='lat' dir='ltr'><strong>homines</strong></span> <span class='ocrx_word' id='word_1_268' title='bbox 562 2528 668 2574; x_wconf 88' lang='lat' dir='ltr'><strong>pretii</strong></span> <span class='ocrx_word' id='word_1_269' title='bbox 691 2540 792 2574; x_wconf 87' lang='lat' dir='ltr'><strong>quam</strong></span> <span class='ocrx_word' id='word_1_270' title='bbox 821 2528 906 2562; x_wconf 86' lang='lat' dir='ltr'><strong>vita:</strong></span> <span class='ocrx_word' id='word_1_271' title='bbox 939 2541 1007 2563; x_wconf 92' lang='lat' dir='ltr'><strong>non</strong></span> <span class='ocrx_word' id='word_1_272' title='bbox 1029 2531 1128 2575; x_wconf 83' lang='lat' dir='ltr'><strong>regia</strong></span> <span class='ocrx_word' id='word_1_273' title='bbox 1145 2534 1322 2575; x_wconf 85' lang='lat' dir='ltr'><strong>potestas,</strong></span> <span class='ocrx_word' id='word_1_274' title='bbox 1350 2540 1420 2563; x_wconf 92' lang='lat' dir='ltr'><strong>non</strong></span> <span class='ocrx_word' id='word_1_275' title='bbox 1444 2528 1553 2562; x_wconf 84' lang='lat' dir='ltr'><strong>maria</strong></span> <span class='ocrx_word' id='word_1_276' title='bbox 1571 2529 1740 2573; x_wconf 83' lang='lat' dir='ltr'><strong>quaedam</strong></span> 
     </span>
     <span class='ocr_line' id='line_1_39' title="bbox 274 2574 1740 2620; baseline -0.001 -10"><span class='ocrx_word' id='word_1_277' title='bbox 274 2576 476 2611; x_wconf 85' lang='lat' dir='ltr'><strong>divitiarum</strong></span> <span class='ocrx_word' id='word_1_278' title='bbox 497 2580 532 2610; x_wconf 86' lang='lat' dir='ltr'><strong>et</strong></span> <span class='ocrx_word' id='word_1_279' title='bbox 551 2586 666 2620; x_wconf 87' lang='lat' dir='ltr'><strong>opum.</strong></span> <span class='ocrx_word' id='word_1_280' title='bbox 715 2574 781 2607; x_wconf 90' lang='lat' dir='ltr'><strong>hoc</strong></span> <span class='ocrx_word' id='word_1_281' title='bbox 798 2575 899 2608; x_wconf 90' lang='lat' dir='ltr'><strong>modo</strong></span> <span class='ocrx_word' id='word_1_282' title='bbox 919 2575 1007 2609; x_wconf 86' lang='lat' dir='ltr'><strong>citra</strong></span> <span class='ocrx_word' id='word_1_283' title='bbox 1029 2575 1182 2610; x_wconf 86' lang='lat' dir='ltr'><strong>laborem</strong></span> <span class='ocrx_word' id='word_1_284' title='bbox 1199 2574 1385 2608; x_wconf 79' lang='lat' dir='ltr'><strong>Basiliscus</strong></span> <span class='ocrx_word' id='word_1_285' title='bbox 1404 2575 1525 2608; x_wconf 89' lang='lat' dir='ltr'><strong>urbem</strong></span> <span class='ocrx_word' id='word_1_286' title='bbox 1546 2574 1740 2618; x_wconf 83' lang='lat' dir='ltr'><strong>ingressus,</strong></span> 
     </span>
     <span class='ocr_line' id='line_1_40' title="bbox 273 2620 1737 2667; baseline -0.001 -11"><span class='ocrx_word' id='word_1_287' title='bbox 273 2623 368 2667; x_wconf 90' lang='lat' dir='ltr'><strong>quod</strong></span> <span class='ocrx_word' id='word_1_288' title='bbox 393 2626 489 2655; x_wconf 89' lang='lat' dir='ltr'><strong>esset</strong></span> <span class='ocrx_word' id='word_1_289' title='bbox 512 2633 612 2654; x_wconf 88' lang='lat' dir='ltr'><strong>nemo</strong></span> <span class='ocrx_word' id='word_1_290' title='bbox 632 2620 691 2666; x_wconf 89' lang='lat' dir='ltr'><strong>qui</strong></span> <span class='ocrx_word' id='word_1_291' title='bbox 710 2625 865 2663; x_wconf 80' lang='lat' dir='ltr'><strong>vetaret,</strong></span> <span class='ocrx_word' id='word_1_292' title='bbox 889 2620 1052 2664; x_wconf 88' lang='lat' dir='ltr'><strong>imposita</strong></span> <span class='ocrx_word' id='word_1_293' title='bbox 1075 2622 1181 2667; x_wconf 83' lang='lat' dir='ltr'><strong>capit-i</strong></span> <span class='ocrx_word' id='word_1_294' title='bbox 1203 2632 1331 2655; x_wconf 88' lang='lat' dir='ltr'><strong>corona</strong></span> <span class='ocrx_word' id='word_1_295' title='bbox 1349 2620 1538 2664; x_wconf 86' lang='lat' dir='ltr'><strong>imperator</strong></span> <span class='ocrx_word' id='word_1_296' title='bbox 1557 2620 1737 2654; x_wconf 83' lang='lat' dir='ltr'><strong>renuntia-</strong></span> 
     </span>
     <span class='ocr_line' id='line_1_41' title="bbox 272 2665 1737 2711; baseline -0.002 -9"><span class='ocrx_word' id='word_1_297' title='bbox 272 2673 345 2702; x_wconf 79' lang='lat' dir='ltr'><strong>tur.</strong></span> <span class='ocrx_word' id='word_1_298' title='bbox 392 2667 568 2702; x_wconf 80' lang='lat' dir='ltr'><strong>enimvero</strong></span> <span class='ocrx_word' id='word_1_299' title='bbox 581 2667 740 2700; x_wconf 83' lang='lat' dir='ltr'><strong>accidere</strong></span> <span class='ocrx_word' id='word_1_300' title='bbox 758 2665 890 2710; x_wconf 89' lang='lat' dir='ltr'><strong>plerum</strong></span> <span class='ocrx_word' id='word_1_301' title='bbox 917 2677 960 2699; x_wconf 91' lang='lat' dir='ltr'><strong>ue</strong></span> <span class='ocrx_word' id='word_1_302' title='bbox 975 2666 1066 2701; x_wconf 85' lang='lat' dir='ltr'><strong>solet</strong></span> <span class='ocrx_word' id='word_1_303' title='bbox 1083 2674 1122 2701; x_wconf 92' lang='lat' dir='ltr'><strong>ut</strong></span> <span class='ocrx_word' id='word_1_304' title='bbox 1138 2666 1284 2711; x_wconf 87' lang='lat' dir='ltr'><strong>imperia</strong></span> <span class='ocrx_word' id='word_1_305' title='bbox 1300 2678 1370 2699; x_wconf 91' lang='lat' dir='ltr'><strong>non</strong></span> <span class='ocrx_word' id='word_1_306' title='bbox 1390 2666 1450 2700; x_wconf 89' lang='lat' dir='ltr'><strong>diu</strong></span> <span class='ocrx_word' id='word_1_307' title='bbox 1465 2670 1626 2700; x_wconf 83' lang='lat' dir='ltr'><strong>maneant</strong></span> <span class='ocrx_word' id='word_1_308' title='bbox 1645 2666 1737 2710; x_wconf 87' lang='lat' dir='ltr'><strong>apud</strong></span> 
     </span>
     <span class='ocr_line' id='line_1_42' title="bbox 273 2711 1736 2758; baseline -0.001 -11"><span class='ocrx_word' id='word_1_309' title='bbox 273 2712 351 2748; x_wconf 81' lang='lat' dir='ltr'><strong>illos</strong></span> <span class='ocrx_word' id='word_1_310' title='bbox 374 2713 434 2758; x_wconf 89' lang='lat' dir='ltr'><strong>qui</strong></span> <span class='ocrx_word' id='word_1_311' title='bbox 458 2725 500 2747; x_wconf 87' lang='lat' dir='ltr'><strong>ea</strong></span> <span class='ocrx_word' id='word_1_312' title='bbox 521 2718 731 2757; x_wconf 85' lang='lat' dir='ltr'><strong>rapuerunt,</strong></span> <span class='ocrx_word' id='word_1_313' title='bbox 751 2713 814 2747; x_wconf 91' lang='lat' dir='ltr'><strong>sed</strong></span> <span class='ocrx_word' id='word_1_314' title='bbox 837 2723 902 2745; x_wconf 85' lang='lat' dir='ltr'><strong>avo</strong></span> <span class='ocrx_word' id='word_1_315' title='bbox 918 2717 978 2745; x_wconf 90' lang='lat' dir='ltr'><strong>ent</strong></span> <span class='ocrx_word' id='word_1_316' title='bbox 1001 2713 1070 2746; x_wconf 89' lang='lat' dir='ltr'><strong>cito</strong></span> <span class='ocrx_word' id='word_1_317' title='bbox 1101 2712 1269 2757; x_wconf 83' lang='lat' dir='ltr'><strong>quasique</strong></span> <span class='ocrx_word' id='word_1_318' title='bbox 1294 2711 1493 2755; x_wconf 81' lang='lat' dir='ltr'><strong>aufugiant,</strong></span> <span class='ocrx_word' id='word_1_319' title='bbox 1520 2716 1683 2756; x_wconf 84' lang='lat' dir='ltr'><strong>tanquam</strong></span> <span class='ocrx_word' id='word_1_320' title='bbox 1704 2711 1736 2745; x_wconf 88' lang='lat' dir='ltr'><strong>si</strong></span> 
     </span>
     <span class='ocr_line' id='line_1_43' title="bbox 272 2757 1736 2805; baseline -0.003 -11"><span class='ocrx_word' id='word_1_321' title='bbox 272 2758 440 2805; x_wconf 87' lang='lat' dir='ltr'><strong>paulatim</strong></span> <span class='ocrx_word' id='word_1_322' title='bbox 469 2759 625 2793; x_wconf 87' lang='lat' dir='ltr'><strong>dominos</strong></span> <span class='ocrx_word' id='word_1_323' title='bbox 651 2758 822 2803; x_wconf 84' lang='lat' dir='ltr'><strong>incipiant</strong></span> <span class='ocrx_word' id='word_1_324' title='bbox 851 2769 1054 2801; x_wconf 82' lang='lat' dir='ltr'><strong>agnoscere.</strong></span> <span class='ocrx_word' id='word_1_325' title='bbox 1108 2759 1160 2792; x_wconf 90' lang='lat' dir='ltr'><strong>sic</strong></span> <span class='ocrx_word' id='word_1_326' title='bbox 1195 2758 1256 2792; x_wconf 91' lang='lat' dir='ltr'><strong>ubi</strong></span> <span class='ocrx_word' id='word_1_327' title='bbox 1296 2757 1405 2791; x_wconf 90' lang='lat' dir='ltr'><strong>solum</strong></span> <span class='ocrx_word' id='word_1_328' title='bbox 1426 2757 1603 2793; x_wconf 88' lang='lat' dir='ltr'><strong>biennium</strong></span> <span class='ocrx_word' id='word_1_329' title='bbox 1629 2758 1736 2791; x_wconf 86' lang='lat' dir='ltr'><strong>rebus</strong></span> 
     </span>
     <span class='ocr_line' id='line_1_44' title="bbox 272 2803 1735 2850; baseline -0.002 -11"><span class='ocrx_word' id='word_1_330' title='bbox 272 2805 485 2850; x_wconf 83' lang='lat' dir='ltr'><strong>praefuisset</strong></span> <span class='ocrx_word' id='word_1_331' title='bbox 505 2810 606 2839; x_wconf 84' lang='lat' dir='ltr'><strong>atrox</strong></span> <span class='ocrx_word' id='word_1_332' title='bbox 623 2804 681 2838; x_wconf 89' lang='lat' dir='ltr'><strong>ille</strong></span> <span class='ocrx_word' id='word_1_333' title='bbox 701 2803 903 2847; x_wconf 86' lang='lat' dir='ltr'><strong>Basiliscus,</strong></span> <span class='ocrx_word' id='word_1_334' title='bbox 922 2803 1066 2838; x_wconf 84' lang='lat' dir='ltr'><strong>Zenone</strong></span> <span class='ocrx_word' id='word_1_335' title='bbox 1083 2808 1286 2838; x_wconf 84' lang='lat' dir='ltr'><strong>revertente</strong></span> <span class='ocrx_word' id='word_1_336' title='bbox 1310 2809 1479 2848; x_wconf 85' lang='lat' dir='ltr'><strong>grataque</strong></span> <span class='ocrx_word' id='word_1_337' title='bbox 1503 2815 1567 2848; x_wconf 86' lang='lat' dir='ltr'><strong>spe</strong></span> <span class='ocrx_word' id='word_1_338' title='bbox 1592 2808 1735 2836; x_wconf 84' lang='lat' dir='ltr'><strong>cunctos</strong></span> 
     </span>
     <span class='ocr_line' id='line_1_45' title="bbox 271 2847 1734 2898; baseline -0.002 -12"><span class='ocrx_word' id='word_1_339' title='bbox 271 2851 473 2898; x_wconf 58' lang='lat' dir='ltr'><strong>inescante5</strong></span> <span class='ocrx_word' id='word_1_340' title='bbox 491 2851 697 2898; x_wconf 78' lang='lat' dir='ltr'><strong>praesertim</strong></span> <span class='ocrx_word' id='word_1_341' title='bbox 726 2852 847 2888; x_wconf 80' lang='lat' dir='ltr'><strong>ducem</strong></span> <span class='ocrx_word' id='word_1_342' title='bbox 875 2849 1051 2896; x_wconf 79' lang='lat' dir='ltr'><strong>copiarum</strong></span> <span class='ocrx_word' id='word_1_343' title='bbox 1069 2850 1231 2887; x_wconf 82' lang='lat' dir='ltr'><strong>Basilisci</strong></span> <span class='ocrx_word' id='word_1_344' title='bbox 1251 2848 1487 2895; x_wconf 67' lang='lat' dir='ltr'><strong>Harmafium,</strong></span> <span class='ocrx_word' id='word_1_345' title='bbox 1512 2848 1608 2885; x_wconf 80' lang='lat' dir='ltr'><strong>cuius</strong></span> <span class='ocrx_word' id='word_1_346' title='bbox 1627 2847 1734 2884; x_wconf 78' lang='lat' dir='ltr'><strong>filimn</strong></span> 
     </span>
    </p>
   </div>
  </div>
 </body>
</html>
