1832 3250
503 170 874 220 COMPENDIUM
916 173 1260 220 CHRoNlcum.
1399 168 1402 169 ⁷
1538 176 1599 221 55

296 284 340 330 ἔκ
359 281 525 343 Κρήτης
546 278 595 340 ἦν
607 282 846 339 Ἰδομενεύς,
883 285 1146 343 Τληπόλεμος
1165 290 1208 333 ἐκ
1221 285 1391 341 ‘Pedem‘

294 352 438 404 πάντες
459 353 504 397 τὸ
523 353 634 409 γένος
654 354 831 403 ἕλκοντες
848 354 890 404 ἐξ
908 355 1072 410 εὐγενῶν
1090 356 1286 411 αἱμάτων,

295 420 544 479 &paream-fg,
573 424 784 477 διογενεῖς,
809 421 980 479 ἆρεϊκοί,
1008 413 1207 478 γεννάδαι,

163 488 270 532 1235
286 496 490 546 γενναῖοι,
502 491 788 544 θυμολέοντες,
816 489 959 546 ἄνδρες
977 490 1158 545 αἱμάτων
1172 491 1329 544 πάντες.

296 555 318 615 ὃ
336 558 380 600 δὲ
402 556 597 614 Φθιώτης
612 558 814 612 Ἀχιλλεὺς
831 557 1004 612 ἔλαμπεν
1021 557 1120 616 ὑπὲρ
1136 559 1303 613 πάντας,

293 624 511 684 ἄνθρωπος
527 625 839 680 πολεμόκλονος,
869 625 1037 681 ἄλκιμος
1044 659 1058 679 ‚
1081 627 1330 687 βριαρόχειρ.

292 696 360 736 καὶ
383 696 514 737 τοίνυν
535 693 819 752 ἓξαρτύσαντες
838 694 907 738 τὸν
928 694 1136 749 χιλιόναυν
1153 695 1296 740 στόλον

291 762 453 806 ἱστῶσιν
466 762 738 819 Ἀγαμέμνονα
759 761 985 820 στολάρχην
1006 766 1073 806 καὶ
1094 763 1362 822 στρατάρχην,

157 827 266 873 1240
291 829 420 888 ἄνδρα
441 839 618 886 γενναῖον
629 833 701 877 ,καὶ
719 829 862 883 καλόν,
894 831 1009 888 ἥρωα
1025 831 1246 890 ῥωμαλέον,

287 899 354 941 καὶ
372 897 506 943 κάλλει
526 900 795 956 ὁιαπρὲποντα
815 901 881 942 καὶ
897 899 1124 957 βραχιόνων
1144 902 1292 945 σθένει.

287 968 491 1023 πατρίδων
505 968 578 1022 μέν
603 968 818 1024 ἀπαίρουσι
839 970 906 1010 καὶ
928 970 1056 1025 φίλων
1079 971 1144 1011 καὶ
1162 971 1322 1021 τοκέων,

286 1034 475 1089 ἐκθύμως
494 1040 804 1096 ναυστολοῦνται
826 1037 870 1079 δὲ
890 1037 993 1079 κατὰ
1015 1041 1088 1092 τῆς
1107 1040 1313 1092 πολεμίας.

284 1108 399 1160 κοινῇ
417 1104 461 1146 δὲ
481 1103 775 1159 συσκεψάμενοι
797 1106 998 1160 κρίνουσιν
1019 1103 1115 1148 εἶναι
1139 1107 1228 1148 δίον
1289 1125 1292 1130 ’

154 1169 260 1215 1245
285 1174 488 1226 λεηλατεῖν
505 1189 546 1215 τε
568 1174 634 1215 καὶ
652 1177 822 1229 πορθεῖν
842 1173 892 1215 τὰ
916 1172 1111 1230 πρόσοικα
1133 1179 1184 1231 τῇ
1207 1176 1352 1234 Τροίᾳ,

285 1237 341 1290 ὥς
363 1239 412 1282 ἂν
432 1242 499 1283 καὶ
517 1239 673 1290 τούτοις
693 1242 843 1297 γένοιτο
864 1246 944 1284 τῶν
965 1241 1191 1298 ἀναγκαίων
1207 1241 1332 1299 πόρος

285 1309 351 1350 καὶ
371 1315 454 1360 τοῖς
471 1311 632 1366 Τρωσὶν
653 1308 879 1352 ἐκκόπτοιτο
901 1310 952 1353 τὰ
974 1311 1075 1367 πρὸς
1097 1311 1170 1365 τὴν
1188 1313 1433 1365 συμμαχίαν.

284 1376 487 1419 στέλλεται
507 1379 639 1419 τοίνυν
651 1377 851 1430 Ἀχιλλεὺς
870 1380 936 1420 καὶ
953 1383 1033 1420 τῶν
1052 1379 1226 1435 ἀρίστων
1246 1378 1375 1433 ἄλλοι,

282 1446 350 1486 καὶ
370 1443 506 1498 νήσοις
525 1445 766 1487 ἐπιτίθενται
785 1447 851 1487 καὶ
873 1447 1069 1502 κείρουσιν
1087 1447 1286 1502 ἠπείρους,

150 1511 259 1556 1250
277 1514 344 1554 καὶ
360 1513 492 1555 τέλεον
511 1514 759 1569 ἕκτρίβουσιν
780 1511 856 1555 ὅσα
876 1518 955 1556 τῶν
973 1516 1183 1567 πολεμίων.

278 1579 451 1634 ἤκουστο
467 1579 541 1634 μέν
561 1575 631 1623 οὖν
644 1579 808 1635 Ἕλλησι
825 1581 876 1625 τὰ
898 1583 986 1637 περὶ
1007 1586 1080 1636 τῆς
1095 1580 1277 1637 εΕλένης,

277 1645 334 1698 ὡς
353 1645 374 1690 ὃ
395 1648 591 1705 Πρωτεὺς
609 1646 630 1690 ὅ
648 1649 838 1702 βασιλεὺς
858 1649 1045 1705 ἀφέλοιτο
1068 1650 1136 1692 τὸν
1155 1649 1306 1707 Πάριν,

277 1713 333 1766 ὡς
355 1717 458 1773 παρ’
484 1717 607 1759 αὐτοῦ
629 1715 869 1773 φυλάττοιτο
893 1716 996 1759 κατὰ
1015 1717 1087 1772 τὴν
1108 1716 1223 1760 πόλιν
1245 1717 1442 1774 Μέμφιν·

274 1784 367 1826 ἀλλ’
392 1782 638 1840 ἧγωνίζοντό,
674 1802 788 1842 φασι,
823 1786 1099 1841 περιγενέσθαι
1128 1787 1293 1843 Τροίας,

143 1850 250 1896 1255
275 1850 413 1910 φήμης
432 1851 657 1910 κρατούσης
674 1853 774 1909 παρ’
803 1854 939 1903 αὐτοῖς
959 1851 1015 1912 ὡς
1034 1858 1261 1911 θησαυροῖς
1279 1853 1450 1910 χρυσίου

274 1921 524 1975 ἔνευθηνοῖτο
532 1953 546 1973 ,
576 1923 642 1963 καὶ
661 1925 797 1980 πολλῷ
811 1926 870 1980 τῷ
885 1921 1045 1980 πλούτῳ
1063 1924 1305 1979 περιβρίθοι.

231 2016 323 2051 1232
340 2013 577 2060 τριπτόλεμος
597 2015 696 2052 ARR
840 2018 930 2053 1238
947 2014 1149 2063 μυριόναυν
1175 2017 1209 2051 R
1392 2012 1479 2050 1241
1501 2012 1579 2047 διοι-

227 2059 420 2106 λᾶμποντα
441 2061 472 2096 A
610 2062 698 2097 1246
717 2061 854 2106 γίνοιτο
878 2063 912 2097 R
1049 2064 1135 2098 1251
1159 2057 1244 2107 οὖν]
1265 2062 1345 2102 τοῖς
1361 2061 1401 2095 Μ

135 2140 311 2176 Salamine
330 2140 432 2184 Aiax,
453 2140 657 2176 Idomeneus
681 2153 701 2174 e
726 2142 850 2185 Creta,
874 2154 893 2175 e
915 2142 1040 2178 Rhodo
1064 2141 1304 2186 Tlepolemus,
1329 2150 1455 2175 omnes
1469 2137 1577 2182 origi-

134 2199 212 2222 nem
238 2187 377 2231 generis
397 2186 564 2221 habentes
592 2199 612 2220 e
635 2186 741 2221 nobili
762 2188 950 2232 sanguine,
978 2188 1154 2232 insignes,
1179 2187 1247 2221 orti
1268 2188 1376 2230 Iove,
1399 2183 1579 2226 Mavortii,

135 2233 258 2276 fortes,
275 2232 449 2277 generosi,
467 2232 614 2267 leoninis
637 2233 757 2267 animis
776 2233 938 2278 praediti.
984 2245 1090 2279 supra
1107 2245 1224 2267 omnes
1240 2231 1391 2267 Achilles
1413 2243 1433 2265 e
1450 2229 1577 2263 Phthia

132 2277 282 2322 lucebat,
299 2278 355 2312 vir
371 2277 567 2322 bellicosus,
585 2278 699 2322 fortis,
719 2279 871 2314 robustis
887 2280 1056 2314 manibus.
1102 2279 1278 2314 enimvero
1295 2278 1465 2312 instructa
1484 2275 1576 2309 mille

133 2324 271 2358 navium
302 2323 432 2368 classe,
457 2324 743 2368 Agamemnonem
775 2325 895 2359 classis
927 2330 964 2360 et
985 2325 1157 2360 exercitus
1177 2325 1421 2370 imperatorem
1444 2322 1575 2356 consti-

132 2372 246 2412 munt,
266 2369 377 2403 virum
399 2381 604 2413 generosum
626 2382 667 2404 ac
688 2371 813 2404 bonum
826 2397 835 2413 ‚
859 2371 965 2405 heroa
986 2373 1163 2405 robustum
1176 2397 1185 2414 ‚
1209 2374 1441 2415 praestantem
1463 2368 1574 2401 forma

134 2418 172 2449 ot
190 2415 228 2449 vi
244 2415 477 2450 brachiorum.
522 2415 706 2450 discedunt
726 2428 746 2450 a
769 2416 883 2461 patria
904 2422 941 2450 et
961 2417 1079 2451 amicis
1099 2422 1135 2451 et
1155 2416 1370 2461 parentibus,
1390 2413 1573 2457 animoque

133 2459 219 2494 forti
236 2472 359 2495 versus
379 2461 547 2495 hosticum
569 2462 677 2496 solum
696 2461 839 2496 classem
856 2462 1022 2506 dirigunt.
1067 2474 1107 2496 re
1129 2462 1353 2496 communiter
1369 2460 1573 2502 deliberata,

133 2509 289 2540 statuunt
305 2518 382 2541 esse
402 2507 633 2541 necessarium
654 2512 693 2541 ut
711 2507 904 2553 diriperent
921 2520 961 2542 ac
984 2508 1228 2542 exscinderent
1249 2506 1380 2541 Troiae
1397 2504 1572 2548 viciniam,

134 2555 175 2586 ut
194 2549 264 2595 ipsi
283 2551 416 2597 copiam
438 2559 644 2588 commeatus
664 2553 884 2598 acquirerent
914 2559 951 2588 et
976 2554 1140 2589 Troianis
1163 2553 1333 2588 sociorum
1356 2551 1450 2585 vires
1473 2552 1570 2584 fran-

131 2602 310 2639 gerentur.
354 2597 471 2643 itaque
493 2598 640 2632 mittitur
663 2598 813 2634 Achilles
842 2610 917 2633 cum
946 2599 1022 2634 aliis
1048 2599 1135 2634 viris
1158 2597 1484 2644 praestantissimis,
1514 2595 1574 2640 qui

129 2640 260 2675 insulas
274 2641 442 2678 invadunt
457 2649 493 2678 et
507 2644 723 2679 continentes
741 2646 1008 2690 depraedantur,
1029 2658 1070 2680 ac
1084 2646 1222 2679 tandem
1235 2655 1291 2678 res
1307 2643 1457 2677 hostium
1472 2653 1573 2687 pror-

130 2697 189 2720 sus
212 2691 376 2722 atterunt.
433 2690 615 2724 audierant
634 2691 771 2735 quidem
794 2691 946 2734 Graeci,
980 2693 1023 2726 de
1045 2691 1182 2726 Helena
1204 2689 1287 2735 quid
1316 2690 1445 2723 factum
1469 2692 1574 2731 esset,

130 2731 287 2766 nimirum
310 2732 437 2767 Protea
458 2746 576 2779 regem
597 2736 717 2771 Paridi
739 2748 814 2771 eam
834 2737 1015 2782 ademisse,
1041 2749 1082 2771 ac
1104 2739 1147 2770 ab
1171 2736 1230 2770 illo
1249 2746 1306 2770 res
1323 2734 1431 2781 ipsius
1456 2745 1572 2768 omnes

130 2777 317 2811 custodiri:
338 2790 456 2813 verum
479 2781 570 2814 omni
590 2782 706 2817 studio
727 2785 957 2826 conabantur,
980 2795 1044 2817 ceu
1065 2784 1198 2826 fertur,
1223 2792 1392 2825 occupare
1417 2780 1572 2819 Troiam,

129 2833 207 2857 cum
228 2823 321 2858 fama
342 2830 502 2861 constans
525 2832 618 2862 esset
641 2828 717 2863 auri
737 2829 909 2864 thesauris
934 2841 1009 2864 eam
1033 2829 1210 2864 abtmdare
1231 2839 1272 2862 ac
1293 2826 1425 2872 magnis
1448 2824 1573 2871 opibus

1622 631 1728 666 P26
