1924 3242
319 188 349 234 4
941 188 1126 234 IOELIS

314 301 504 359 γράψοιτο
526 302 598 357 τὴν
620 300 913 358 ἀστρονομίαν,
949 299 1126 359 εὑρηκὼς
1145 301 1219 356 τὴν
1239 305 1311 344 τοῦ
1330 302 1427 356 Σὴθ
1445 304 1513 344 καὶ
1534 307 1614 345 τῶν
1633 302 1760 345 αὐτοῦ

314 371 460 412 τέκνων
484 370 703 423 ὀνομασίαν
726 371 794 411 καὶ
819 373 899 412 τῶν
921 369 1097 426 ἀστέρων
1117 370 1159 412 ἓν
1180 372 1301 412 πλακὶ
1319 371 1456 426 λιθίνῃ
1476 371 1760 426 γεγλυμμένην.

315 438 354 480 οἱ
377 437 454 494 γὰρ
477 441 550 479 τοῦ
575 437 671 491 Σὴθ
693 436 842 494 ἔκγονοι
860 438 1159 494 προμυηθέντες
1179 436 1338 480 ἄνωθεν
1355 437 1428 492 τὴν
1446 439 1671 491 μέλλουσαν
1690 455 1757 495 γε-

312 506 456 547 νέσθαι
489 505 654 562 φθορὰν
682 509 762 548 τῶν
792 503 1019 562 ἀνθρώπων
1049 507 1238 560 ἐποίησαν
1266 504 1338 547 δύο
1360 504 1532 560 στήλας,
1565 508 1664 560 μίαν
1684 507 1759 560 μὲν

173 584 201 618 Ρ
228 583 293 619 150
314 574 473 627 λιθίνην
504 570 641 629 ἑτέραν
667 574 711 615 δὲ
739 575 971 628 πλινθίνην,
1005 570 1256 629 λογισάμενοι
1278 573 1361 624 ὅτι,
1388 575 1423 615 εἲ
1438 574 1510 626 μὲν
1530 574 1588 615 δι’
1610 573 1792 624 &datast

310 638 331 682 ὅ
354 639 654 695 κατακλυσμός,
681 639 707 695 ἦ
730 642 863 695 λιθίνη
886 640 1012 695 στήλη
1029 648 1142 694 μενεῖ
1156 643 1223 683 καὶ
1244 641 1295 683 τὰ
1315 642 1355 682 ἓν
1373 641 1477 696 αὐτῇ
1496 642 1758 696 γεγλυμμένα,

311 710 346 751 εἴ
386 709 429 750 δὲ
460 708 528 750 διὰ
553 707 700 765 πυρός,
733 707 760 763 ἦ
786 710 972 764 πλινθίνη
998 707 1241 763 σωθήσεται.
1310 708 1388 750 ἀπὸ
1414 709 1695 764 Μαγουσαίων
1716 709 1760 751 δὲ

307 775 398 829 ἤτοι
430 778 604 832 Περσῶν
635 776 784 832 ἤρξατο
818 777 1057 833 ἀστρολογία
1091 779 1157 818 καὶ
1190 778 1360 832 μαγεία,
1397 774 1606 830 λαβόντων
1631 776 1761 834 ἀρχὰς

308 843 388 885 ἀπὸ
412 844 590 900 Νεβρώὃ
611 848 685 886 τοῦ
704 844 776 899 τὴν
798 847 1029 898 Βαβυλῶνα
1049 846 1270 894 κτίσαντος.

398 928 401 930 ·
442 911 569 955 Μετὰ
598 915 725 954 Νῖνον
757 913 1010 966 ἐβασίλευσεν
1036 913 1255 970 Ἀσσυρίων
1292 910 1459 968 Θύρρας
1482 929 1543 961 τις
1565 910 1758 966 τοῦνομα,
1771 918 1815 952 10

307 977 373 1034 ἔτη
391 977 442 1031 λ’,
470 978 516 1021 ὃν
535 981 601 1021 καὶ
621 979 888 1033 μετεκάλεσαν
899 979 1019 1036 Ἄρεα
1041 983 1097 1029 εἷς
1117 980 1245 1034 ὄνομα
1264 984 1338 1022 τοῦ
1355 978 1558 1034 πλανήτου
1578 979 1759 1036 ἀστέρος,

305 1041 340 1105 ᾧ
361 1049 438 1089 τινὶ
455 1046 562 1102 ’Άρει
581 1046 743 1104 πρώτην
765 1046 914 1103 στήλην
938 1048 1159 1102 ἀνέστησαν
1182 1049 1220 1090 οἳ
1238 1046 1465 1104 Ἀσσύριοι,
1491 1049 1559 1089 καὶ
1584 1045 1640 1097 ὥς
1661 1047 1760 1089 θεὸν

304 1115 422 1171 μέχρι
450 1118 523 1156 τοῦ
552 1119 623 1157 νῦν
651 1120 965 1171 προσκυνοῦντες
998 1120 1166 1158 καλοῦσι
1198 1117 1396 1172 Περσιστὶ
1427 1113 1549 1158 Βάαλ
1580 1112 1701 1167 θεός,
1736 1114 1758 1157 ὅ
1807 1162 1811 1165 ,

305 1183 411 1225 ἐστιν
428 1181 550 1239 ’Άρης
570 1183 754 1237 πολέμων
775 1181 893 1234 θεός,
930 1177 978 1224 οὗ
1001 1185 1069 1225 καὶ
1093 1183 1253 1238 Δανιὴλ
1274 1184 1485 1237 μέμνηται.

255 1252 285 1285 Β
438 1251 507 1292 Ἔν
535 1257 619 1299 τοῖς
639 1249 802 1306 χρόνοις
828 1255 902 1304 τῆς
927 1251 1136 1304 βασιλείας
1167 1255 1241 1292 τοῦ
1268 1251 1454 1299 Φοίνικος
1484 1243 1535 1303 ἦν
1551 1247 1760 1306 εΗρακλῆς
1771 1256 1813 1290 15

303 1315 547 1374 φιλόσοφος,
577 1316 599 1358 ὅ
624 1316 799 1374 Τύριος,
834 1319 901 1359 καὶ
921 1322 994 1372 τῆς
1015 1317 1211 1373 κογχύλης
1230 1315 1456 1374 ἓφευρετής.
1523 1316 1759 1374 μετεωριζό-

301 1402 420 1438 μενος
440 1385 517 1441 γὰρ
541 1386 603 1426 ἐπὶ
623 1385 668 1426 τὸ
690 1383 888 1441 παράλιον
909 1386 1031 1442 μέρος
1051 1390 1124 1440 τῆς
1148 1384 1287 1441 Τύρου
1310 1383 1386 1427 εἶδε
1410 1384 1636 1439 ποιμενικὸν
1657 1383 1759 1428 κύνα

302 1454 507 1495 ἐσθίοντα
526 1452 598 1506 τὴν
629 1453 840 1507 λεγομένην
874 1451 1093 1509 κογχύλην,
1127 1455 1195 1495 καὶ
1219 1457 1293 1495 τοῦ
1313 1453 1501 1507 ποιμένος
1520 1444 1779 1506 νομίσαντος

302 1519 514 1574 αἱμάσσειν
548 1519 617 1561 τὸν
652 1519 773 1572 κύνα,
809 1519 1005 1574 λαβόντος
1036 1519 1159 1563 πόκον
1190 1519 1295 1577 ἔριον
1324 1521 1403 1562 ἀπὸ
1435 1525 1516 1562 τῶν
1540 1519 1757 1576 προβάτων

301 1590 368 1630 καὶ
398 1586 680 1641 ἄπομάξαντος
707 1588 753 1630 τὸ
784 1587 1108 1645 καταφερόμενον
1136 1590 1180 1630 ἔκ
1205 1593 1279 1630 τοῦ
1303 1587 1504 1642 στόματος
1527 1592 1601 1630 τοῦ
1623 1586 1812 1639 κυνός,’20

300 1658 368 1698 καὶ
400 1656 601 1711 βαφὲντος
630 1659 705 1696 τοῦ
732 1654 881 1707 πόκου,
916 1657 1133 1712 προσέσχεν
1163 1654 1185 1698 ὅ
1212 1654 1421 1713 (Ηρακλῆς
1445 1655 1503 1710 μὴ
1531 1654 1628 1698 εἶναι
1652 1656 1751 1698 αὐτὸ

301 1721 406 1776 αἷμα
430 1723 533 1764 ἀλλὰ
558 1721 777 1776 βάμματος
797 1722 1007 1779 πρόξενον,
1044 1723 1067 1765 ὃ
1087 1725 1154 1765 καὶ
1175 1723 1399 1777 θαυμάσας
1422 1722 1477 1773 ὥς
1497 1724 1600 1778 μέγα
1623 1725 1754 1780 δῶρον

297 1793 408 1833 τουτὶ
438 1789 664 1847 προσήγαγε
693 1794 752 1849 τῷ
778 1795 943 1844 βασιλεῖ
973 1793 1150 1844 Φοίνικι,
1188 1791 1234 1841 ὃς
1267 1793 1334 1834 καὶ
1363 1795 1520 1845 μᾶλλον
1549 1792 1754 1847 ἐκπλαγεὶς

388 1953 434 1987 20
456 1951 683 1996 αὶμᾶξαντος
704 1952 808 1998 vulgo

295 2098 332 2131 in
357 2108 462 2132 saxeo
485 2097 586 2144 cippo
613 2097 854 2142 comperisset,
877 2099 1051 2133 stellarum
1073 2109 1192 2133 cursus
1214 2098 1450 2133 commentario
1474 2097 1668 2143 complexus
1683 2102 1749 2134 est.

295 2154 373 2177 nam
397 2143 495 2176 Sethi
517 2154 730 2177 successores
746 2144 969 2178 imminentem
985 2144 1102 2187 generi
1117 2145 1258 2179 hunuano
1273 2144 1450 2190 perniciem
1467 2143 1579 2178 edocti
1594 2143 1676 2178 duas
1691 2156 1750 2178 co-

294 2187 446 2229 lmnnas,
469 2198 567 2222 unam
584 2188 716 2232 quidem
732 2189 897 2234 lapideam
911 2189 1050 2223 alteram
1065 2190 1267 2230 latericiam,
1292 2193 1470 2230 extruunt,
1492 2189 1580 2231 rati,
1605 2189 1635 2222 si
1651 2200 1749 2223 mun—

296 2232 361 2266 dus
377 2241 538 2277 aquarum
553 2233 666 2267 illuvie
680 2233 952 2278 immergeretur,
976 2235 1142 2279 lapideam
1159 2245 1407 2279 permansuram
1427 2239 1463 2268 et
1478 2235 1748 2279 quaecunque‘in

294 2288 335 2311 ea
362 2278 534 2322 exsculpta
561 2282 678 2320 erant,
701 2278 730 2312 si
757 2280 983 2324 conflagraret
1004 2279 1179 2323 incendio,
1201 2279 1382 2313 latericiam
1398 2289 1583 2314 evasuram.
1630 2291 1652 2313 a
1666 2279 1748 2314 Ma—

291 2323 428 2366 gusaeis
443 2323 517 2356 sive
532 2323 649 2356 Persis
664 2323 849 2368 astrologia
865 2330 901 2358 et
913 2325 1024 2369 magia
1037 2325 1167 2359 initium
1185 2324 1312 2358 duxere
1322 2350 1334 2367 ,
1360 2335 1382 2358 a
1405 2324 1603 2359 Nembrode
1626 2324 1748 2371 Baby-

290 2367 377 2402 lonis
393 2367 566 2401 conditore
581 2368 759 2402 occasione
773 2374 917 2414 sumpta.

381 2413 468 2447 Post
490 2412 616 2446 Ninum
640 2413 856 2457 Assyriorum
879 2426 986 2458 regno
1005 2414 1152 2459 praefuit
1166 2414 1323 2458 Thyrras
1340 2425 1446 2449 annos
1464 2414 1614 2459 triginta.
1659 2415 1709 2449 illi
1724 2428 1746 2450 e

314 2457 424 2492 laneta
448 2469 568 2492 nomen
590 2457 713 2492 Martis
735 2458 872 2493 inditum
899 2464 970 2501 est,
995 2464 1031 2493 et
1044 2464 1156 2493 statua
1170 2460 1275 2504 prima
1291 2464 1416 2494 erecta.
1463 2471 1538 2494 eum
1553 2461 1686 2505 Assyrii
1700 2461 1744 2495 ad

313 2515 375 2538 aec
402 2508 555 2549 tempora
575 2514 637 2548 pro
661 2504 725 2537 deo
741 2504 892 2538 colentes
903 2530 913 2547 ‚
937 2506 1050 2549 lingua
1064 2505 1201 2538 Persica
1217 2504 1353 2539 Baalem
1370 2505 1469 2539 deum
1485 2510 1628 2549 vocant,
1651 2506 1744 2551 quod

288 2552 385 2584 notat
397 2548 493 2582 Mars
509 2547 672 2582 bellorum
687 2548 780 2583 deus.
826 2549 914 2583 illius
927 2550 1074 2584 meminit
1087 2549 1224 2584 Daniel.
1731 2583 1735 2596 ¹

376 2593 602 2640 Temporibus
622 2594 804 2628 Phoenicis
827 2595 918 2639 regis
943 2595 1107 2629 Heracles
1125 2595 1342 2641 philosophus
1357 2596 1488 2640 Tyrius
1503 2606 1742 2642 purpuraeque

287 2639 446 2674 inventor
468 2639 626 2673 florebat.
672 2639 799 2685 quippe
821 2640 910 2684 Tyri
931 2641 1094 2675 maritima
1108 2642 1325 2676 obambulans
1342 2642 1561 2687 pastoricium
1576 2641 1741 2688 comperit

288 2695 405 2719 canem
421 2684 629 2730 conchylium
644 2684 880 2730 depascentem
892 2713 902 2730 ‚
925 2697 1024 2731 quem
1041 2690 1156 2731 pastor
1174 2687 1335 2730 sanguine
1350 2687 1466 2722 videns
1480 2687 1665 2729 infectum,
1687 2687 1740 2720 la-

286 2741 352 2764 nae
365 2730 493 2764 vellere
509 2741 553 2764 ex
568 2730 688 2764 ovibus
703 2735 800 2775 rapto
811 2759 821 2775 ‚
844 2731 935 2776 quod
951 2732 993 2766 ab
1011 2732 1081 2766 eius
1095 2743 1156 2766 ore
1171 2733 1363 2777 profluebat
1377 2733 1556 2775 abstersit3
1581 2743 1656 2766 cum
1674 2742 1741 2766 au-

284 2780 353 2810 tem
376 2775 538 2810 Heracles
561 2775 672 2809 venus
696 2787 764 2810 non
789 2777 951 2821 sanguine
965 2777 1050 2822 tingi
1064 2777 1124 2811 sed
1140 2789 1228 2812 nova
1243 2779 1384 2823 quadam
1399 2779 1548 2813 tinctura
1563 2777 1656 2812 infici
1673 2777 1737 2810 ob-

285 2825 456 2857 servasset
469 2847 480 2865 ,
502 2820 688 2856 admiratus
712 2822 826 2867 magni
851 2822 926 2858 loco
952 2823 1096 2858 muneris
1110 2823 1272 2858 Phoenici
1284 2823 1359 2870 regi
1375 2823 1516 2867 obtulit,
1537 2823 1596 2870 qui
1610 2826 1648 2858 et
1660 2821 1736 2868 ipse
