1924 3242
322 183 380 227 12
651 173 653 176 ’
949 186 1131 230 ΙοΕιῐε

315 294 442 339 αὐτοῦ
469 295 652 341 “ondam
686 297 759 353 τὴν
790 298 996 356 ῥομφαίαν
1031 316 1104 342 σου
1136 302 1201 344 καὶ
1227 299 1471 346 θανάτωσόν
1492 321 1566 359 με,
1593 302 1652 360 μή
1674 321 1768 348 ποτε

313 365 475 409 εἷ’πωσιν
510 365 570 407 ὅτι
607 365 706 422 γυνὴ
740 366 862 409 αὐτὸν
897 368 1160 411 ἇπὲκτεινεν.”
1231 372 1298 412 καὶ
1321 370 1448 422 οὕτως
1471 372 1626 416 ἀνεῖλεν
1646 373 1769 416 αὐτὸν

313 433 359 475 τὸ
383 434 557 475 παιδίον.

259 508 290 542 C
448 501 572 544 Μετὰ
608 502 652 544 δὲ
680 500 890 558 Ἀβιμέλεχ
924 501 1048 561 ἔκρινε
1087 505 1203 547 Θολὰ
1235 504 1302 562 ἔτη
1333 504 1407 562 κγ’,
1443 508 1545 562 μετὰ
1578 509 1622 551 δέ
1650 509 1767 551 Θολὰ

305 567 469 625 Ἰεφθάε
507 569 575 625 ξ’τη
611 567 660 622 ς’,
694 571 797 624 μετὰ
829 573 872 614 δὲ
893 571 1055 629 Ἰεφθάε
1078 573 1225 627 {wem}
1251 573 1318 629 ἔτη
1346 573 1393 626 ζ’,
1427 576 1530 629 μετὰ
1555 577 1600 619 δὲ
1619 577 1799 632 Ἀβεσὰ5

306 636 443 691 Ἒλώμ
468 635 535 692 ξ’τη
565 636 604 689 ι’,
638 638 740 692 μετὰ
763 640 806 681 δὲ
822 640 957 694 Ἐλώμ
975 642 1165 696 Σαμψὼν
1188 641 1255 697 ἔτη
1276 641 1326 694 κ’,
1361 643 1432 699 ἐφ’
1468 637 1518 685 οὗ
1544 645 1611 686 καὶ
1633 643 1767 702 Ἥρα-

311 709 409 760 κλῆς
431 703 452 747 ὃ
476 707 576 763 παρ’
593 706 758 761 ’Ἑλλησι
780 707 995 762 διαβόητος
1016 710 1254 766 ἓγνωρίζετο.

446 775 572 817 Μετὰ
599 776 642 817 δὲ
667 775 856 830 Σαμψών
879 777 1026 832 ἐγένετο
1053 778 1227 834 ἀναρχία
1251 777 1318 833 ε’τη
1344 776 1401 832 μ’.
1690 824 1692 826 ,

448 843 573 885 Μετὰ
595 843 638 885 δὲ
654 843 748 893 τοὺς
767 844 905 901 κριτὰς
921 844 1047 902 ἔκρινε
1067 845 1136 887 τὸν
1154 846 1254 887 λαὸν
1275 846 1481 903 ἀρχιερεὺς
1499 845 1614 889 Ἠλεὶ
1630 844 1698 902 ἴτη
1716 844 1766 898 κ’,

315 910 381 951 καὶ
402 914 452 967 τῇ
474 913 661 970 παροινίᾳ
683 914 749 952 καὶ
774 912 918 971 ἀταξία
940 917 1020 955 τῶν
1042 914 1140 955 υἱῶν
1164 914 1289 956 αὐτοῦ
1304 915 1442 971 Ὀφνεὶ
1463 916 1530 956 καὶ
1557 915 1695 964 Φινεὲς
1715 919 1766 972 τῇ
1780 922 1823 957 10

315 978 378 1019 ἐπὶ
413 983 493 1020 τῶν
525 982 684 1022 θυσιῶν
716 980 890 1034 ἐπῆλθεν
918 981 1055 1031 αὐτοῖς
1077 980 1103 1036 ἦ
1129 983 1224 1024 θεία
1249 983 1360 1037 δίκη·
1396 983 1434 1024 οἳ
1453 983 1528 1036 μὲν
1547 982 1625 1039 γὰρ
1649 983 1689 1025 ἓν
1709 987 1769 1040 τῷ

314 1045 475 1104 πολέμῳ
495 1049 632 1097 δεινῶς
652 1047 911 1108 ἀνῃρέθησαν
920 1080 934 1100 ,
964 1047 984 1090 ὃ
1004 1050 1047 1091 δὲ
1064 1049 1143 1091 ἀπὸ
1161 1054 1234 1091 τοῦ
1255 1052 1402 1108 δίφρου
1421 1050 1552 1093 πεσὼν
1570 1050 1768 1101 ὀπισθίως

261 1118 293 1152 D
317 1115 383 1156 καὶ
405 1114 475 1156 τὸν
494 1119 621 1157 νῶτον
644 1118 867 1171 συντριβεὶς
889 1117 1089 1159 ἀπέθανεν
1109 1118 1207 1159 ἐτῶν
1225 1115 1268 1159 '7'.
1612 1124 1613 1127 ’

446 1182 572 1225 Μετὰ
590 1183 633 1224 δὲ
646 1183 760 1224 Ἠλεὶ
780 1184 976 1238 Σαμουὴλ
995 1183 1016 1226 ὃ
1040 1183 1251 1241 προφήτης
1266 1187 1332 1227 καὶ
1352 1185 1478 1242 ἱερεὺς
1495 1183 1563 1240 ἔτη
1580 1183 1630 1227 λ’.
1699 1187 1767 1227 καὶ

307 1252 613 1306 συναθροίζεται
638 1248 658 1292 ὁ
682 1251 780 1300 λαὸς
802 1251 903 1307 πρὸς
925 1252 1046 1293 αὐτὸν
1064 1254 1119 1301 εἷς
1132 1253 1370 1308 Ἀρμαθαὶμ
1392 1251 1626 1305 αι’τούμενος
1641 1257 1763 1306 βασι·
1777 1260 1822 1296 15

306 1318 392 1359 λεά.
452 1321 511 1374 τῷ
533 1318 576 1359 δὲ
596 1315 760 1375 σφόδρα
783 1319 1002 1372 λυπηθέντι
1028 1317 1132 1361 εἶπεν
1155 1318 1176 1361 ὃ
1198 1318 1296 1369 θεός
1319 1318 1525 1362 αἄκουσον
1539 1324 1611 1374 τῆς
1629 1325 1768 1377 φωνῆς

305 1389 379 1426 τοῦ
399 1388 525 1436 λαοῦ,
561 1383 621 1427 ὅτι
646 1385 693 1426 οὗ
716 1386 760 1427 σὲ
778 1385 1112 1435 ἓξουὸενιῦσουσιν
1130 1386 1223 1428 ἀλλ’
1247 1387 1338 1441 ἐμέ,
1363 1392 1438 1430 τοῦ
1459 1387 1518 1442 μὴ
1540 1386 1768 1442 βασιλεύειν

306 1450 374 1493 ἐπ’
413 1452 591 1494 αὖτῶν.”
663 1454 731 1495 καὶ
763 1452 908 1495 ἔδωκεν
941 1454 1079 1504 αὐτοῖς
1098 1454 1167 1497 τὸν
1186 1455 1325 1497 Σαοὺλ
1348 1456 1391 1498 ἐκ
1410 1460 1543 1513 φυλῆς
1562 1457 1766 1510 Βενιαμίν,

303 1521 451 1576 χρίσας
473 1520 596 1562 αὐτὸν
620 1522 676 1571 εἷς
697 1522 881 1575 βασιλέα.

442 1588 568 1631 ΙΠετᾶ
591 1583 661 1630 οὖν
684 1589 881 1643 Σαμουὴλ
900 1589 1130 1643 ἐβασίλευσε
1148 1590 1287 1632 Σαοὺλ
1313 1588 1380 1645 ξ’τη
1401 1587 1460 1644 μ’,
1496 1587 1541 1640 ὃς
1558 1589 1821 1645 τολμήσαςὲο

306 1653 498 1713 πρότερον
525 1657 599 1709 μὲν
629 1660 834 1710 θυμιᾶσαι
864 1661 924 1715 τῷ
953 1661 1062 1714 θεῷ,
1098 1656 1181 1699 εἶτα
1203 1658 1395 1714 παραβὰς
1413 1658 1486 1712 τὴν
1506 1658 1669 1712 ἐντολὴν
1693 1663 1767 1700 τοῦ

307 1727 409 1765 θεοῦ
427 1725 489 1765 ἐπὶ
509 1730 593 1774 τοῖς
604 1723 899 1779 Ἀμαληκίταις,
935 1724 1187 1781 ζωογονήσας
1197 1726 1318 1782 Ἀγὰγ
1337 1726 1406 1768 τὸν
1426 1726 1598 1780 βασιλέα
1617 1727 1764 1778 αὐτῶν,

307 1920 366 1965 qui
382 1921 515 1955 ferebat
528 1932 613 1955 vasa
629 1921 718 1955 eius:
740 1918 856 1955 “educ
871 1921 1016 1966 gladium
1031 1925 1123 1956 tuum
1144 1926 1179 1956 et
1192 1922 1347 1957 interfice
1363 1933 1427 1966 me,
1444 1922 1621 1968 nequando
1637 1922 1763 1964 dicant,

308 1966 427 2000 mulier
442 1967 550 2012 ipsum
566 1963 745 2009 occidit;''
778 1972 812 2001 et
826 1967 876 2000 sic
892 1968 1074 2002 transfodit
1090 1979 1165 2002 eum
1184 1979 1280 2014 puer.

400 2023 486 2057 Post
518 2022 767 2057 Abimelechum
799 2023 912 2057 Thola
939 2025 1091 2069 praefuit
1120 2036 1226 2059 annos
1255 2024 1378 2070 viginti
1399 2027 1493 2067 tres,
1515 2026 1595 2069 post
1619 2023 1762 2058 Tholam

309 2068 451 2113 Iephtae
466 2080 571 2103 annos
587 2080 646 2102 sex
656 2095 667 2112 ‚
688 2073 768 2113 post
784 2068 927 2113 Iephtae
941 2071 1055 2103 Abesa
1073 2081 1178 2104 annos
1195 2074 1344 2116 septem,
1369 2074 1447 2115 post
1463 2070 1605 2103 Abesam
1620 2068 1763 2103 Elomus

306 2124 414 2148 annos
441 2114 569 2148 decem.
617 2114 738 2147 Elomo
764 2114 909 2158 Sampso
933 2115 1098 2149 suffectus
1123 2119 1197 2158 est,
1220 2114 1449 2160 iudicavitque
1469 2125 1573 2149 annos
1594 2114 1652 2150 20.
1696 2115 1761 2149 sub

305 2158 391 2193 haec
405 2163 559 2204 tempora
573 2158 740 2192 Hercules
756 2160 969 2194 Graecorum
984 2160 1134 2195 historiis
1150 2161 1268 2195 nobilis
1283 2161 1441 2196 florebat.

397 2215 483 2248 Post
500 2215 718 2260 Sampsonem
738 2215 805 2249 fuit
820 2216 1048 2261 interregnum
1065 2228 1169 2251 annos
1186 2216 1419 2261 quadraginta.

398 2271 486 2305 Post
507 2271 636 2305 iudices
653 2271 816 2305 iudicavit
831 2272 991 2317 populum
1008 2284 1153 2307 summus
1170 2272 1328 2307 sacerdos
1343 2271 1422 2306 Heli
1437 2283 1542 2306 annos
1555 2271 1687 2316 viginti.
1731 2272 1763 2306 is

306 2315 452 2350 filiorum
469 2316 602 2362 Ophnis
617 2321 651 2350 et
665 2316 811 2350 Phinees
834 2318 1020 2361 petulantia
1035 2330 1075 2352 ac
1090 2318 1316 2363 perversitate
1330 2318 1365 2351 in
1380 2317 1555 2352 sacrificiis
1574 2317 1671 2352 simul
1686 2329 1762 2352 cum

307 2361 388 2395 filiis
421 2373 530 2405 grave
563 2362 706 2396 numinis
735 2362 894 2396 iudicium
929 2363 1050 2396 subiit:
1085 2363 1120 2397 hi
1141 2363 1266 2408 quippe
1281 2363 1315 2396 in
1329 2363 1458 2408 proelio
1475 2363 1656 2397 crudeliter
1670 2362 1763 2400 caesi

305 2412 406 2449 sunt,
430 2407 487 2440 ille
517 2406 561 2441 de
592 2407 676 2441 sella
708 2411 893 2441 retrorsum
923 2408 1048 2443 cadens
1074 2409 1250 2442 confracto
1278 2408 1379 2442 dorso
1403 2413 1554 2442 mortuus
1579 2413 1633 2443 est
1654 2419 1762 2442 anno-

306 2463 380 2486 rum
394 2453 452 2487 90.

399 2508 485 2542 Post
509 2508 590 2543 Heli
614 2509 780 2544 iudicavit
807 2521 851 2555 po
877 2509 966 2543 ulum
993 2509 1130 2543 Samuel
1152 2509 1319 2555 propheta
1341 2513 1376 2544 et
1397 2509 1553 2544 sacerdos
1575 2521 1681 2544 annos
1695 2509 1760 2544 tri-

305 2554 409 2599 ginta.
457 2557 492 2588 et
514 2560 739 2599 congregatus
759 2567 851 2602 popu
865 2566 904 2589 us
918 2555 952 2588 in
966 2555 1181 2589 Armathaem
1197 2567 1311 2598 regem
1325 2556 1486 2612 exposcit.
1532 2567 1600 2600 quo
1616 2566 1689 2590 cum
1705 2554 1762 2588 ni-

305 2600 367 2634 mis
393 2600 529 2634 Samuel
554 2600 767 2643 indoluisset,
792 2602 876 2634 haec
891 2600 955 2634 sibi
970 2612 990 2634 a
1003 2601 1067 2634 deo
1084 2599 1151 2634 dici
1167 2600 1349 2634 intellexit:
1384 2598 1392 2611 ‘
1404 2601 1482 2634 audi
1496 2612 1614 2634 vocem
1655 2599 1761 2645 opust,

306 2646 463 2690 quoniam
483 2656 547 2679 non
563 2650 598 2679 te
615 2651 820 2691 spreverunt
834 2646 895 2680 sed
911 2657 975 2687 me,
999 2650 1037 2679 ut
1055 2657 1121 2679 non
1135 2657 1271 2689 regnem
1287 2656 1389 2690 super
1406 2642 1499 2681 eos.’'
1535 2651 1572 2680 et
1585 2646 1627 2680 de
1652 2645 1680 2680 't
1693 2643 1761 2679 illis

308 2690 445 2725 Saulum
460 2691 564 2725 filium
582 2691 656 2725 Cisi
672 2704 714 2726 ex
728 2692 819 2726 tribu
833 2691 1003 2725 Beniamin
1016 2715 1027 2731 ‚
1051 2701 1149 2736 quem
1165 2691 1261 2724 unxit
1275 2691 1309 2724 in
1324 2702 1449 2735 regem.

396 2737 483 2771 Post
510 2737 699 2771 Samuelem
724 2737 848 2771 Saulus
874 2736 969 2781 regni
995 2737 1223 2780 gubernacula
1246 2737 1393 2782 suscepit
1414 2748 1477 2782 per
1491 2746 1598 2770 annos
1613 2733 1758 2780 quadra-

305 2782 412 2826 ginta.
460 2782 516 2816 hic
537 2793 611 2816 cum
633 2783 775 2828 primum
797 2782 928 2827 quidem
949 2782 1049 2815 thura
1063 2782 1128 2815 deo
1143 2782 1365 2823 incendisset,
1390 2782 1510 2816 deinde
1523 2780 1680 2815 mandato
1695 2789 1760 2812 nu-

309 2828 406 2864 minis
419 2828 546 2864 violato
563 2828 606 2863 de
621 2828 816 2863 Amalecitis
832 2829 983 2873 Agagum
1001 2838 1114 2862 eorum
1138 2838 1252 2872 regem
1281 2827 1393 2862 vivum
1420 2829 1673 2869 conservasset,
1696 2834 1776 2868 aug
