1924 3242
435 165 914 211 CHRONOGRAPHIA
946 165 1370 211 COMPENDIARJA.
1557 165 1620 212 61

175 283 291 342 αὐτῷ
313 280 388 337 τὴν
417 281 525 325 ἰδίαν
558 280 766 338 θυγατέρα
799 279 943 336 Ζωήν,
978 280 1035 332 ὥς
1054 286 1127 338 τῆς
1152 281 1278 324 αὐτοῦ
1297 279 1484 338 γυναικὸς
1506 277 1621 322 ἑκου-

173 353 272 402 σίως
300 349 374 405 τὴν
401 351 519 408 τρίχα
547 350 782 407 κειραμένης
809 350 876 391 διὰ
910 349 956 392 τὸ
990 349 1227 394 κινδυνεύειν
1247 350 1316 394 τὸν
1342 349 1466 405 αὐτῆς
1492 347 1621 406 ἄνδρα

170 418 376 475 Ῥωμανὸν
403 422 646 477 πηρωθῆναι
671 417 784 476 παρὰ
810 422 884 461 τοῦ
910 419 1130 473 βασιλὲως,
1165 422 1232 462 καὶ
1251 419 1319 462 διὰ
1337 422 1455 463 τοῦτο
1475 418 1550 462 σῦν
1572 421 1623 476 τῇ

175 487 271 545 ὄψει
305 489 374 538 καὶ
403 487 476 544 τὴν
503 488 712 543 βασιλείαν
745 489 804 545 τῷ
831 485 987 546 συζύγῳ
1010 489 1298 545 χαρισαμένης.
1367 486 1494 538 οὕτως
1515 486 1627 545 παρὰ

136 561 311 603 suanm
339 557 483 600 ἐλπίδα
511 556 582 600 τὸν
609 560 683 612 τῆς
716 552 935 614 πηρώσεως
964 557 1146 599 κίνδυνον
1183 558 1353 615 διαδρὰς
1383 555 1404 599 ὃ
1434 556 1626 612 βασιλεὺς
1646 562 1678 598 D

167 625 374 682 Ῥωμανός
390 624 650 684 αὖτοκράτωρ
671 623 758 680 ἅμα
779 628 880 682 Ζωῇ
898 629 950 682 τῇ
970 629 1045 667 τοῦ
1063 627 1371 669 Κωνσταντίνου
1391 623 1628 684 ἀναγορεύε-

173 713 241 739 ται
267 696 468 753 θυγατρί,
503 694 575 737 οὐκ
607 694 744 751 ὀλίγας
769 693 1045 751 ἄγαθουργίας
1065 693 1152 748 ἅμα
1175 698 1234 752 τῷ
1249 699 1490 749 βασιλεῦσαι
1510 693 1628 750 ποιή-

0 784 3 809 ,ι
172 781 263 815 σας.
329 765 495 820 ἐξέκοψε
519 764 563 806 δὲ
585 765 652 806 καὶ
674 763 720 806 τὸ
744 763 1011 819 ἄλληλέγγυον
1022 795 1036 815 ,
1071 761 1094 805 ὃ
1121 763 1232 820 παρὰ
1256 765 1471 806 Βασιλειόυ
1493 780 1629 806 wum-

173 833 249 876 θὲν
274 831 441 887 ἐμελέτα
469 833 543 888 μὲν
566 830 588 875 ὃ
610 834 916 882 Κωνσταντῒνος
935 829 1107 886 ἐκκόψαι
1115 863 1128 884 ,
1165 832 1237 874 οὐκ
1260 831 1419 889 ἔφθασε
1443 832 1499 874 δέ.
1568 833 1631 873 ἐπὶ

119 906 165 941 10
174 905 248 958 τῆς
264 899 410 945 τούτου
426 902 636 956 βασιλείας
654 902 722 944 καὶ
737 903 780 943 Γ
775 898 939 958 εώργιος
958 899 979 943 ὅ
998 898 1220 956 Μανιάκης
1239 901 1314 956 τὴν
1325 900 1496 943 ’Έὸεσαν
1516 898 1631 953 ἑλών,

171 970 216 1014 ἓν
243 967 373 1028 ταύτῃ
404 968 531 1028 εὖρών
558 970 631 1025 τὴν
654 969 757 1028 πρὸς
781 969 980 1027 Αὕγαρον
1002 974 1261 1027 πεμφθεῖσαν
1284 968 1522 1026 ῗὸιόγραφον
1542 970 1629 1011 ἔπι-

172 1037 321 1093 στολὴν
348 1042 423 1081 τοῦ
451 1039 590 1095 κυρίου
621 1036 737 1094 ἡμῶν
759 1038 894 1094 Ἰησοῦ
914 1041 1101 1095 Χριστοῦ
1123 1043 1182 1097 τῷ
1203 1036 1570 1096 βασιλεῖῬωμανῷ
1589 1039 1629 1080 ἓν

172 1107 386 1165 Βυζαντίῳ
413 1106 654 1150 ἀπέστειλεν.
721 1105 850 1158 οὕτως
875 1105 981 1166 νόσῳ
997 1109 1143 1167 χρονία
1163 1107 1357 1163 βάλλεται
1376 1109 1444 1150 καὶ
1465 1124 1604 1164 τριχορ
1623 1133 1629 1138 -

170 1181 266 1233 ρυεῖ
291 1175 406 1231 γε’νυν
436 1192 479 1219 τε
515 1177 581 1218 καὶ
617 1175 692 1231 τὴν
721 1173 872 1231 κόμην,
919 1178 1209 1233 κατεργασθείς
1219 1208 1234 1229 ,
1278 1175 1333 1226 ὥς
1372 1192 1518 1234 φασιν,
1550 1173 1629 1217 ὑπὸ

118 1240 354 1286 15Ἶωάννου
381 1242 717 1301 ὃρφανοτρόφου“
751 1243 853 1300 πρὸς
879 1243 958 1300 γὰρ
982 1244 1052 1286 τὸν
1082 1242 1227 1286 τούτου
1258 1245 1436 1301 ἀδελφὸν
1455 1244 1631 1298 Μιχαὴλ

172 1311 305 1370 ἔρωτα
336 1309 584 1367 δαιμονιῶὃη
618 1315 774 1366 σχοῦσα
802 1309 828 1366 ἢ
857 1313 1019 1365 βασιλὶς
1048 1310 1170 1366 Ζωή,
1206 1314 1273 1354 καὶ
1296 1311 1427 1369 τούτῳ
1451 1314 1631 1369 κρυφίως
1653 1321 1683 1358 Ρ
1710 1322 1776 1357 188

172 1380 495 1437 συμμιγνυμένη,
529 1379 600 1423 τὸν
618 1379 792 1434 βασιλέα
815 1378 1048 1437 φαρμάκοις
1066 1380 1138 1422 οὐκ
1161 1379 1386 1438 ὥκυμόροις
1405 1381 1509 1423 ἀλλὰ
1534 1398 1632 1435 σχο-

168 1447 387 1493 λαιότατον
417 1450 486 1491 καὶ
515 1448 675 1506 βραδὺν
694 1446 886 1504 ἐπάγουσι
904 1447 1088 1491 θάνατον
1111 1449 1401 1507 κατειργάσατο
1415 1463 1426 1474 ·
1462 1448 1507 1500 ὃς
1528 1450 1632 1492 κατὰ

169 1517 245 1574 τὴν
267 1515 447 1574 μεγάλην
474 1517 660 1572 πέμπτην
687 1516 792 1559 κατὰ
813 1516 860 1559 τὸ
885 1517 928 1559 ἓν
948 1521 1007 1575 τῷ
1026 1516 1189 1576 μεγάλῳ
1211 1519 1394 1577 παλατίῳ
1417 1522 1633 1573 βαλανεῖον

112 1583 389 1641 ωλουόμενος
404 1583 485 1628 ὕπὸ
505 1589 587 1628 τῶν
608 1587 697 1643 περὶ
717 1585 788 1628 τὸν
807 1585 984 1641 Μιχαὴλ
1004 1590 1055 1642 τῇ
1076 1586 1350 1649 κολυμβήθρα
1369 1591 1443 1629 τοῦ
1460 1591 1634 1645 λουτροῦ

168 1656 341 1712 οἰκτρῶς
360 1654 552 1711 ἀπεπνίγη
562 1685 576 1707 ,
608 1651 857 1708 βασιλεύσας
876 1653 944 1710 ἔτη
963 1652 993 1696 ε’
1013 1657 1080 1697 καὶ
1096 1660 1228 1710 μῆνας
1250 1654 1299 1706 ς’.
1364 1654 1567 1699 θάπτεται
1589 1657 1633 1699 δὲ

170 1722 213 1765 ἓν
254 1722 360 1779 αὐτῇ
397 1726 449 1779 τῇ
479 1722 581 1779 παρ’
615 1722 742 1765 αὐτοῦ
772 1724 1060 1780 νεουργηθείσῃ
1101 1727 1175 1779 τῆς
1203 1724 1484 1782 Περιβλέπτου
1526 1729 1634 1782 μονῇ

169 1790 265 1836 κατ’
291 1789 418 1846 αὐτὴν
439 1789 514 1845 τὴν
533 1787 651 1847 ἁγίαν
669 1788 846 1847 μεγάλην
868 1790 1139 1849 παρασκευήν.

168 1967 316 2003 tutorem
333 1965 506 2009 enuntiat,
528 1976 604 2000 cum
618 1965 789 2013 propriam
804 1965 908 2001 filiam
922 1966 1028 2002 Zoem
1042 1967 1137 2013 prius
1152 1967 1185 2002 in
1203 1967 1411 2002 matrimonio
1427 1966 1629 2013 copulasset.

170 2023 256 2048 uxor
270 2011 398 2093 quippe
412 2011 555 2046 Romani
569 2016 693 2057 sponte
710 2023 837 2046 comam
852 2018 1032 2059 posuerat,
1057 2018 1094 2048 ut
1120 2014 1292 2047 caecitatis
1307 2013 1493 2058 periculum
1503 2041 1514 2058 ‚
1537 2012 1631 2057 quod

167 2058 290 2094 marito
305 2069 327 2092 a
362 2058 568 2104 imperatore
581 2057 775 2093 imminebat
818 2062 1000 2093 averteret.
1046 2059 1096 2094 sic
1120 2059 1230 2094 lumen
1249 2060 1420 2094 oculorum
1434 2059 1629 2105 imperium-

168 2115 238 2151 que
259 2103 338 2139 viro
358 2103 503 2148 elargita
518 2106 583 2138 est.
629 2104 693 2138 hoc
719 2087 817 2139 mmlo
837 2109 973 2150 praeter
986 2116 1080 2151 spem
1096 2117 1225 2140 omnem
1241 2110 1345 2151 atque
1360 2105 1629 2151 expectationem

169 2149 344 2186 mdtafis
393 2149 520 2186 ericulo
545 2149 728 2195 imperator
755 2151 928 2185 Romanus
954 2155 1111 2197 ereptus,
1134 2163 1246 2187 rerum
1274 2152 1419 2186 omnium
1434 2151 1629 2186 moderator

169 2206 245 2232 mm
259 2195 334 2231 Zoe
380 2195 564 2230 onstantini
578 2195 651 2230 filia
665 2196 850 2240 salutatur,
873 2196 908 2230 in
934 2196 1010 2242 ipso
1032 2197 1074 2232 im
1101 2198 1163 2232 erii
1179 2198 1319 2233 exordio
1335 2198 1507 2252 plerisque
1522 2197 1630 2232 homi-

168 2241 267 2277 nibus
280 2241 442 2289 proficuis
456 2243 557 2277 rebus
573 2243 789 2288 perpetratis.
835 2243 984 2277 abolevit
999 2246 1035 2277 et
1048 2244 1080 2278 al
1095 2245 1287 2289 elengyum,
1310 2245 1470 2278 tributum
1487 2243 1630 2289 scilicet,

170 2287 262 2334 qnod
285 2298 468 2334 pauperum
491 2287 570 2322 vice
593 2288 717 2322 divites
742 2288 1004 2334 persolvebant,
1027 2301 1048 2324 a
1065 2290 1191 2324 Basilio
1207 2291 1418 2333 institutum3
1441 2289 1475 2325 id
1492 2289 1630 2324 abolere

170 2333 305 2379 quidem
331 2333 575 2369 Constantinus
599 2334 635 2368 in
659 2334 767 2369 animo
793 2334 931 2375 habuit,
968 2334 1030 2369 sed
1052 2340 1160 2371 morte
1184 2340 1391 2383 praeventus
1415 2347 1482 2370 non
1507 2335 1632 2380 potuit.

171 2379 236 2413 sub
258 2379 330 2414 eius
349 2379 492 2426 imperio
518 2380 689 2424 Georgius
714 2380 889 2415 Maniaces
912 2380 1045 2415 Edessa
1061 2381 1194 2436 direpta
1210 2382 1252 2416 ad
1267 2383 1440 2427 Abgarum
1457 2381 1632 2427 epistolam

170 2424 294 2460 domini
317 2425 424 2461 nostri
450 2425 526 2461 lesu
550 2425 678 2460 Christi
693 2438 793 2461 manu
809 2430 1003 2469 exaratam,
1026 2427 1061 2461 in
1080 2439 1121 2462 ea
1134 2432 1322 2470 inventam,
1346 2428 1545 2473 imperatori
1559 2428 1633 2461 Ro-

171 2481 270 2506 mano
292 2471 491 2516 Byzantium
513 2471 708 2508 transmisit.
754 2473 886 2507 interim
902 2472 1088 2518 imperator
1102 2474 1192 2508 lento
1208 2475 1325 2508 morbo
1343 2474 1547 2519 corripitur,
1573 2484 1633 2507 ca-

170 2516 252 2562 pitis
277 2520 312 2552 et
335 2517 465 2552 barbae
482 2517 559 2563 pilis
582 2518 832 2562 defluentibus,
854 2530 874 2553 a
891 2519 1015 2553 Ioanne
1031 2519 1231 2565 pupillorum
1247 2523 1405 2554 curatore
1423 2520 1633 2554 circumven—

170 2567 239 2597 tus.
283 2562 478 2608 imperatrix
496 2564 620 2598 etenim
638 2564 712 2599 zoe
726 2564 903 2599 Michaelis
922 2565 1061 2599 Romani
1080 2565 1196 2600 fratris
1211 2577 1325 2600 amore
1340 2566 1456 2600 mirum
1472 2570 1631 2610 quantum

170 2607 360 2652 insaniens,
385 2608 524 2654 eiusque
548 2620 587 2644 se
609 2610 797 2645 clanculum
822 2610 1014 2645 libidinibus
1040 2611 1194 2654 tradens,
1218 2623 1286 2645 non
1311 2611 1432 2658 rapido
1459 2617 1494 2645 et
1520 2611 1630 2645 veloci

171 2665 302 2689 veneno
320 2653 381 2690 sed
396 2654 521 2689 blando
536 2656 753 2702 torpentique
767 2657 925 2692 laeserat.
971 2656 1000 2691 is
1028 2668 1110 2702 ergo
1136 2669 1258 2702 magna
1273 2658 1360 2692 seria
1375 2658 1490 2702 quinta
1505 2657 1539 2690 in
1556 2657 1628 2690 bal-

170 2711 237 2735 neo
250 2700 342 2746 apud
356 2711 510 2744 magnum
525 2701 683 2746 palatium
699 2713 736 2737 se
751 2703 890 2746 lavans,
913 2702 949 2736 in
974 2702 1047 2747 ipso
1073 2703 1158 2737 solio
1174 2703 1286 2738 balnei
1302 2715 1322 2738 a
1337 2703 1514 2738 Michaelis
1527 2702 1627 2736 sociis

171 2745 411 2782 miserabiliter
427 2746 615 2781 suffocatur
627 2772 639 2789 ‚
663 2759 736 2782 cum
751 2748 953 2794 imperasset
967 2759 1073 2783 annos
1089 2748 1235 2794 quinque
1251 2754 1286 2784 et
1300 2760 1432 2784 menses
1449 2761 1519 2784 sex.
1569 2760 1626 2782 se-

216 2791 295 2828 litur
309 2803 393 2827 vero
408 2791 442 2826 in
457 2803 498 2826 eo
514 2792 606 2837 quod
621 2792 692 2847 ipse
707 2794 770 2828 sub
784 2794 1001 2840 Peribleptae
1017 2795 1163 2839 nomine,
1185 2795 1252 2831 hoc
1265 2799 1319 2832 est
1332 2794 1540 2842 spectabilis,
1565 2805 1625 2829 ae-

232 2841 373 2876 caverat
382 2837 588 2875 monasterio
597 2865 608 2882 ‚
630 2849 706 2884 ipso
721 2849 861 2885 magnae
874 2851 1078 2886 parasceues
1093 2840 1158 2876 die.
