1872 3236
359 195 453 244 146
672 252 676 256 ,
710 201 1115 245 ἘΟΝΞΤΑΝΤΙΝΙ
1155 202 1418 247 MAN-Assls

491 311 567 367 ἐγὼ
590 311 668 369 γὰρ
692 311 919 361 ἀναιτιάτος
940 316 1016 355 σοῦ’
1032 313 1268 367 ποιουμένου
1288 315 1431 371 φίλους

310 381 341 416 D
497 379 591 429 τοὺς
609 381 837 435 ἐξαγίστους
857 381 924 422 καὶ
945 379 1108 431 σκαιοὺς
1129 383 1194 423 καὶ
1210 381 1304 431 τοὺς
1319 380 1648 442 ὖπομσχθήρους,

489 449 554 489 καὶ
582 446 1050 507 συμπαραλαμβάνοντος
1069 448 1276 502 συμπότας
1301 447 1562 503 ὃμοὸείπνους

358 518 468 558 3890
491 513 732 571 ἀνθρώπους
750 515 1054 572 ήακογνώμονας
1069 520 1135 558 καὶ
1155 518 1590 574 κακειτρεχεστάτους.”

491 583 592 638 πρὸς
616 584 743 625 ταῦθ’
766 581 787 630 ὃ
809 583 1075 639 γαληνότατος
1100 587 1164 626 καὶ
1186 589 1314 640 πρᾶος
1327 585 1538 638 Ἰουστΐνος

490 652 712 707 περιπαθὲς
733 668 770 693 τι
795 654 861 694 καὶ
879 652 988 708 βαρὺ
1010 654 1075 694 καὶ
1092 650 1241 705 βύθιον
1264 650 1439 706 οἷμώξας

485 716 550 760 “εῗ
566 720 639 772 μὲν
656 711 762 775 ἐγώ”
789 717 1072 776 φησιν“αὖτὸς
1091 720 1228 761 ἄδικον
1250 720 1466 777 εἷ’ργασμαί
1482 737 1534 772 τι,

490 787 631 829 αὐτίκα
652 805 701 841 με
730 786 981 844 κατάρραξον
1002 792 1073 830 τοῦ
1097 789 1300 841 βασιλείου
1323 788 1476 846 θρόνου
1491 801 1503 813 ·

305 877 308 880 ·
355 855 464 899 3395
496 857 529 896 εἰ
555 856 600 896 δέ
623 857 683 906 τίς
702 873 772 910 μοι
795 861 874 897 τῶν
895 861 1109 909 συμποτῶν
1131 857 1197 897 καὶ
1216 856 1569 910 συνανακειμένων,

489 921 607 965 τοῦτό
625 940 688 966 σοι
707 924 873 980 πάρεστι
894 931 1018 965 ποιεῖν
1040 924 1061 966 ὃ
1084 922 1208 965 πάλαι
1228 925 1462 978 ὃιεσκὲψω.”

487 993 616 1044 βαβαὶ
640 996 712 1046 τῆς
729 991 994 1046 γαληνότητος
1013 994 1078 1033 καὶ
1099 996 1172 1046 τῆς
1189 991 1462 1049 χρηστότητός
1478 1007 1566 1043 σου,

490 1058 798 1116 αὐτοκρατόρων
818 1059 976 1116 ἄριστε,
1015 1058 1279 1115 ὃικαιοᾳύλαξ
1300 1064 1417 1117 πριῖε.

489 1126 617 1182 εἴρηκε
640 1128 713 1180 μὲν
734 1126 754 1169 ὃ
778 1126 989 1181 βασιλεύς,
1025 1125 1045 1168 ὃ
1067 1125 1288 1184 μάγιστρος
1307 1129 1353 1169 ‹5'
1375 1128 1517 1169 αὐτίκα

352 1192 462 1247 3400
485 1194 725 1252 ἀναρπαγεὶς
741 1196 842 1252 πρὸς
863 1200 935 1237 τοῦ
953 1200 1089 1252 κριτοῦ
1108 1195 1181 1237 σὺν
1203 1194 1414 1249 ἑλκυσμοΐς
1435 1198 1582 1249 βιαίοις

485 1263 528 1304 ἐκ
547 1265 769 1316 συμποσίου
788 1266 853 1305 καὶ
871 1268 1053 1319 τρυφῆς,
1088 1263 1130 1304 ἐκ
1154 1263 1287 1315 μέσων
1309 1261 1567 1316 ὃμοδείπνων,

233 1339 262 1373 Ρ
284 1341 328 1375 70
486 1331 530 1372 ἔκ
550 1333 753 1387 τραπεζῶν
769 1335 996 1372 πολυτελῶν
1020 1332 1086 1371 καὶ
1107 1329 1462 1385 μεγαλοὸαπάνων,

481 1397 598 1453 ἤγετο
619 1398 721 1455 πρὸς
744 1396 947 1455 κριτήριον
970 1399 1084 1447 δίκας
1106 1396 1264 1453 ὑφέξειν
1285 1399 1455 1451 μέλλων.

481 1464 636 1520 ἒστάθι]
659 1466 736 1523 πρὸ
761 1472 832 1508 τοῦ
852 1464 1037 1520 βήματος
1054 1465 1210 1522 τρέμων
1228 1467 1504 1523 πεφοβημένος

348 1529 458 1577 3405
480 1532 500 1574 ὅ
523 1535 615 1590 πρὶν
634 1532 968 1591 ὑπεραιρόμενος,
1006 1532 1027 1575 ὃ
1050 1532 1248 1590 σοβαρός,
1286 1532 1306 1575 ὃ
1325 1539 1486 1590 γαῦρος.

482 1603 549 1643 καὶ
567 1600 686 1644 πάλιν
705 1603 750 1644 τὸ
771 1604 843 1656 μὲν
862 1600 1024 1658 γύναιον
1047 1599 1102 1651 ὡς
1124 1600 1261 1657 πρώην
1279 1601 1488 1659 κατηγόρει

483 1671 549 1711 καὶ
569 1669 771 1727 προύφερε
788 1671 859 1725 τὴν
879 1667 1063 1726 ἁρπαγήν
1072 1701 1085 1720 ,
1118 1668 1254 1724 ἤλεγχε
1270 1670 1343 1723 τὴν
1366 1671 1531 1723 κακίαν·

482 1735 503 1778 ὃ
525 1739 567 1779 δὲ
589 1740 795 1795 πεφίμωτο
815 1741 880 1780 καὶ
901 1742 1003 1790 βοῦν
1024 1738 1086 1779 ἐπὶ
1107 1742 1178 1791 τῆς
1198 1736 1376 1792 γλώττης
1393 1736 1505 1791 εἶχεν,

483 1803 504 1846 ὃ
525 1808 618 1862 πρὶν
639 1805 1026 1862 σοβαροπρόσωπος,
1063 1804 1083 1846 ὃ
1107 1804 1244 1862 πρώην
1267 1808 1505 1863 ([ρυακτιάς.

347 1870 456 1915 3410
484 1873 612 1923 οὕτως
635 1874 962 1931 ἀπαρρησίαστον
984 1872 1265 1927 κακομηχάνου
1287 1872 1432 1926 στόμα.

481 1940 537 1993 ὡς
560 1937 630 1983 οὖν
653 1941 825 1996 ζητήσας
848 1943 1025 1999 ἀκριβῶς
1047 1943 1113 1983 καὶ
1137 1938 1529 1999 πολυπραγμονήσας

437 2037 531 2072 3392
563 2035 666 2081 βαθὺ
703 2038 776 2072 MR
932 2038 1022 2073 3395
1047 2036 1134 2082 καὶ]
1175 2037 1250 2072 τῶν
1279 2037 1318 2072 Μ
1477 2048 1512 2071 v.
1545 2037 1637 2073 3399
1675 2050 1729 2073 om
1760 2039 1798 2074 M

435 2083 527 2117 3400
548 2085 804 2127 συνελκυσμοῖς
825 2084 854 2118 Α
999 2084 1087 2118 3401
1117 2082 1180 2118 καὶ
1210 2081 1324 2126 μέσον
1344 2082 1383 2116 Μ
1518 2082 1609 2118 3403
1629 2079 1740 2129 ἤγαγε
1760 2086 1799 2120 Μ

434 2127 525 2163 3404
544 2125 628 2169 ὅλος
650 2130 684 2164 R
817 2129 907 2165 3405
923 2127 986 2164 καὶ
1008 2128 1170 2175 σοβαρὸς
1191 2128 1254 2163 καὶ
1268 2129 1307 2162 Μ
1766 2143 1769 2146 ·

345 2206 492 2251 demque
503 2217 696 2260 perversos
727 2212 763 2242 et
790 2209 834 2242 ad
852 2209 1042 2242 nocendum
1065 2206 1380 2253 ingeniosissimos,
1407 2206 1577 2241 conviviis
1600 2208 1796 2253 mensisque

344 2252 415 2285 tuis
433 2250 635 2288 adhibeas.⁷'
681 2254 725 2288 ad
753 2266 795 2287 ea
817 2253 1067 2298 placidissimus
1099 2254 1156 2288 ille
1186 2253 1347 2297 mitisque
1375 2252 1547 2296 Iustinus,
1575 2253 1733 2288 dolenter
1751 2266 1795 2288 ex

344 2297 414 2331 imo
437 2304 579 2342 pectore
608 2300 711 2333 ducto
742 2294 919 2343 suspirio,=
959 2300 990 2332 si
1015 2312 1068 2333 me
1098 2294 1231 2344 ipsum”
1264 2298 1314 2331 ait
1345 2295 1556 2331 “insolenter
1577 2299 1707 2345 aliquid
1731 2301 1794 2334 de-

345 2344 502 2387 signasse
523 2351 677 2387 constat,
697 2357 774 2378 mox
797 2344 1018 2389 imperatorio
1042 2357 1096 2379 me
1111 2346 1237 2379 throno
1255 2343 1442 2377 detrahito.
1489 2344 1543 2377 sin
1563 2344 1686 2390 aliquis
1709 2357 1792 2379 con—

344 2389 521 2432 vivarum,
547 2390 607 2435 qui
625 2401 755 2423 mecum
777 2389 833 2423 hic
863 2392 1087 2434 accumbunt,
1116 2390 1262 2424 iniurius
1293 2389 1329 2422 in
1360 2400 1561 2445 quemquam
1591 2390 1678 2434 fuit,
1710 2391 1793 2425 licet

343 2446 422 2468 mox
445 2435 552 2469 facias
576 2436 668 2480 quod
689 2435 815 2469 dudum
829 2440 889 2468 tuo
909 2447 981 2469 cum
1003 2436 1115 2469 animo
1139 2434 1373 2469 constituisti.’
1429 2446 1553 2479 papae,
1578 2442 1706 2480 quanta
1725 2437 1793 2470 fuit

342 2479 430 2514 haec
452 2480 490 2514 in
510 2486 545 2515 te
566 2478 668 2514 animi
686 2480 857 2514 serenitas
880 2487 983 2525 atque
1006 2482 1141 2515 bonitas
1155 2507 1165 2525 ,
1197 2481 1440 2524 imperatorum
1473 2480 1600 2525 optime
1614 2508 1623 2525 ,
1651 2482 1736 2516 iuris
1756 2487 1792 2516 et

340 2526 446 2570 aequi
467 2524 646 2560 mitissime
670 2532 799 2560 custos.
846 2526 906 2559 vix
934 2525 1123 2572 imperator
1140 2526 1226 2560 llaec
1243 2525 1441 2570 prolocutus
1462 2528 1595 2570 fuerat,
1621 2539 1695 2561 cum
1717 2539 1789 2561 ma-

341 2572 530 2616 gister-ille
550 2583 614 2616 per
646 2572 715 2606 vim
743 2585 764 2607 a
785 2571 899 2606 iudice
926 2573 969 2606 de
994 2573 1214 2607 convivarum
1237 2578 1337 2605 coetu
1365 2573 1561 2616 mensisque
1582 2573 1789 2619 sumptuosis

340 2618 507 2663 abreptus
529 2619 572 2652 ad
600 2616 751 2652 tribunal
779 2615 961 2652 deducitur
975 2644 984 2662 ,
1010 2618 1125 2653 illatae
1150 2629 1279 2663 poenas
1300 2616 1448 2652 iniuriae
1469 2617 1630 2653 luiturus.
1673 2621 1790 2654 stabat

339 2669 423 2698 ante
442 2663 594 2699 tribunal
607 2669 757 2699 tremens
778 2676 819 2698 ac
838 2664 980 2698 territus
993 2690 1002 2707 ‚
1025 2665 1085 2708 qui
1103 2676 1170 2698 non
1191 2663 1241 2697 ita
1262 2663 1395 2708 pridem
1419 2664 1509 2698 elato
1530 2665 1642 2698 animo
1664 2675 1786 2719 super-

339 2709 470 2755 biebat.
517 2708 638 2744 mulier
659 2721 778 2744 rursus
807 2710 1059 2744 accusationem
1083 2721 1176 2743 suam
1201 2708 1427 2754 instituebat,
1470 2721 1534 2744 uae
1549 2721 1613 2754 per
1632 2721 1787 2756 rapinam

339 2755 513 2791 amisisset
542 2756 735 2800 indicabat,
763 2755 927 2790 facinoris
953 2755 1121 2790 hominem
1146 2755 1386 2790 convincebat.
1441 2755 1498 2790 ile
1523 2761 1663 2800 contra,
1685 2757 1785 2790 ferox

337 2801 484 2836 antehac
504 2807 540 2837 et
555 2799 727 2845 insolens,
750 2808 861 2837 mutus
882 2800 952 2835 illic
973 2803 1106 2845 stabat,
1132 2806 1169 2835 et
1188 2800 1223 2834 in
1247 2800 1380 2845 lingua,
1405 2803 1497 2846 quod
1520 2802 1635 2846 aiunt,
1659 2803 1785 2836 bovem

336 2846 501 2886 habebat.
531 2847 598 2895 *ita
613 2847 772 2884 nimirum
794 2859 832 2883 os
856 2845 1002 2888 hominis
1032 2846 1178 2883 malefici
1200 2846 1362 2882 libertate
1385 2847 1549 2894 loquendi
1571 2846 1782 2883 destituitur.
