1924 3242
334 156 425 204 198
580 155 812 200 GEORGII
844 155 1226 210 ACROPOLITAE
1256 157 1512 200 ANNALES.

330 270 535 326 καθέδραν
556 272 613 325 τῷ
637 268 823 324 ἀρχιερεῖ.
885 269 951 309 καὶ
979 266 1244 325 συνήθροιστο
1265 263 1462 323 μετιὶτοῦ
1477 267 1679 323 βασιλέως
1693 269 1761 310 καὶ

330 343 410 382 τῶν
431 338 470 379 ἓν
490 337 588 379 τέλει
608 333 750 384 πάντες
770 336 836 376 καὶ
858 339 936 376 τῶν
958 334 1160 392 ἀρχόντων
1175 337 1211 378 οἶ
1230 335 1432 392 πρόκριτοι
1449 339 1514 379 καὶ
1533 341 1643 379 πᾶσα
1658 332 1762 391 ,πλη-

327 405 421 455 θός.
489 402 509 446 ὅ
540 402 728 456 βασιλεὺς
759 402 801 444 δὲ
834 407 905 456 τῆς
934 403 1068 459 χειρὸς
1098 408 1170 445 τοῦ
1202 403 1448 460 πατριάρχου
1481 402 1763 458 ἐπιλαβόμενος

281 482 311 516 Β
329 472 353 489 “
367 470 491 527 {2⁶:9²²
524 471 622 526 φησὶ
641 468 666 485 “
680 469 750 511 τὸν
768 467 921 526 θρόνον
938 487 1025 522 σου,
1051 472 1236 521 δέσποτα,
1263 473 1328 513 καὶ
1352 466 1399 513 οὗ
1421 471 1524 521 τινὸς
1545 473 1588 513 ἐκ
1605 474 1764 528 μακροῦ

330 541 548 595 ἓστέρησαι.
615 538 699 579 νυνὶ
733 542 804 591 τῆς
836 538 1040 594 καθέδρας
1075 538 1294 582 ἀπόλαυε.”
1363 541 1429 581 καὶ
1461 538 1565 582 οὕτω
1590 539 1663 593 μὲν
1697 539 1795 581 καὶό

331 608 393 649 ἐπὶ
413 610 470 664 τῷ
490 603 714 662 πατριάρχῃ
738 606 788 648 τὰ
809 610 880 647 τοῦ
899 607 1095 659 βασιλέως
1118 608 1272 661 ξυνέβη.
1739 653 1742 655 Α
1803 662 1806 665 ¹

468 672 545 717 89.
607 673 780 728 Ἐγένετο
810 674 852 715 δὲ
881 672 971 716 τότε
1004 675 1075 715 καί
1100 692 1137 716 τι
1162 678 1362 725 τοιοῦτον,
1397 671 1420 715 ὃ
1440 673 1498 727 μὴ
1518 674 1767 729 παραδοῦναι

332 744 470 799 γραφῇ
490 744 568 782 τῶν
593 741 638 781 οὐ
663 738 828 783 δεόντων
850 740 1100 796 ἐλογισάμην.
1166 739 1282 797 λόγον
1312 742 1373 782 ἐπὶ
1394 746 1444 798 τῇ
1466 739 1678 798 ἅναρρύσει
1699 745 1770 795 τῆς

334 808 636 852 Κωνσταντίνου
658 807 985 864 συνεγραψάμην.
1052 810 1117 850 καὶ
1138 806 1158 850 ὃ
1178 808 1324 858 σκοπὸς
1344 813 1415 850 τοῦ
1433 807 1551 864 λόγου
1573 808 1677 850 κατὰ
1697 807 1771 858 τὰς

336 876 464 933 ἀρχὰς
482 876 710 932 εὐχαριστία
737 871 785 929 ἦν
811 876 911 933 πρὸς
934 876 1032 918 θεὸν
1050 880 1120 930 τῆς
1143 876 1242 933 πρὸς
1258 874 1478 930 Ῥωμαίους
1501 874 1643 918 τούτου
1670 875 1826 931 ἀγα-10

315 944 532 1000 ,θουργίας
551 945 616 985 καὶ
640 948 712 996 τῆς
733 944 1002 999 εὐσπλάγχνου
1026 946 1259 998 κηδεμονίας
1284 946 1349 985 καὶ
1371 941 1639 998 ἀντιλήψεως,
1677 959 1773 986 συν-

286 1002 325 1057 (3¹
341 1002 619 1067 ανεκεράννυτο
650 1011 692 1052 δὲ
720 1015 776 1068 τῷ
803 1009 907 1070 λόγῳ
938 1013 1004 1053 καὶ
1028 1012 1202 1068 εὐφημία
1223 1011 1321 1068 πρὸς
1340 1011 1408 1053 τὸν
1426 1012 1596 1065 βασιλέα
1614 1011 1774 1067 εὐχαρι-

337 1078 510 1135 στήριος.
577 1077 603 1131 ἡ
626 1079 667 1120 δὲ
689 1078 749 1120 ἐπὶ
773 1080 871 1121 τέλει
892 1083 963 1121 τοῦ
985 1077 1101 1134 λόγου
1126 1080 1285 1129 ἀξίωσις
1308 1083 1698 1134 συναναγορευθῆναι
1718 1081 1776 1135 τῷ

336 1149 500 1201 βασιλεῖ’
513 1147 579 1187 καὶ
600 1147 718 1201 πατρὶ
742 1146 808 1188 τὸν
827 1147 1023 1200 βασιλέως
1043 1150 1269 1202 πρωτογενῆ
1288 1148 1412 1187 παῖδα
1426 1178 1438 1197 ,
1477 1145 1544 1187 τὸν
1567 1145 1776 1200 Κομνηνὸν

331 1211 592 1269 Ἀνδρόνικον.
659 1218 775 1255 τοῦτο
807 1212 1001 1256 ἐλάνθανε
1035 1214 1128 1263 τοὺς
1164 1212 1355 1263 πολλούς,
1402 1214 1467 1254 καὶ
1498 1211 1674 1266 μάλιστα
1698 1216 1776 1273 τῷν
1789 1217 1831 1254 15

340 1283 382 1324 ἓν
401 1281 499 1323 τέλει
510 1283 524 1331 ,ss
571 1278 631 1331 οἷς
662 1283 728 1322 καὶ
758 1281 804 1321 οὗ
836 1281 939 1322 κατὰ
968 1278 1128 1335 γνώμην
1151 1278 1302 1336 ὑπῆρχε
1325 1280 1370 1322 τὸ
1395 1284 1572 1335 πρᾶγμα.
1618 1274 1678 1322 ὀἳ
1706 1275 1778 1334 fiir

340 1346 579 1404 προύχοντες
605 1351 684 1388 τῶν
714 1346 935 1403 ἡμετέρων,
979 1346 1000 1388 ὅ
1023 1364 1064 1389 τε
1089 1346 1281 1402 δεσπότης
1305 1346 1488 1402 Ἰωάννης
1512 1346 1533 1389 ὅ
1559 1351 1631 1390 τοῦ
1657 1352 1779 1401 βασι-

341 1417 439 1465 λέως
460 1413 709 1470 αὖτάδελφος
730 1417 796 1456 καὶ
819 1414 839 1456 ὁ
861 1414 1055 1470 πενθερὸς
1076 1413 1218 1457 τούτου
1241 1413 1261 1456 ὅ
1282 1409 1613 1471 σεβαστοκράτωρ
1634 1415 1780 1472 Τορνί-

342 1500 426 1533 κιος
449 1481 490 1537 (ὅ
513 1482 588 1538 γὰρ
607 1483 768 1539 Καῖσαρ
783 1481 1160 1539 Στρατηγόπουλος,
1191 1484 1256 1524 καὶ
1278 1485 1312 1523 εἰ
1333 1487 1465 1539 παρῆν
1486 1484 1630 1532 ἐντοῖς
1647 1481 1781 1524 τοιού-

341 1567 438 1602 τοις,
465 1550 555 1591 οὐδ’
579 1548 681 1599 ὅλως
702 1549 777 1604 εἶχε
799 1553 886 1606 περὶ
907 1548 1058 1592 τούτοιν
1076 1550 1303 1607 φροντίδα),
1337 1550 1405 1592 τὸν
1424 1549 1570 1591 σκοπὸν
1591 1550 1780 1605 ἀγνοοῦν-
1790 1557 1837 1590 20

342 1635 407 1668 τες
428 1620 494 1660 καὶ
517 1617 587 1670 τὴν
609 1617 770 1666 ἀξίωσιν
790 1622 862 1660 τοῦ
882 1616 1165 1674 προβλήματος
1186 1616 1415 1672 ἠνάγκασαν
1438 1617 1506 1659 τὸν
1524 1618 1693 1671 βασιλέα
1713 1616 1778 1658 ἐπ’

345 1684 533 1742 ἀκροάσει
563 1684 747 1740 γενέσθαι
772 1689 844 1727 τοῦ
864 1684 996 1740 λόγου.
1065 1683 1085 1726 ὃ
1109 1686 1151 1727 δὲ
1170 1685 1358 1739 βασιλεὺς
1378 1685 1670 1741 ἐδυσχέραινεν·
1703 1684 1784 1739 ἤδη

343 1753 420 1809 γὰρ
442 1753 716 1807 μεσημβρινὰς
735 1753 808 1802 τὰς
829 1753 989 1803 ἀκτῖνας
1009 1750 1029 1794 ὅ
1050 1751 1161 1807 ἥλιος
1181 1753 1344 1809 ἔβαλλε,
1386 1754 1454 1796 καὶ
1482 1750 1503 1794 ὃ
1523 1757 1595 1794 τοῦ
1619 1752 1783 1810 ἀρίστου

345 1819 490 1877 παρῄει
505 1818 656 1876 καιρός.
1690 1832 1692 1834 ’

346 1926 434 1960 dam.
480 1937 552 1960 cum
565 1926 769 1971 imperatore
785 1937 898 1960 omnes
912 1926 945 1959 in
962 1926 1180 1970 dignitatibus
1198 1925 1371 1960 constituti
1396 1927 1431 1959 et
1451 1925 1662 1970 patriciorum
1685 1936 1785 1970 prae-

348 1972 436 2016 cipui
451 1975 484 2004 et
500 1972 595 2016 plebs
611 1971 767 2004 universa
783 1976 982 2005 accurrerat.
1030 1972 1076 2005 ibi
1100 1972 1280 2018 imperator
1304 1982 1432 2005 manum
1452 1971 1662 2016 patriarchae
1676 1970 1787 2004 conti-

348 2028 430 2050 nens
451 2013 570 2050 “tene’'
593 2016 701 2060 inquit
721 2013 896 2051 “thronum
911 2022 1022 2060 tuum,
1052 2017 1193 2057 domine,
1219 2022 1253 2050 et
1268 2028 1287 2050 a
1304 2027 1369 2061 qua
1384 2016 1510 2049 tamdiu
1525 2016 1705 2058 aberrasti,
1728 2026 1787 2048 ca-

349 2062 470 2095 thedra
486 2058 632 2095 fruere?
680 2061 728 2095 sic
743 2062 840 2095 etiam
855 2062 1068 2107 patriarchae
1083 2063 1125 2095 ab
1140 2063 1342 2107 imperatore
1356 2061 1536 2107 provisum.

443 2107 499 2140 89.
544 2108 598 2140 Ea
612 2111 811 2151 tempestate
826 2107 970 2151 accidit,
999 2107 1088 2152 quod
1113 2118 1176 2140 non
1197 2107 1337 2140 alienum
1364 2118 1385 2140 a
1409 2106 1601 2139 narratione
1625 2115 1696 2139 mea
1711 2114 1787 2139 esse

351 2151 477 2184 ducens
500 2151 553 2184 hic
575 2152 700 2196 scripto
717 2152 930 2195 consignabo.
976 2153 1158 2186 orationem
1183 2153 1225 2185 de
1247 2155 1385 2196 recepta
1406 2151 1502 2195 Cpoli
1527 2160 1789 2194 composueram.

351 2195 511 2229 orationis
526 2201 771 2239 argumentum,
804 2198 891 2230 circa
917 2197 1112 2243 principium
1138 2197 1267 2240 gratiae
1289 2197 1351 2230 deo
1375 2207 1437 2241 pro
1462 2195 1684 2229 beneficentia
1708 2205 1790 2238 erga

353 2241 523 2275 Romanos
538 2246 573 2274 et
588 2241 796 2274 misericorde
812 2253 871 2274 suo
888 2242 1010 2275 auxilio
1026 2254 1066 2276 ac
1082 2242 1265 2286 patrocinio
1280 2241 1448 2275 redditae:
1477 2240 1583 2273 inerat
1599 2245 1632 2274 et
1648 2239 1791 2273 orationi

355 2290 490 2332 praeter
504 2285 711 2329 imperatoris
728 2286 903 2330 praeconia
920 2287 962 2320 ad
978 2287 1114 2320 eundem
1130 2287 1309 2330 gratiarum
1333 2286 1440 2328 actio;
1472 2284 1534 2319 sub
1552 2285 1643 2318 calce
1666 2284 1792 2319 adhor-

354 2330 439 2364 tatio
453 2334 491 2362 ut
507 2330 712 2363 Andronicus
731 2331 919 2363 Comnenus
945 2331 1068 2375 primus
1091 2332 1299 2376 imperatoris
1320 2330 1408 2364 filius
1431 2342 1503 2363 cum
1529 2330 1732 2375 imperatore
1755 2331 1792 2363 et

355 2379 453 2421 patre
468 2375 501 2407 in
516 2374 799 2408 administratione
815 2376 1045 2410 advocaretur.
1091 2378 1154 2410 hoc
1176 2377 1293 2409 multos
1308 2380 1342 2409 et
1357 2375 1559 2419 potissimum
1575 2375 1791 2419 dignitatibus

356 2420 525 2465 praeditos
538 2445 548 2462 ‚
570 2419 688 2463 quibus
704 2431 767 2452 non
784 2431 825 2453 ex
840 2421 1004 2453 sententia
1018 2432 1072 2454 res
1087 2422 1315 2465 successisset,
1338 2420 1499 2463 fugiebat.
1547 2425 1583 2454 at
1599 2432 1641 2454 ex
1655 2420 1791 2461 nostris,

358 2465 414 2509 qui
432 2465 554 2509 primas
569 2465 780 2504 obtinebant,
809 2465 952 2498 Ioannes
977 2477 1093 2509 nempe
1109 2466 1248 2510 despota
1262 2465 1471 2510 imperatoris
1486 2467 1613 2507 frater,
1644 2470 1680 2500 et
1694 2476 1792 2500 socer

356 2509 443 2543 iliius
459 2511 704 2544 sebastocrator
717 2510 896 2543 Tornicius
922 2511 1014 2553 (nam
1030 2511 1156 2544 Caesar
1171 2511 1445 2555 Strategopulus,
1480 2511 1559 2544 licet
1574 2511 1705 2544 adesset
1716 2537 1726 2554 ‚
1749 2510 1792 2543 de

359 2555 411 2588 his
426 2555 556 2588 omnino
572 2555 691 2588 nullam
709 2566 820 2588 curam
837 2555 1086 2601 suscipiebat),
1123 2555 1326 2600 propositum
1351 2555 1542 2599 ignorantes
1567 2560 1603 2589 et
1625 2555 1793 2600 postulata

358 2599 587 2644 problematis,
628 2600 858 2644 imperatorem
881 2600 922 2633 ad
945 2600 1125 2634 orationem
1150 2601 1345 2634 audiendam
1369 2602 1568 2646 compulere.
1613 2601 1795 2645 imperator

358 2655 462 2725 εἶξα
474 2646 621 2727 gerebat:
652 2645 715 2680 iam
732 2645 815 2681 enim
830 2645 892 2680 sub
906 2645 1043 2680 meridie
1057 2645 1136 2681 solis
1151 2646 1235 2680 radii
1248 2645 1468 2691 ingruebant,
1499 2650 1535 2682 et
1554 2646 1685 2695 prandii
1710 2646 1793 2681 hora

359 2701 380 2725 a
402 2700 472 2725 nera
491 2715 500 2725 .
