1924 3242
437 160 917 205 CHRONOGRAPHIA
953 160 1378 207 COMPENDIARIA.
1468 227 1471 230 ,
1575 159 1639 206 65

177 275 340 335 ,ματέρες
366 279 496 333 τρεῖς,
518 272 639 317 Ἄννα
669 290 712 316 τε
743 275 810 316 καὶ
835 273 1031 333 Θεοδώρα
1053 277 1119 319 καὶ
1144 273 1257 332 Ζωῆ.
1325 275 1483 331 μέλλων
1507 276 1552 319 δὲ
1572 292 1638 320 τε-

177 338 346 397 zoaran,
366 342 581 402 ’ἔγγραφον
617 340 820 400 ἀπῄτησεν
857 344 901 385 ἐκ
937 343 1097 387 πάντων
1133 343 1189 396 ὥς
1221 344 1295 388 οὔκ
1328 344 1379 388 ἀν
1403 362 1507 389 ποτε·
1522 345 1635 403 παρὰ
1656 352 1686 388 Ρ
1714 354 1779 389 185

175 412 271 464 τοὺς
293 413 420 456 αὐτοῦ
435 413 586 463 παῖδας
605 411 778 466 βασιλέα
802 411 936 469 ἕτερον
957 414 1135 463 affigam«)
1148 429 1159 440 ·
1194 414 1236 456 ἐν
1257 408 1293 472 ᾧ
1309 415 1640 473 καθυπέγραψαν

177 480 361 532 ἅπαντες.
430 480 536 524 ἀλλὰ
570 481 653 536 μὴν
685 481 752 523 καὶ
785 478 811 536 ἡ
843 483 1006 534 βασιλὶς
1039 482 1242 534 Emonia,
1278 481 1335 534 ὡς
1363 483 1436 526 οὐκ
1464 481 1515 526 ἀν
1545 483 1637 530 οὐδὲ

142 549 280 606 savin}
301 549 405 608 πρὸς
422 547 607 606 δεύτερον
627 547 829 592 ἐλεύσεται
849 545 1121 592 συνοικέσιονζ
1175 549 1198 591 ὃ
1220 553 1285 593 καὶ
1309 553 1562 609 ἀπαρτισθὲν
1579 557 1639 610 τῷ

174 617 404 677 πατριάρχῃ
436 616 651 676 φυλάττειν
689 616 900 661 δεδώκασι.
969 621 1134 679 τελευτᾷ
1166 612 1237 660 οὖν
1264 618 1285 661 ὃ
1313 621 1506 674 βασιλεὺς
1538 622 1638 664 ἐτῶν

175 686 232 730 ὢν
265 686 299 739 ξ’
332 689 399 730 καὶ
428 685 572 744 μικρόν
603 704 642 729 τι
673 685 796 745 πρός,
829 685 1077 742 βασιλεύσας
1099 684 1274 744 χρόνους
1307 687 1340 742 ζ’
1372 691 1438 732 καὶ
1471 689 1633 745 ἥμισυν,

174 758 317 814 ταφεὶς
339 758 394 806 εἷς
413 756 459 798 τὸ
480 754 742 810 Μολιβωτόν.

310 825 523 879 Κατέσχον
549 818 620 867 οὖν
645 824 697 867 τὰ
719 827 905 882 σκῆπτρα
926 828 999 880 τῆς
1018 824 1227 878 βασιλείας
1249 822 1276 879 ’ἥ
1300 842 1341 867 τε
1364 823 1533 882 σύζυγος
1557 827 1633 869 αὖ-

10 939 13 950 ,-
122 900 167 935 10
176 897 248 935 τοῦ
267 893 446 936 Εὗδοκία
466 895 533 936 καὶ
555 892 594 935 οἶ
611 895 763 944 παῖδες.
833 893 906 936 σὺν
927 891 1084 944 τούτοις
1104 888 1175 935 οὖν
1193 897 1326 948 μῆνας
1348 892 1382 946 ζ’
1402 897 1469 936 καὶ
1489 894 1633 953 μικρόν

0 965 15 1024 5
174 978 214 1004 τι
238 961 339 1019 πρὸς
361 959 640 1017 βασιλεύσασα
667 960 803 1018 ἀνάγει
827 961 898 1004 τὸν
912 961 1118 1017 ,Ῥωμανὸν
1139 962 1335 1018 Διογένην
1358 965 1413 1013 εἷς
1435 964 1487 1006 τὰ
1509 966 1632 1018 βασί-

175 1033 286 1082 λεια,
321 1031 388 1072 καὶ
406 1028 537 1089 τούτῳ
556 1029 867 1088 προσζεύγνυται
876 1063 889 1083 ,
925 1033 990 1074 καὶ
1007 1031 1179 1085 βασιλέα
1197 1031 1323 1081 εὐθὺς
1342 1031 1586 1090 ἀναγορεύει.

314 1098 403 1153 Τὴν
434 1093 506 1141 οὖν
533 1101 742 1154 βασιλείαν
761 1098 792 1141 «ὅ
823 1100 1019 1156 Διογένης
1042 1098 1202 1153 λαβών,
1239 1098 1321 1142 εἷθ’
1355 1099 1523 1158 ὕστερον
1546 1102 1632 1143 ἔπι-
1657 1108 1685 1142 Β

173 1168 412 1219 βουλευθεὶς
441 1167 555 1224 παρὰ
581 1172 662 1210 τῶν
692 1165 846 1210 οἰκείων
872 1170 1161 1226 ἓκτυφλοῦται,
1197 1170 1265 1210 καὶ
1294 1167 1422 1219 οὕτως
1450 1168 1633 1224 θνήσκει,

122 1239 164 1276 15
175 1236 241 1277 καὶ
259 1236 302 1276 ἓν
317 1239 369 1291 τῇ
388 1232 498 1291 νήσῳ
510 1233 671 1291 ”Πρώτῃ
687 1234 903 1287 θάπτεται,
929 1234 1176 1289 βασιλεύσας
1193 1235 1260 1289 ἔτη
1282 1235 1318 1290 γ’
1339 1239 1405 1277 καὶ
1426 1242 1559 1291 μῆνας
1581 1238 1633 1293 η’.

309 1303 527 1353 Διεδέξατο
559 1302 632 1356 τὴν
666 1304 876 1356 βασιλείαν
905 1301 926 1345 ὃ
954 1306 1028 1345 τοῦ
1048 1300 1193 1344 Δούκα
1212 1302 1301 1352 υἱὸς
1322 1305 1498 1359 Μιχαὴλ
1523 1294 1544 1347 ὃ
1566 1310 1634 1348 λε-

172 1369 340 1427 γόμενος
368 1369 679 1428 Παραπινάκης.
745 1375 819 1412 τοῦ
848 1371 892 1413 δὲ
921 1369 1172 1427 πατριάρχου
1191 1369 1388 1413 Ἰωάννου
1410 1377 1484 1414 τοῦ
1505 1370 1634 1431 Ξιφι-

173 1440 285 1482 λίνου
308 1439 596 1495 κοιμηθέντος,
631 1437 652 1481 ὅ
668 1439 860 1493 βασιλεὺς
881 1437 1014 1496 ἕτερόν
1031 1457 1120 1481 τινα
1139 1440 1438 1497 προεχειρίσατο
1460 1442 1635 1496 Κοσμᾶν

171 1506 372 1562 μοναχόν,
402 1511 476 1563 τῆς
494 1505 612 1563 ἆγίας
628 1508 702 1561 μὲν
721 1506 875 1558 πόλεως
892 1505 1157 1566 ἀφικόμενον,
1192 1510 1356 1565 μεγίστῃ
1381 1510 1424 1551 δὲ
1446 1515 1544 1567 τιμῇ
1566 1511 1635 1553 ὁιά

108 1575 246 1630 ’Ξῠτὴν
281 1576 409 1618 αὐτοῦ
440 1576 586 1633 ἀρετὴν
619 1576 733 1633 παρὰ
758 1581 924 1630 βασιλεῖ
947 1575 1184 1631 τιμώμενον.
1255 1577 1293 1619 οἳ
1317 1578 1360 1619 δὲ
1380 1582 1538 1621 πολῖται
1566 1580 1635 1621 διὰ

171 1642 219 1685 τὸ
247 1644 319 1686 τὸν
349 1642 623 1699 Βοτανειάτην
652 1645 694 1695 ἐξ
725 1644 925 1700 ἀνατολῆς
946 1644 1025 1700 ἤδη
1049 1645 1372 1702 ἀναγορευθῆναι
1395 1645 1446 1688 τά
1468 1665 1510 1690 τε
1533 1647 1633 1690 ἀνά-

173 1728 299 1769 κτορα
330 1710 598 1767 κατασχόντες
629 1714 696 1755 καὶ
731 1712 918 1770 φύλακας
950 1714 1087 1763 αὐτοῖς
1119 1712 1423 1769 ἐπιστήσαντες,
1462 1718 1529 1758 καὶ
1562 1717 1632 1758 τὸν
1654 1720 1684 1754 C

171 1777 441 1834 βασιλεύοντα
465 1779 641 1835 Μιχαὴλ
668 1781 995 1838 καθαιρήσαντες
1016 1781 1120 1838 πρὸς
1143 1782 1216 1836 τὴν
1240 1787 1312 1824 τοῦ
1331 1785 1528 1826 Στουὸιόυ
1555 1802 1633 1838 μο-

173 1848 247 1903 νὴν
278 1847 613 1906 παραπέμπουσιν
644 1849 734 1903 μετ’
771 1851 954 1900 εὐτελοῦς
988 1848 1201 1905 ὑποζυγίου
1237 1850 1311 1892 σὺν
1336 1855 1387 1908 τῇ
1412 1851 1633 1910 Λύγούστῃ

117 1917 328 1978 25Μαρίᾳ
346 1921 398 1974 τῇ
419 1916 658 1968 ἓξνᾌλανῶν
680 1919 747 1960 καὶ
767 1923 826 1977 τῷ
847 1917 991 1962 τούτου
1011 1920 1125 1960 παιδὶ
1147 1920 1440 1979 Κωνσταντίνῳ
1458 1925 1517 1979 τῷ
1532 1938 1650 1978 πορ-·

172 2047 271 2082 Anna
291 2047 479 2083 Theodora
502 2047 585 2083 Zoe.
633 2048 733 2083 morti
757 2048 929 2094 proximus
954 2048 1055 2082 fidem
1078 2050 1121 2083 ab
1146 2049 1300 2083 omnibus
1320 2049 1448 2095 scripto
1470 2051 1633 2097 exposcit,

173 2093 336 2128 nemin·-
363 2098 443 2140 post
468 2105 506 2129 se
531 2095 628 2128 alium
653 2095 887 2140 imperatorem
905 2105 1004 2139 quam
1020 2094 1109 2128 filios
1125 2100 1352 2141 excepturum.
1400 2097 1632 2142 subscripsere

172 2149 299 2174 omnen.
345 2140 491 2184 quinimo
507 2145 541 2175 et
556 2141 631 2186 ipsa
645 2140 843 2186 imperatrix
862 2140 1017 2174 Eudocia
1042 2152 1248 2186 nequaquam
1265 2153 1302 2175 se
1318 2142 1482 2175 secundas
1498 2143 1631 2187 nuptias

173 2183 416 2220 celebratum
431 2187 558 2241 scripto
574 2187 737 2232 promisit.
784 2186 971 2220 absolutum
990 2187 1152 2232 scriptum
1171 2187 1386 2233 patriarchae
1405 2187 1566 2231 tradidit,
1591 2195 1630 2222 ut

174 2236 402 2266 conservaret.
449 2233 523 2266 obit
545 2233 665 2267 aetatis
689 2243 850 2266 annorum
874 2233 1072 2277 sexaginta3
1095 2243 1199 2266 annos
1226 2234 1302 2278 plus
1326 2233 1432 2267 miuus
1448 2238 1577 2280 septem
1595 2238 1630 2268 et

173 2274 342 2311 ffinidium
355 2278 522 2322 regnavit.
566 2278 601 2312 in
617 2278 783 2312 Moliboto
799 2278 972 2323 sepelitur.

265 2321 400 2367 Imperii
420 2324 570 2358 habenas
594 2324 716 2358 coniux
737 2324 826 2358 illius
852 2324 1005 2358 Eudocia
1027 2323 1154 2368 filiique
1172 2327 1322 2358 tenuere.
1370 2335 1443 2358 cum
1460 2335 1545 2358 vero
1561 2335 1627 2358 una

176 2377 250 2401 cum
272 2366 388 2403 liberis
410 2380 540 2404 menses
565 2374 696 2416 septem
712 2370 768 2403 vel
785 2370 886 2415 paulo
902 2370 978 2423 plus
994 2369 1212 2415 imperasset,
1238 2370 1426 2403 Romanum
1442 2370 1627 2415 Diogenem

174 2411 211 2446 in
224 2412 351 2456 regiam
365 2415 507 2449 accitum
523 2415 585 2449 sibi
600 2416 811 2450 matrimonio
826 2416 936 2460 iungit
950 2415 1251 2460 imperatoremque
1267 2416 1473 2458 pronuntiat.

265 2457 458 2504 occupavit
469 2461 644 2507 imperium
662 2462 833 2506 Diogenes
843 2487 853 2504 ,
874 2461 931 2507 qui
947 2462 1104 2506 deinceps
1120 2472 1140 2494 a
1153 2460 1371 2494 familiaribus
1387 2461 1472 2496 dolis
1488 2462 1626 2495 circum-

176 2506 299 2537 ventus
322 2503 497 2541 luminibus
524 2507 700 2553 privatur,
737 2512 958 2553 mortuusque
971 2507 1006 2541 in
1020 2507 1129 2541 insula
1143 2507 1248 2540 Prote
1264 2506 1449 2551 sepelitur,
1475 2519 1549 2542 cum
1572 2519 1626 2541 re-

174 2552 314 2594 guasset
326 2561 432 2585 annos
444 2555 515 2587 tres
529 2558 565 2587 et
579 2565 708 2588 menses
723 2558 811 2588 octo.

266 2595 382 2630 Ducae
402 2596 492 2632 filius
513 2598 659 2633 Michael
680 2599 907 2644 Parapinaces
925 2599 1035 2633 dictus
1051 2596 1224 2643 imperium
1239 2596 1388 2642 suscipit.
1434 2597 1627 2644 patriarcha

174 2639 302 2675 Ioanne
314 2640 486 2686 Xipbilino
501 2643 569 2678 vita
583 2645 719 2690 functo,
740 2646 925 2699 imperator
937 2645 1094 2679 Cosmam
1110 2642 1275 2688 quendam
1290 2642 1488 2677 monachum
1499 2670 1509 2686 ‚
1533 2643 1590 2689 qui
1607 2653 1626 2675 e

175 2692 294 2721 sancta
317 2686 456 2721 civitate
478 2689 685 2732 advenerat,
708 2702 852 2725 mammo
876 2692 919 2725 ab
938 2701 976 2725 se
990 2693 1132 2736 propter
1151 2688 1288 2723 eximias
1306 2689 1452 2723 virtutes
1466 2690 1498 2723 in
1516 2689 1625 2743 pretio

175 2731 322 2766 habitum
339 2732 453 2777 elegit.
498 2735 589 2770 cives
602 2736 813 2771 Botaniatem
826 2737 860 2770 in
876 2737 1021 2770 Oriente
1035 2737 1270 2780 imperatorem
1288 2740 1436 2768 creatum
1450 2735 1625 2769 audientes

175 2777 303 2823 regiam
329 2781 496 2824 occupant
508 2808 519 2825 ,
547 2782 704 2816 custodes
717 2783 766 2816 illi
778 2783 973 2827 imponunt3
1002 2782 1219 2826 imperantem
1234 2780 1432 2814 Michaelem
1449 2781 1533 2816 solio
1548 2779 1624 2825 pul-

175 2833 266 2868 sum,
290 2824 348 2859 vili
366 2825 520 2861 vehiculo
535 2837 610 2862 cum
629 2828 782 2872 Augusta
796 2828 907 2863 Maria
922 2840 964 2862 ex
981 2828 1163 2863 Alanoi-um
1175 2837 1302 2871 genere
1317 2831 1354 2861 et
1368 2827 1439 2860 filio
1456 2827 1624 2861 Constan-
