1832 3250
249 201 314 247 56
626 200 993 247 CONSTANTINI
1034 199 1294 246 MANASSIS

380 310 528 367 ἤθελον
543 312 586 356 δέ
608 315 674 355 καὶ
689 313 882 357 τίσασθαι
899 313 992 364 τοὺς
1012 310 1378 372 προλελυπηκότας·

382 380 578 436 ἄνανδρον
597 379 675 437 γὰρ
694 382 760 434 καὶ
779 380 960 435 μαλακὸν
981 383 1045 424 καὶ
1061 381 1243 424 ταπεινὸν
1265 379 1430 436 ἡγοῦντο

384 447 442 501 μὴ
462 446 668 501 λήψεσθαι
687 433 758 502 τηις
774 447 928 505 ὕβρεως
942 449 1080 504 ποινὰς
1097 448 1169 498 τὰς
1190 443 1478 505 προσηκούσας.

206 519 237 552 C
261 515 367 557 1260
390 512 444 564 ὥς
463 510 532 556 οὖν
554 515 591 557 οἳ
610 519 747 571 Τρῶες
763 515 938 570 ἔβλεψαν
960 516 1029 558 τὸν
1048 520 1277 571 τηλικοῦτον
1297 512 1451 566 στόλον,

387 582 452 623 καὶ
479 582 550 635 τὴν
571 583 730 638 πληθὺν
750 581 963 639 ἱστόρησαν
982 583 1053 637 τὴν
1069 586 1434 637 νεναυστοληκυῖαν,

385 647 664 702 ἁπανταχόθεν
687 648 842 700 ἕαυτοῖς
865 651 1124 706 ἀθροίσαντες
1148 648 1397 703 συμμάχους,

388 717 532 773 Κᾶρας
546 718 729 767 Λυκίους
746 719 813 760 καὶ
834 717 1009 767 Μυσοὺς
1023 719 1087 759 καὶ
1113 719 1303 767 Μαίονας
1320 718 1386 759 καὶ
1409 711 1586 772 Φρύγας,

386 785 451 825 καὶ
473 781 863 840 προσεταιρισάμενοι
884 783 1045 838 σύμπαν
1060 785 1194 835 Ἀσίας
1214 784 1344 836 ἔθνος,

257 851 361 893 1265
384 848 528 893 ὁπόσον
548 851 822 907 ἠπειρωτικόν,
857 850 951 894 ὅσον
971 852 1011 894 ἓν
1030 853 1220 910 παραλίᾳ,

390 918 644 974 ἄντεπεξῆγον
664 924 853 975 στρατιᾶς
871 924 1020 974 σμῆνος
1040 919 1349 976 ἀπειραρίθμου.

388 987 454 1027 καὶ
474 985 619 1040 χρόνος
642 985 818 1041 amvi-no
841 986 995 1044 μακρὸς
1016 988 1057 1028 ἐν
1079 991 1136 1044 τῷ
1154 987 1326 1043 πολέμῳ.

391 1054 428 1094 οἱ
451 1054 494 1094 δὲ
514 1058 584 1107 τῆς
605 1051 754 1104 πόλεως
772 1054 894 1108 αὐτῆς
921 1052 1122 1110 οἰκήτορες
1143 1058 1214 1108 τῆς
1232 1053 1383 1110 Τροίας

389 1114 493 1173 ἦσαν
511 1118 608 1175 ὑπὲρ
628 1120 866 1175 πεντήκοντα
883 1125 984 1163 λαοῦ
998 1123 1259 1178 χιλὶανὸρίας.

260 1188 368 1228 1270
391 1187 440 1229 τὰ
459 1187 530 1240 μὲν
555 1182 624 1229 οὖν
646 1193 784 1244 πρῶτα
805 1193 1002 1245 κραταιῶς
1025 1187 1236 1239 ὡπλίζοντο
1256 1187 1354 1243 πρὸς
1375 1183 1522 1240 μάχην,

392 1254 690 1309 ἄνδροκαρὸιόις
714 1260 935 1309 συμβολαῖς
952 1256 1025 1305 τὰς
1050 1254 1258 1312 φάλαγγας
1280 1252 1506 1311 ῥηγνύντες·

392 1319 447 1370 ὡς
468 1322 509 1363 δ’
536 1321 806 1378 ἐπειράθησαν
822 1323 900 1376 ὀψὲ
918 1327 989 1377 τῆς
999 1323 1206 1376 Ἀχιλλέως
1225 1320 1352 1378 ῥύμης

206 1399 239 1433 D
394 1390 460 1430 καὶ
481 1389 552 1442 τὴν
571 1388 734 1444 πυρώδη
758 1391 824 1431 καὶ
843 1389 1001 1446 θερμὴν
1019 1388 1122 1431 εἶδον
1139 1389 1373 1442 εὖκινησίαν,

392 1457 457 1496 καὶ
476 1455 547 1509 τὴν
573 1455 876 1512 ἄρρενωπότητα
898 1459 963 1498 καὶ
985 1456 1056 1510 τὴν
1075 1457 1367 1509 θυμοτολμιάν,

262 1523 368 1565 1275
390 1521 586 1578 ἐκάθηντο
610 1529 692 1573 τοῖς
711 1525 874 1576 τείχεσιν
895 1521 1040 1573 αὖτοὺς
1061 1521 1369 1578 συγκεκλεικότες

392 1592 458 1631 καὶ
474 1591 671 1643 μηὸαμῶς
686 1590 971 1645 τοῖςἽῑλλησιν
995 1591 1245 1633 ἀντεπελθεῖν
1264 1592 1498 1642 τολμῶντες,

394 1655 508 1711 ῗωςὴ
527 1656 657 1699 πάντα
678 1657 904 1713 στρέφουσα
922 1659 986 1700 καὶ
1008 1656 1137 1699 πάντα
1162 1661 1398 1712 συγκυκῶσα

395 1725 461 1766 καὶ
480 1723 637 1765 πάντων
649 1722 781 1780 μήτηρ
803 1729 882 1766 τῶν
902 1729 1047 1775 κακῶν,
1080 1723 1106 1779 ἦ
1124 1726 1322 1778 βασκανία
1342 1723 1455 1779 λέγω,

394 1790 467 1844 τὴν
479 1791 686 1844 Ἀχιλλέως
705 1790 903 1844 ἤμβλυνεν
919 1790 1046 1848 ὁρμὴν
1067 1792 1136 1846 τὴν
1154 1792 1395 1848 δραστηρίαν

263 1858 372 1900 1280
396 1859 463 1919 καὶ
487 1862 634 1916 Τρῶας
652 1857 954 1916 παρεθάρρυνεν
979 1860 1124 1902 ἐκείνου
1140 1859 1405 1912 χολωθέντος.

356 1986 444 2021 1263
470 1986 637 2026 Παίονας
658 1986 692 2020 R
827 1988 915 2023 1272
931 1984 1202 2032 ἐπειράσθησαν
1225 1987 1259 2023 R.
1409 1983 1497 2022 1274
1518 1981 1694 2021 εὖθντολ-

352 2031 439 2074 μίαν
456 2032 490 2067 R
614 2032 703 2067 1278
723 2029 792 2077 τὴν
811 2032 1013 2079 βασκανίαν
1034 2033 1067 2067 R

265 2152 343 2194 esse
365 2143 540 2178 refertam.
594 2143 758 2179 volebant
779 2144 882 2179 etiam
904 2143 1022 2178 ulcisci
1050 2156 1109 2180 eos
1133 2144 1193 2190 qui
1214 2143 1309 2190 prius
1334 2142 1522 2178 laeserant:
1567 2139 1693 2176 etenim

265 2197 351 2219 viris
369 2187 554 2231 indignum,
573 2189 680 2223 mollis
701 2189 896 2234 deiectique
913 2190 1017 2223 animi
1033 2192 1200 2234 putabant
1219 2201 1295 2224 esse
1313 2189 1428 2222 illatae
1444 2186 1590 2221 iniuriae
1606 2197 1692 2230 poe-

267 2241 327 2263 nas
349 2232 480 2266 debitas
505 2246 572 2267 non
595 2236 747 2278 exigere.
802 2246 876 2268 cum
899 2234 1005 2278 igitur
1026 2240 1152 2269 tantam
1184 2235 1324 2268 classem
1346 2232 1491 2267 Troiani
1513 2234 1695 2265 cernerent

266 2286 447 2319 coramque
466 2278 712 2313 multitudinem
728 2280 955 2323 intuerentur,
974 2291 1060 2325 quae
1075 2281 1272 2321 advenerat,
1291 2277 1441 2312 collectis
1457 2277 1606 2321 undique
1621 2274 1693 2309 suis

265 2319 431 2354 bellorum
447 2322 563 2365 sociis,
583 2324 728 2357 Caribus
745 2323 864 2367 Lyciis
884 2324 994 2367 Mysis
1012 2324 1212 2359 Maeonibus
1230 2323 1438 2367 Phrygibus,
1457 2321 1616 2356 adiuncta
1632 2320 1693 2354 iti-

267 2365 344 2398 dem
366 2365 433 2399 sibi
457 2368 577 2411 quavis
599 2368 702 2402 Asiae
722 2369 879 2411 natione,
912 2373 1080 2413 quotquot
1102 2374 1200 2403 erant
1231 2366 1492 2409 mediterranei,
1527 2369 1696 2410 quotquot

268 2409 440 2454 maritimi,
457 2418 575 2446 contra
584 2414 735 2446 Graecos
753 2413 923 2447 exercitus
934 2414 1100 2448 innumeri
1113 2415 1279 2458 quoddam
1298 2413 1393 2447 velut
1409 2423 1549 2445 examen
1567 2412 1694 2445 educe·-

268 2454 372 2495 bant,
401 2455 451 2489 ita
473 2463 511 2490 ut
531 2456 667 2500 longum
686 2464 818 2502 tempus
840 2458 875 2491 in
899 2459 964 2492 hoc
985 2459 1073 2492 bello
1093 2463 1339 2492 contereretur.
1386 2462 1485 2491 erant
1503 2456 1611 2502 ipsius
1634 2467 1693 2490 ur-

268 2499 323 2532 bis
355 2500 529 2534 Troianae
561 2502 771 2536 habitatores
799 2514 904 2547 supra
930 2504 1100 2538 hominum
1121 2503 1367 2548 quinquaginta
1387 2502 1491 2535 milia.
1538 2507 1573 2535 et
1593 2501 1694 2535 initio

269 2543 406 2588 quidem
425 2547 467 2579 ad
488 2558 633 2590 pugnam
650 2559 689 2581 se
708 2559 829 2591 magna
846 2548 882 2581 vi
902 2550 1089 2593 armabant,
1108 2548 1330 2592 virilibusque
1352 2546 1589 2591 congressibus
1608 2546 1694 2591 pha-

269 2587 386 2632 langes
410 2593 691 2635 perrumpebant:
723 2603 841 2627 verum
863 2599 1085 2638 posteaquam
1106 2593 1246 2627 Achillis
1277 2594 1380 2626 robur
1403 2593 1538 2626 tandem
1561 2591 1696 2636 experti

270 2640 351 2668 sunt
372 2633 513 2679 eiusque
533 2636 754 2671 mobilitatem
774 2637 909 2681 igneam
935 2643 971 2672 et
993 2639 1166 2672 ardentem
1189 2642 1450 2682 conspexerunt,
1466 2637 1616 2680 itemque
1639 2635 1692 2670 vi-

269 2678 368 2712 rilem
386 2680 508 2714 faciem
526 2685 562 2714 et
579 2682 761 2716 animosam
780 2683 964 2726 audaciam,
985 2683 1076 2717 intra
1094 2683 1172 2727 ipsa
1188 2682 1314 2716 occlusi
1332 2682 1465 2715 moenia
1481 2681 1694 2724 desidebant,

270 2734 337 2757 nec
354 2725 517 2759 adversus
539 2727 691 2761 Graecos
711 2727 777 2761 ullo
795 2729 894 2762 modo
911 2728 1075 2772 progredi
1095 2728 1277 2770 audebant,
1297 2728 1407 2760 donec
1424 2726 1535 2760 omnia
1555 2731 1694 2759 vertens

270 2774 307 2801 et
328 2770 438 2803 omnia
458 2772 673 2815 perturbans,
693 2772 906 2817 omniumque
925 2773 1086 2807 malorum
1107 2778 1226 2815 mater,
1246 2771 1410 2806 invidiam
1427 2771 1516 2814 dico,
1535 2771 1695 2815 impetum

269 2813 408 2848 Achillis
430 2814 466 2849 in
483 2816 587 2851 rebus
609 2818 769 2862 gerendis
790 2818 940 2864 retudit,
961 2818 1087 2865 illoque
1106 2820 1159 2854 ira
1180 2822 1344 2853 commoto
1369 2816 1597 2851 Troianorum
1618 2814 1693 2850 ani-
