1924 3242
354 148 448 234 214
768 207 770 209 >
866 189 925 231 IN
959 188 1252 234 GEORGIUM

352 302 410 333 rat
432 295 501 334 lib.
525 298 571 336 6·
601 290 673 334 οὐκ
698 293 814 336 ἔλαθε
831 293 874 336 δὲ
891 297 1030 337 τοῦτον
1050 320 1102 329 —-
1120 293 1438 352 πρυτανεύεσῧαι
1453 302 1633 354 παρεκελ
1621 313 1775 371 υσατσ.

351 352 452 390 Am..

487 407 548 446 .8
575 418 614 443 v
635 403 700 446 14.
758 402 806 446 ὃν
823 403 1196 460 πρωτοβεστιᾶριον]
1227 407 1472 462 Choniatap.
1490 409 1571 452 745
1598 414 1638 454 7.
1665 413 1770 450 Am..

459 461 527 507 ib..
554 474 592 499 v.
628 461 691 502 14.
777 460 825 498 de
855 476 910 513 pr
909 465 1142 500 otovestiarii
1178 464 1365 515 dignitate
1400 465 1491 504 vide
1528 467 1769 505 Glossarium

348 518 507 555 Meursii
538 518 580 553 in
609 513 850 568 Βεστιᾶριον.
909 517 1138 557 differebant
1167 527 1298 558 autem
1332 521 1518 573 dignitate
1545 529 1583 560 et
1605 533 1769 561 munere

341 573 659 623 protovestiarius
690 580 728 610 et
751 576 1095 623 Ρνοίοιεείίανίίεε,
1124 577 1230 614 cuius
1254 577 1356 614 infra
1383 585 1514 615 auctor
1532 585 1663 615 noster
1680 590 1768 615 me-

346 629 472 665 minit.
529 627 618 665 vide
651 628 719 666 ibi.
775 628 950 667 Blondus
981 629 1028 668 de
1055 631 1182 669 Gestis
1202 633 1438 671 Venetorum
1456 634 1644 670 Alexium
1664 631 1770 671 huno
1812 677 1815 680 ¹

344 684 423 721 n'on
451 690 552 721 recte
575 684 885 734 protonotarium
910 685 1018 723 facit.
1075 685 1182 738 quod
1206 694 1336 725 tamen
1365 690 1610 726 amanuensis
1632 693 1701 726 aut
1714 689 1777 726 li·-v

344 739 462 776 brarii
490 739 678 778 mendtun
703 739 828 777 videri
849 747 996 792 potest,
1027 754 1115 779 cum
1143 742 1288 783 Decad.
1307 747 1335 785 2
1356 745 1426 782 lib.
1448 747 1472 786 6
1498 745 1610 782 aliter
1629 745 1700 794 sit,
1729 749 1777 783 et'

339 802 479 846 protea
481 797 677 832 estiariam
695 795 835 833 diserte
855 798 1044 847 legamus.
1100 798 1260 837 DOUSA.

362 858 365 860 “
454 849 508 887 ib.
530 864 566 888 v.
587 851 652 891 16.
707 852 873 890 Alexius
899 854 1192 903 cognominatus
1219 845 1502 904 Mart-saphim*
1527 855 1673 892 Graeco
1694 861 1769 891 vo-

346 906 481 943 cabulo
506 907 553 943 ob
577 907 780 944 coniuncta
807 914 845 944 et
871 909 993 945 veluti
1012 910 1133 947 oculis
1156 911 1402 956 imminentia
1421 910 1642 980 supercilia.
1696 910 1777 947 Ni«

345 968 447 999 oetas
466 963 507 998 in
525 964 670 999 Isaaoio
689 963 843 1032 ¹Angelo
866 970 903 1000 et
922 965 1062 1002 Alexio
1086 966 1138 1002 F:
1169 962 1288 1017 μόνος
1309 961 1350 1005 δ’
1369 965 1412 1005 ἐκ
1431 961 1594 1005 πάντων
1616 963 1640 1005 o‘
1662 960 1770 1005 Δού-

342 1033 415 1064 κας
448 1013 635 1067 Ἀλέξιος,
675 1016 720 1066 ὃς
758 1019 800 1058 ἐκ
832 1021 903 1059 τοῦ
928 1023 1200 1060 συνεστιᾶσθαι
1225 1036 1293 1067 τας
1324 1016 1453 1071 ὀφρῦς
1479 1019 1547 1060 καὶ
1575 1016 1663 1060 οἷον
1687 1023 1770 1071 τοῖς

343 1073 571 1123 ὀφθαλμοῖς
625 1072 909 1125 ἐπικρέμασθαι
959 1073 1057 1127 ποός
1104 1091 1183 1116 των
1225 1072 1465 1128 συνεφήβων
1516 1071 1770 1127 ἐπωνόμαστο

343 1124 668 1179 Μούρτζουφλος.
723 1130 822 1166 forte
864 1126 1148 1182 Μούρτυφλος.
1202 1133 1309 1168 varie
1350 1138 1482 1167 autem
1513 1129 1590 1168 hoc
1623 1142 1770 1168 nomen

343 1182 446 1234 apud
464 1182 667 1223 historicos
686 1185 806 1235 vulgo
827 1187 1052 1236 concipitur.
1109 1188 1151 1223 in
1171 1187 1333 1238 epistola
1346 1184 1559 1222 Balduini‘
1547 1198 1644 1236 imp.
1664 1184 1771 1237 apud

342 1238 599 1277 Godefridum
627 1239 864 1277 Monachum
892 1242 1161 1291 Morclzuflus,
1190 1241 1294 1307 apud
1316 1243 1565 1279 vincentium
1586 1241 1779 1278 Bellon--

342 1307 498 1331 oensem
530 1295 793 1344 Mor-calphos
821 1303 858 1332 et
884 1297 1168 1346 Marc-alphus,
1198 1303 1236 1333 et
1258 1298 1312 1333 sic
1328 1297 1370 1332 in
1390 1295 1570 1333 chronico
1587 1295 1772 1336 Attissio-

341 1349 508 1387 dorensi.
565 1350 717 1387 Blondo
750 1349 798 1387 de
827 1352 953 1388 Gestis
979 1354 1216 1391 Venetorum
1242 1358 1301 1389 est
1322 1352 1532 1396 Emit-tilae,
1563 1351 1770 1403 eidemque

339 1404 485 1442 Decad.
510 1408 536 1445 2
563 1406 631 1442 lib.
657 1409 681 1447 6
713 1406 924 1452 Mutilus,
954 1408 1062 1444 velut
1087 1407 1215 1458 aliqui
1237 1407 1383 1444 habent
1406 1408 1625 1457 scriptores,
1654 1409 1771 1444 Mor-

342 1460 519 1510 diuisus,
548 1462 670 1498 Paulo
690 1463 859 1499 Aemilio
880 1463 1055 1513 Myrtilis·
1070 1463 1134 1501 vel
1152 1463 1436 1513 Mcrzuplilzcs,
1465 1461 1663 1500 Gunthero
1679 1464 1770 1500 Μο-

338 1515 463 1559 nacho
494 1518 536 1552 in
557 1518 727 1555 Historia
749 1518 954 1571 Cpolitana
973 1518 1215 1570 Murtiplzlo,
1247 1532 1336 1556 cum
1360 1520 1700 1570 interpretamento
1726 1517 1778 1556 id*

340 1573 485 1622 estflos
503 1585 567 1608 cor
568 1572 640 1609 dis,
699 1574 860 1611 DOUSA.

448 1626 501 1666 ib
529 1640 566 1664 v
588 1631 654 1668 20.
713 1625 912 1681 βούλευμα
933 1628 1096 1670 ἐπαίνου
1101 1626 1258 1697 ὄὲξιον]
1297 1642 1385 1667 cum
1412 1642 1483 1680 pro
1508 1627 1570 1666 his
1598 1629 1642 1666 in
1671 1640 1768 1679 apo-

338 1681 517 1732 grapho
506 1696 591 1733 1pso
609 1685 650 1720 in
667 1691 853 1722 contextu
872 1686 1066 1735 legeretur
1087 1680 1289 1736 οῗτόπημα,
1320 1684 1426 1736 quod
1443 1697 1515 1722 nos
1531 1686 1574 1721 in
1589 1685 1768 1722 versione

338 1739 494 1789 sequuti
521 1751 674 1786 sumus,
705 1739 960 1792 additumque
991 1742 1033 1778 in
1061 1742 1238 1790 margine
1261 1747 1361 1778 esset
1382 1736 1582 1792 βουλευμα
1603 1738 1769 1779 ἐπαίνου

338 1791 473 1841 α’ξιον,
505 1793 611 1845 quod
629 1793 784 1833 videtur
805 1796 986 1833 Graeculi
1008 1795 1210 1833 cuiusdam
1227 1797 1309 1833 sive
1334 1795 1505 1833 hominis
1525 1796 1641 1832 otiosi
1660 1807 1770 1832 com-

335 1856 532 1897 mentiun,
563 1848 604 1886 id
632 1851 763 1901 ipsum
791 1865 996 1903 perperam
1024 1853 1066 1888 iu
1095 1858 1322 1889 contextum
1348 1852 1395 1888 ab
1421 1852 1547 1902 operis
1570 1857 1769 1901 receptum

337 1910 410 1942 est.
468 1904 573 1961 qnod
590 1909 783 1943 monitum
802 1909 930 1955 volui,
960 1908 1101 1955 lector,
1130 1909 1284 1944 nescius
1303 1920 1354 1944 ne
1377 1920 1494 1944 esses.
1550 1908 1710 1943 ΙουεΑ.

446 1973 485 2010 p-
510 1963 535 2000 9
565 1974 602 1998 v.
626 1963 665 2001 8.
723 1958 849 2013 ἕαλω]
878 1976 928 2000 ne
950 1970 1150 2013 tantopere
1175 1962 1418 1999 decantatam
1438 1963 1618 2014 Byzantii
1641 1973 1768 2011 oppu-

336 2016 564 2064 gnationem
592 2019 925 2068 expugnationem
946 2026 983 2055 et
1006 2017 1205 2058 excidium
1233 2031 1312 2055 non
1333 2020 1416 2055 sine
1435 2017 1564 2055 taedio
1585 2018 1767 2054 concina-

336 2082 438 2118 mus,
468 2070 558 2127 vide
579 2080 753 2110 auctores
774 2076 840 2125 qui
863 2073 910 2111 de
934 2087 978 2111 ea
997 2075 1205 2125 scripsere,
1235 2075 1335 2111 inter
1355 2075 1451 2110 alios
1470 2074 1667 2119 Nicetam‚
1698 2072 1767 2123 qui

335 2125 422 2161 fuse
444 2133 482 2162 et
501 2122 579 2163 non
598 2130 680 2165 sine
697 2130 880 2180 lacrymis
904 2130 1106 2169 oculatus
1096 2143 1179 2180 lpse
1197 2131 1307 2166 testis
1325 2130 1582 2180 prosequitur.
1637 2129 1767 2165 Doro-

336 2178 450 2217 theus
473 2183 849 2225 Monembasiensis
839 2198 880 2221 m
900 2187 1060 2252 synopsi
1080 2187 1362 2222 Historiarum.
1389 2183 1456 2224 καὶ
1484 2181 1571 2223 τότε
1599 2182 1766 2222 ἔστειλεν

337 2251 358 2275 ο
372 2234 605 2286 βασιλεῦς”
576 2253 664 2303 ητοι
682 2254 701 2278 ο
725 2240 849 2292 ῤ’ῆγας
867 2243 938 2291 τῆς
958 2236 1160 2307 Φραντζας
1178 2237 1382 2292 γράμματα
1404 2254 1453 2278 να
1474 2241 1596 2278 πᾶσιν
1618 2238 1672 2284 εἰς
1690 2235 1766 2290 τήν

336 2288 777 2363 Κωιέσταντινούπολιν,
807 2295 872 2334 καὶ
892 2311 942 2335 να
963 2291 1149 2347 αφήσουν
1166 2312 1208 2335 το
1227 2296 1361 2345 ταξίὸη
1380 2297 1459 2333 τῶν
1474 2292 1766 2345 Ἱεροσολύμων.

335 2360 403 2385 και
425 2345 507 2397 ε’τζη
528 2346 677 2400 ἔπῆγαν
695 2349 750 2396 εἰς
770 2347 844 2400 τήν
863 2348 1282 2393 Κωνσταντινούπολιν
1311 2349 1376 2390 καὶ
1405 2346 1571 2401 εὕγαλαν
1591 2364 1638 2388 τα
1660 2364 1766 2398 ‹pov-

337 2413 438 2440 σαι-α
468 2405 539 2452 τῆς
563 2406 746 2471 στερεᾶς,
786 2404 852 2444 καὶ
879 2404 926 2444 τοὶ
955 2403 1121 2457 κάτεργα
1147 2409 1225 2445 τῶν
1253 2405 1466 2445 Βενετίκων
1494 2407 1567 2445 τοῦ
1593 2400 1764 2470 πελαγου

338 2453 468 2504 οἷπέξω
497 2453 573 2497 από
598 2456 646 2498 τοὶ
670 2463 823 2510 τοιχεῖα.
878 2459 945 2500 καὶ
975 2460 1126 2501 ἔδωκαν
1153 2460 1274 2514 μέγαν
1292 2457 1464 2511 πόλεμον
1487 2460 1552 2500 καὶ
1576 2456 1763 2512 φοβερόν,

336 2511 402 2550 καὶ
432 2510 479 2562 μὲ
509 2517 594 2559 ταῖς
624 2511 892 2569 λουμποῖρδαις
922 2515 1067 2567 ε’καμαν
1107 2517 1352 2583 χαλαστρίαις
1389 2531 1436 2554 τα
1473 2530 1658 2567 κατεργα,
1695 2514 1765 2554 καὶ

335 2566 515 2633 ἐμπηκαν
542 2569 582 2608 οἱ
603 2570 799 2612 Βενέτικοι
829 2570 883 2616 εἷς
905 2568 976 2621 τήν
995 2568 1106 2610 πόλιν
1127 2587 1261 2623 πρωτα
1281 2567 1359 2613 nino*
1379 2568 1470 2617 τούς
1490 2569 1641 2618 αλλους.
1696 2585 1763 2609 και

337 2618 424 2662 τότε
452 2623 631 2675 ἔμπῆκαν
658 2623 705 2664 τά
731 2622 912 2676 φουσατα
941 2643 986 2665 τα
1017 2623 1134 2675 ἅλλα,
1177 2626 1243 2666 καὶ
1272 2626 1413 2677 ἔβαλαν
1443 2626 1646 2677 παντιέρες
1674 2623 1765 2676 ἤτοι

335 2673 574 2731 φλᾶμπουρα
598 2681 652 2727 εἷς
672 2697 718 2722 τα
732 2686 903 2750 τοιχεῖα,
944 2683 1011 2722 καί
1043 2697 1089 2733 με
1124 2681 1304 2736 με)ᾰλαις
1330 2685 1466 2733 χαραῖς
1491 2682 1652 2729 ἔπαιξαν
1680 2684 1766 2727 ταῖς
1823 2710 1827 2714 -

336 2734 591 2801 τρουμπέταις
609 2735 674 2775 καὶ
695 2735 740 2775 τοὶ
762 2735 859 2776 ἄλλα
880 2739 1093 2790 παιγνίὸια
1124 2738 1190 2776 καὶ
1212 2737 1264 2783 ὥς
1282 2737 1511 2807 ἐκυρίευσαν
1530 2737 1571 2777 οἱ
1590 2731 1766 2788 Φραγκοι

335 2786 409 2840 τήν
430 2786 566 2842 πόλιν,
600 2790 818 2845 ἐγύρευσαν
834 2791 898 2834 τὸν
916 2792 1075 2846 βασιλέα
1094 2793 1160 2833 καὶ
1181 2791 1247 2833 ὁὲν
1263 2791 1330 2834 τὸν
1347 2808 1490 2847 ηυραν,
1543 2792 1675 2830 nullae
1702 2790 1766 2828 hic
