1872 3236
248 1513 279 1546 C

302 179 398 227 214
676 179 1048 232 CONSTANTINI
1080 180 1340 233 MANASSIS
1393 191 1398 200 “

435 293 525 336 οὐδὲ
544 290 737 346 λαμβάνει
757 291 989 348 πρόσωπον,
1025 293 1117 335 οὐδὲ
1139 295 1460 349 δωροληπτεῖται,

432 361 524 403 οὐδὲ
544 360 616 414 τὴν
637 359 933 417 περιπόρφυρον
942 359 1131 414 χλαμύδα
1153 361 1425 403 δυσωπεῖται.”

298 428 408 471 5005
431 428 530 484 πρὸς
547 428 676 470 ταῦθ’
695 426 722 483 ἡ
739 427 997 484 περιλάλητος
1014 429 1056 470 ἓν
1073 430 1247 484 γυναιξὶν
1267 429 1390 482 ἐκείνη

430 497 650 550 περιπαθὲς
671 494 877 549 οἶμῶξασα
895 498 960 538 καὶ
981 497 1104 550 με’σης
1123 498 1165 537 ἐκ
1184 497 1365 550 καρδιάς,

431 564 495 604 καὶ
520 564 855 619 δακρυσίστακτον
872 564 994 618 αὐτῆς
1009 563 1053 605 τὸ
1080 562 1291 619 πρόσωπον
1312 562 1475 615 θιμένη,

435 628 490 680 ὥς
507 628 629 686 κρήνη
646 648 705 680 τις
723 629 969 687 μελάνυδρος
985 629 1144 684 ὑψόθεν
1166 629 1269 672 κατὰ
1286 630 1432 685 πέτρας

432 697 501 738 τὸν
519 697 613 754 ῥοῦν
634 699 961 755 διακρουνίζουσα
981 702 1139 754 φλεβῶν
1155 699 1197 739 ἐκ
1216 698 1431 750 ναματίων,

296 762 406 806 5010
425 765 562 821 φωνὴν
581 766 783 822 ἐξέρρηξεν
801 764 975 822 οἰκτράν,
1009 767 1148 821 δεῖγμα
1166 769 1235 818 τῆς
1259 765 1369 806 ἔνδον
1390 762 1523 818 ζάλης.

439 830 622 875 ζτοιαῦτά
642 850 733 887 μοι,
760 832 964 887 θαυμάσιε
976 865 989 884 ,
1023 835 1110 889 περὶ
1130 838 1199 875 τοῦ
1216 833 1413 886 βασιλέως

430 902 495 941 καὶ
521 900 570 942 σὺ
590 903 656 942 καὶ
678 900 874 955 σύμπας-ὃ
893 901 1016 957 χορὸς
1033 900 1158 950 οὕτως
1180 901 1488 955 κατεπηγγέλλου
1502 897 1526 951 ς’

431 968 599 1010 ἐνταῦθ’
622 966 643 1009 ὃ
666 967 1006 1025 μελιχρόγλωττος
1024 967 1237 1017 Μεθόδιος
1259 966 1279 1008 ὃ
1299 973 1424 1017 θεῖος,

433 1035 662 1091 ἄγελαρχῶν
678 1040 750 1090 τῆς
771 1037 878 1093 ἱερᾶς
894 1038 1061 1090 ποίμνης
1079 1041 1150 1090 τῆς
1167 1036 1257 1085 νέας
1271 1033 1448 1088 εΡιόμης,

297 1100 406 1143 5015
430 1103 673 1158 ἐπιρραπίζει
688 1104 733 1146 τὸ
752 1103 853 1145 πολὺ
877 1109 949 1158 τῆς
968 1102 1117 1158 τόλμης
1142 1101 1388 1165 Θεοφάνους,

1527 897 1540 913 ἱ

429 1175 728 1226 παραμυθεῖται
751 1171 823 1225 τὴν
845 1172 970 1225 καλὴν
990 1173 1136 1225 ἐκείνην
1153 1172 1359 1225 βασιλίδα,

427 1237 523 1287 τοὺς
539 1242 618 1280 τῶν
641 1237 824 1294 δακρύων
849 1239 1009 1291 ὀχετοὺς
1033 1239 1221 1292 εὐτέχνως
1241 1235 1466 1287 ἀνακόπτει,

430 1304 680 1361 κατασιγάζει
699 1306 768 1349 τὸν
787 1306 919 1362 βαρὺν
942 1305 1125 1347 κλύδωνα
1145 1309 1217 1359 τῆς
1234 1305 1414 1361 καρδίας,

430 1371 572 1426 λόγους
588 1377 725 1427 ψυχῆς
744 1373 1013 1427 μαλακτικούς
1030 1371 1084 1422 ὥς
1103 1372 1236 1414 ἔλαιον
1258 1370 1470 1420 σταλάξας.

295 1439 405 1481 5020
472 1440 632 1494 ΖΠὲχρις
649 1441 722 1493 μὲν
746 1434 815 1480 οὖν
838 1437 858 1480 ὅ
884 1440 1073 1491 βασιλεὺς
1090 1435 1139 1491 ἦν
1162 1439 1217 1478 ἔτι
1239 1439 1513 1492 παιδαρίσκος,

432 1506 543 1562 αὐτῷ
560 1511 681 1560 συνῆν
699 1505 725 1561 ἦ
743 1508 903 1560 βασιλὶς
923 1508 988 1548 καὶ
1005 1503 1137 1560 μήτηρ
1167 1502 1360 1558 Θεοδιόρα

430 1575 495 1615 καὶ
519 1572 640 1616 πάντ’
664 1575 782 1616 ἐποίει
803 1576 939 1623 δεξιῶς
951 1605 964 1623 ,
1000 1571 1197 1614 ἰθύνουσα
1217 1572 1392 1624 κοσμίως
1431 1576 1433 1578 ’

426 1640 499 1694 τὴν
516 1645 613 1683 ναῦν
639 1641 710 1695 τὴν
726 1639 1027 1696 μεγαλόφορτον
1047 1644 1117 1693 τῆς
1136 1636 1538 1694 σκηπτροκρατοριάς.

430 1708 511 1749 ἐπεὶ
532 1708 573 1750 δ’
599 1710 654 1758 εἷς
676 1708 778 1762 ἥβην
799 1707 946 1761 ἤλασεν
968 1705 988 1749 ὃ
1013 1707 1186 1761 Μιχαὴλ
1207 1706 1383 1759 ἀκμαίαν

297 1772 404 1816 5025
430 1777 496 1816 καὶ
515 1774 637 1828 μόνος
660 1773 916 1831 ἒπεδράττετο
941 1773 1186 1830 πραγμάτων
1203 1770 1459 1827 τηλικούτων,

428 1841 557 1898 ἔργοις
572 1843 618 1884 τὸ
641 1841 917 1896 μυθευόμενον
931 1842 1072 1892 ἔδειξεν
1091 1840 1301 1896 ἀληθεύειν
1312 1854 1323 1865 ·

431 1908 487 1959 ὥς
505 1909 626 1959 ἄλλος
638 1910 714 1967 γὰρ
738 1908 972 1967 αὐτόχρημα
991 1909 1166 1952 Φαέθων
1186 1907 1383 1964 νηπιάζων

384 2026 474 2062 5003
497 2027 755 2072 δωροδοκεῒτοιι
773 2028 807 2063 R
907 2027 997 2062 5006
1016 2026 1234 2071 περιπαθῶς
1254 2025 1294 2061 Μ
1402 2025 1492 2061 6009
1509 2022 1564 2069 ἐκ]
1583 2024 1658 2059 τῶν
1675 2025 1739 2060 AR

387 2074 475 2106 5011
501 2071 546 2107 οὔ
569 2072 689 2107 ταῦτά
712 2073 752 2107 Μ
885 2073 975 2108 5014
995 2073 1131 2117 νεαρᾶς
1149 2074 1179 2107 Α
1313 2070 1403 2107 5017
1426 2068 1621 2115 ἀνακύψας
1637 2071 1676 2104 Μ

295 2182 360 2205 nec
382 2172 435 2205 vel
456 2185 638 2217 personam
669 2174 867 2218 cuiusquam
899 2173 1045 2219 respicit
1076 2174 1133 2208 vel
1160 2173 1356 2208 muneribus
1385 2171 1581 2216 corrupisse
1607 2172 1740 2216 patitur

293 2216 352 2249 vel
369 2228 575 2262 purpuream
603 2219 813 2262 chlamydem
838 2216 1054 2254 reveretur.”
1109 2220 1153 2253 ad
1184 2231 1226 2253 ea
1248 2220 1356 2253 verba
1374 2217 1608 2251 laudatissima
1628 2217 1738 2261 impe—

295 2261 406 2294 ratrix
431 2262 558 2297 eiulatu
583 2275 627 2297 ex
657 2263 777 2297 intimo
810 2266 914 2298 corde
946 2265 1080 2298 sublato
1113 2276 1230 2298 vocem
1256 2264 1343 2297 hanc
1365 2262 1594 2297 miserabilem
1617 2262 1738 2305 edidit,

294 2304 424 2339 interni
447 2307 574 2341 doloris
598 2313 740 2352 testem,
773 2305 959 2343 “haeccine
992 2310 1094 2352 mihi,
1127 2309 1182 2342 vir
1205 2309 1421 2351 admirande,
1453 2313 1559 2350 tuque
1577 2312 1738 2352 totusque

295 2356 414 2384 coetus
439 2352 494 2386 hic
522 2354 565 2386 de
593 2353 801 2397 imperatore
829 2366 905 2387 meo
931 2355 1014 2388 mihi
1041 2354 1185 2398 polliciti
1209 2354 1293 2387 estis
1305 2351 1353 2387 2”
1390 2352 1441 2387 ibi
1462 2351 1599 2386 divinus
1624 2358 1660 2386 et
1671 2360 1740 2388 'ore

294 2395 415 2429 melleo
439 2397 616 2442 praeditus
633 2398 690 2431 ille
708 2399 919 2442 Methodius,
943 2401 1002 2443 qui
1022 2404 1103 2433 tunc
1127 2400 1217 2443 apud
1238 2399 1378 2432 Romam
1400 2409 1523 2431 novam
1546 2397 1636 2431 sacri
1656 2409 1736 2442 gre-

294 2441 349 2484 gis
372 2449 493 2485 pastor
518 2447 612 2486 erat,
636 2443 740 2477 nimia
762 2444 986 2487 Theophanis
1005 2444 1148 2478 audacia
1173 2444 1372 2488 ferociaque
1392 2443 1602 2487 reprehensa
1635 2454 1739 2487 prae-

295 2485 420 2519 claram
442 2487 693 2532 imperatricem
716 2488 931 2531 consolatur,
956 2495 1031 2522 arte
1049 2490 1142 2523 rivos
1167 2489 1379 2522 lacrimarum
1403 2486 1574 2531 obstruit,
1598 2499 1738 2532 gravem

296 2531 411 2565 cordis
443 2538 681 2577 tempestatem
709 2534 830 2578 sedat,
874 2534 1123 2568 emollientibus
1149 2534 1296 2568 animum
1328 2533 1446 2568 verbis
1471 2539 1631 2578 tanquam
1661 2533 1738 2567 oleo

295 2578 442 2620 quodam
466 2577 652 2612 instillatis.
1644 2603 1646 2606 ψ

387 2623 570 2656 Caeterum
593 2623 752 2668 quamdiu
772 2635 859 2668 puer
883 2628 958 2658 erat
979 2623 1188 2668 imperator,
1219 2629 1360 2658 matrem
1384 2624 1603 2657 Theodoram
1623 2634 1737 2657 secum

294 2665 469 2710 habebat,
493 2678 581 2712 quae
604 2669 716 2703 omnia
730 2670 851 2703 dextre
874 2671 1020 2714 gerebat
1041 2669 1287 2713 imperiumque
1317 2669 1492 2713 praeclare
1521 2669 1736 2702 administra-

295 2710 369 2745 bat.
416 2724 533 2746 verum
555 2713 615 2747 ubi
637 2714 825 2748 Michaelus
855 2719 1017 2748 maturam
1049 2715 1090 2748 ad
1124 2719 1270 2748 aetatem
1289 2715 1471 2759 pervenit,
1494 2714 1628 2758 iamque
1646 2711 1737 2746 solus

294 2756 547 2801 amplitudinem
575 2760 788 2803 negotiorum
819 2759 956 2804 imperii
995 2771 1181 2805 procurare
1209 2759 1342 2804 coepit,
1374 2771 1497 2804 reapse
1519 2770 1636 2792 verum
1655 2757 1737 2790 illud

295 2802 458 2846 probavit
480 2815 556 2837 esse
581 2805 671 2847 quod
705 2811 760 2839 est
780 2805 815 2839 in
833 2805 971 2839 fabulis.
1018 2805 1146 2849 quippe
1168 2816 1244 2839 mox
1277 2810 1315 2839 ut
1335 2805 1422 2839 alter
1443 2805 1578 2850 quidam
1601 2802 1737 2836 iuvenis
