1924 3242
341 180 405 229 48
949 183 1129 229 IOELIS

337 294 487 338 ἀνελών
508 292 577 338 τὸν
594 294 718 338 αὐτοῦ
734 291 899 354 πατέρα.
934 295 1085 354 ἐκλήθη
1111 299 1155 342 δὲ·
1174 295 1429 355 Πωγωνᾶτος
1449 298 1516 342 διὰ
1536 298 1581 343 τὸ
1603 299 1775 357 ἀγένειον

337 364 526 406 ἀπελθεῖν
548 365 603 414 εἷς
619 358 809 407 ’Σικελίαν
840 365 902 406 ἐπὶ
932 366 1004 422 τὴν
1027 371 1100 410 τοῦ
1118 367 1269 424 πατρὸς
1296 368 1493 422 ἐκδίκησιν
1517 369 1584 410 καὶ
1608 369 1772 411 ἐπανελ-

335 436 426 474 θεῖν
449 431 552 485 μετὰ
578 429 776 487 πώγωνος.
845 432 939 484 τοὺς
969 434 1012 476 δὲ
1043 433 1114 476 δύο
1148 435 1348 492 ἀδελφοὺς
1381 435 1506 477 αὐτοῦ
1533 433 1772 493 Ἠράκλειον

334 501 400 541 καὶ
432 499 619 555 Τιβέριον
654 497 930 556 ἓρινοτόμησεν
962 500 1017 552 ὥς
1046 501 1123 544 ῦπὸ
1158 507 1231 545 τοῦ
1261 505 1364 544 λαοῦ
1397 502 1770 560 ἀναγορευομὲνους,

331 567 458 608 αὐτοῦ
483 571 600 608 τοῦτο
631 567 689 622 μὴ
715 569 917 620 θέλοντος.
986 569 1125 625 ἴστεψε
1155 571 1198 612 δὲ
1221 570 1498 613 Ἰουστινιανόν
1526 570 1614 612 υἶὸν
1645 570 1772 614 αὐτοῦ
1780 576 1802 612 5

327 632 634 688 συμβασιλεύειν
668 636 789 693 αὐτῷ.
858 637 898 679 ἓν
937 638 980 679 δὲ
1020 643 1077 696 τῷ
1111 637 1159 693 ιγ’
1195 637 1270 680 ἔτει
1302 642 1374 692 τῆς
1409 637 1534 680 αὐτοῦ
1564 638 1772 692 βασιλείας

326 699 495 744 σύνοδον
526 704 798 759 οἶκουμενικὴν
829 705 869 753 ,ἒν
892 703 1307 748 Κωνσταντινουπόλει
1340 704 1580 762 συνήθροισε
1604 710 1684 748 τῶν
1710 704 1770 762 ρο’

327 767 449 825 ἆγίων
467 771 648 828 πατέρων
672 772 775 814 κατὰ
803 771 1016 830 Θεοδώρου
1040 778 1112 828 τῆς
1137 774 1282 831 Φαρὰν
1302 771 1516 816 ἐπισκόπου
1528 805 1541 825 ,
1576 771 1770 831 εΟνωρΙου

271 835 477 891 ΒῬώμης
504 840 571 880 καὶ
602 838 743 895 Κύρου
769 840 1087 898 Ἀλεξανδρείας,
1139 843 1305 898 Σεργίου
1337 858 1378 883 τε
1411 842 1479 883 καὶ
1499 838 1671 898 Πύρρου
1702 841 1769 884 καὶ

325 903 496 947 Παύλου
526 908 593 948 καὶ
623 908 783 963 Πέτρου
814 907 1271 959 Κωνσταντινουπόλεως
1303 907 1518 965 γεγονότων
1546 906 1770 952 ἐπισκόπων
1780 914 1825 949 10

326 974 392 1015 καὶ
414 973 516 1015 καθ’
541 973 684 1032 ἑτέρων
704 973 894 1030 λεγόντων
912 974 955 1019 ’ἐν
975 977 1136 1031 θέλημα
1158 979 1224 1019 καὶ
1241 978 1338 1031 μίαν
1358 977 1553 1033 ἐνέργειαν
1575 976 1679 1019 κατὰ
1696 981 1770 1019 τοῦ

325 1045 505 1097 σωτῆρος
525 1039 638 1096 ἡμῶν
659 1045 864 1101 Χριστοῦ,
909 1046 975 1086 καὶ
997 1045 1330 1099 ἀναθεματίσασα
1353 1043 1574 1101 ἓξεφώνησε
1599 1042 1671 1086 δύο
1691 1047 1767 1086 θε-ν

323 1106 486 1163 λήματα
504 1109 655 1165 φυσικὰ
677 1110 799 1165 ἤγουν
820 1111 1005 1166 θελήσεις
1028 1115 1094 1154 καὶ
1111 1111 1183 1154 δύο
1205 1112 1378 1170 φυσικὰς
1399 1113 1593 1168 ἐνεργείας
1610 1111 1674 1154 ἐπὶ
1695 1115 1768 1154 τοῦ

323 1174 411 1226 ἑνὸς
426 1179 612 1233 Χριστοῦ
631 1182 703 1220 τοῦ
722 1182 824 1220 θεοῦ
843 1177 958 1234 ἡμῶν
979 1181 1288 1223 ἐπιδείκνυσθαι.
1314 1178 1335 1221 ὃ
1359 1180 1402 1221 δὲ
1419 1178 1610 1233 βασιλεὺς
1625 1180 1765 1222 δυσεν-

320 1245 431 1303 τερίᾳ
454 1246 627 1300 ληφθεὶς
650 1245 815 1299 ἅπεβίω.
1760 1254 1819 1302 ,15

454 1312 578 1354 Μετὰ
602 1313 645 1354 δὲ
665 1313 968 1354 Κωνσταντῖνον
997 1313 1251 1367 ἐβασίλευσεν
1270 1310 1548 1363 ’Ῑουστινιανὸς
1576 1311 1663 1363 υἱὸς
1689 1311 1764 1354 αὗ-

318 1381 393 1420 τοῦ
410 1376 476 1432 ἴτη
498 1377 538 1431 ι’,
573 1378 618 1429 ὃς
642 1379 712 1421 τὸν
737 1379 1018 1422 Ἰουστινιανοῦ
1039 1379 1250 1436 λεγόμενον
1270 1381 1466 1437 τρίκλινον
1489 1380 1530 1422 ἓν
1550 1384 1609 1438 τῷ
1630 1384 1764 1422 παλα-

313 1446 386 1502 ’τίῳ
409 1445 569 1489 ἔκτισεν.
637 1444 803 1505 ὕστερον
826 1448 870 1489 δὲ
891 1445 968 1490 ὑπὸ
990 1450 1189 1491 Λεοντίου
1210 1447 1466 1506 ῥινοτμηθεὶς
1496 1448 1697 1506 ἐξωρίσθη
1722 1447 1765 1490 ἓν

312 1515 513 1570 Χερσῶνι.

259 1579 290 1615 C
446 1581 572 1624 Μετὰ
602 1582 645 1624 δὲ
661 1581 938 1625 Ἰουστινιανὸν
966 1584 1196 1638 ἐβασίλευσε
1219 1580 1416 1632 Λεόντιος
1444 1581 1511 1637 ἴτη
1539 1580 1590 1637 γ’,
1625 1580 1670 1632 ὃς
1691 1582 1816 1637 τὸνέρ

311 1650 518 1705 πατρίκιον
544 1648 739 1704 Ἰωάννην
767 1651 870 1704 μετὰ
886 1649 1110 1705 Ῥωμαϊκοῦ
1140 1649 1284 1693 στόλου
1310 1650 1414 1692 κατὰ
1435 1654 1514 1692 τῶν
1531 1650 1759 1706 Ἀγαρηνῶν

310 1717 497 1770 ἐκπέμπει
527 1718 568 1758 ἐν
596 1717 787 1774 Ἀφρικῇ·
835 1717 881 1768 ὃς
913 1719 1009 1769 τοῦς
1039 1718 1212 1775 ἐχθροὺς
1241 1715 1550 1774 τροπωσάμενος
1583 1718 1651 1759 καὶ
1686 1717 1759 1772 τὴν

302 1783 497 1840 Ἀφρικὴν
525 1784 801 1841 ἐλευθερώσας
833 1788 888 1836 εἷς
911 1788 1089 1840 ’βασιλέα
1120 1783 1341 1842 ἐπορεύετο.
1409 1785 1505 1826 ἀλλ’
1541 1782 1562 1827 ὃ
1587 1784 1758 1842 στρατὸς

308 1849 387 1894 ὑπὸ
408 1856 488 1895 τῶν
512 1854 623 1894 ἰδίων
644 1851 847 1910 ἀρχόντων
869 1856 924 1904 εἷς
953 1855 1105 1909 βουλὴν
1135 1852 1312 1909 πονηρὰν
1343 1853 1568 1909 ἕκτραπείς,
1603 1854 1668 1895 καὶ
1689 1852 1757 1895 τὸν

309 2028 363 2059 est
378 2026 592 2071 Pogonatus,
627 2028 716 2073 quod
735 2027 895 2063 imberbis
911 2028 955 2062 ad
970 2027 1194 2062 ulciscendam
1209 2039 1324 2063 necem
1339 2027 1446 2074 patris
1460 2026 1495 2060 in
1511 2025 1656 2060 Siciliam
1670 2036 1753 2071 pro-

308 2073 419 2106 fectus
435 2073 603 2117 promissa
618 2074 725 2108 barba
739 2074 889 2108 redierit.
937 2074 1021 2107 duos
1034 2074 1170 2116 fratres,
1192 2077 1349 2119 tanquam
1368 2084 1428 2107 eos
1445 2070 1503 2125 qui
1517 2082 1539 2105 a
1553 2071 1675 2116 populo
1688 2070 1751 2105 im-

308 2122 486 2162 peratores
502 2130 541 2152 eo
557 2119 726 2153 abnuente
740 2120 1047 2164 proclamarentur‚
1071 2130 1151 2152 naso
1167 2119 1346 2161 mutilavit,
1370 2122 1405 2152 et
1416 2117 1521 2151 filmm
1534 2115 1752 2150 lastinianum

309 2173 435 2195 corona
449 2163 707 2208 condecoravit,
739 2169 778 2198 ut
799 2165 896 2199 simul
923 2175 995 2199 cum
1019 2176 1059 2199 eo
1077 2164 1270 2209 imperaret.
1316 2174 1403 2197 anno
1418 2162 1546 2196 decimo
1562 2161 1664 2196 tertio
1679 2160 1752 2195 eius

306 2207 439 2252 imperii
453 2210 621 2253 generalis
637 2210 782 2254 synodus
798 2211 887 2256 apud
902 2210 1035 2255 Cpolim
1051 2212 1117 2246 170
1141 2214 1274 2255 patrum
1295 2211 1502 2253 congregata
1522 2210 1575 2241 est
1589 2207 1750 2242 adversus

307 2251 524 2287 Theodorum
539 2255 731 2288 Pharanum
747 2256 861 2301 episco
887 2266 958 2297 um,
982 2254 1169 2289 Honorium
1185 2255 1382 2297 Romanum,
1408 2255 1534 2297 Cyrum
1549 2251 1750 2286 Alexandri-

305 2307 402 2339 num,
434 2299 589 2342 Sergium
610 2301 776 2343 Pyrrhum
792 2302 861 2334 Pau
877 2312 930 2334 um
945 2304 980 2334 et
992 2301 1131 2334 Petrum
1149 2300 1363 2346 cpolitanos,
1387 2297 1554 2342 aliosque,
1577 2299 1636 2342 qui
1651 2307 1749 2331 unam

304 2342 339 2375 in
354 2342 491 2376 Christo
507 2344 713 2378 voluntatem
729 2349 830 2390 atque
847 2346 1074 2391 operationem
1089 2346 1301 2379 affirmabant
1311 2372 1321 2389 ‚
1362 2354 1447 2389 quos
1472 2343 1682 2376 anathemate
1695 2343 1748 2376 fe-

304 2386 363 2421 riit
375 2413 386 2430 ‚
421 2387 571 2434 duasque
594 2390 760 2424 naturales
785 2391 978 2425 voluntates
1001 2395 1037 2424 et
1060 2391 1144 2425 duas
1175 2390 1345 2424 naturales
1375 2387 1585 2435 operationes
1615 2388 1651 2421 in
1680 2398 1747 2422 uno

304 2432 441 2467 Christo
471 2434 535 2467 deo
566 2438 682 2469 nostro
714 2446 788 2470 esse
815 2436 1103 2481 demonstrarique
1130 2435 1328 2482 publicavit.
1373 2435 1556 2480 imperator
1581 2433 1747 2468 viscerum

302 2479 420 2513 morbo
441 2483 619 2525 correptus
635 2480 774 2514 animam
795 2481 975 2515 exhalavit.

391 2536 478 2569 Post
501 2536 759 2571 Constantinum
788 2537 961 2583 imperium
990 2537 1234 2572 administravit
1256 2536 1457 2572 lastinianus
1484 2545 1604 2570 annum
1634 2545 1745 2569 unum.

301 2580 478 2615 triclinium
494 2582 584 2627 quod
599 2583 719 2616 dicitur
734 2583 904 2617 Iustiniani
919 2582 951 2617 in
968 2583 1093 2629 palatio
1110 2581 1266 2617 condidit.
1305 2582 1438 2617 taudem
1453 2592 1474 2615 a
1488 2581 1630 2616 Leontio
1644 2591 1747 2626 prae-

302 2626 379 2660 cisis
394 2626 531 2662 naribus
548 2628 751 2663 chersonem
767 2629 871 2663 solum
889 2632 1026 2663 vertere
1041 2628 1182 2673 cogitur.
1764 2642 1766 2646 ’

390 2684 476 2719 Post
490 2684 708 2719 Iustinianum
723 2685 886 2719 Leontius
901 2685 1040 2731 imperio
1058 2684 1205 2730 praefuit
1220 2694 1323 2718 annos
1337 2686 1418 2719 tres.
1463 2684 1622 2718 Ioannem
1636 2681 1744 2728 patri-

301 2727 387 2763 cium
401 2740 474 2764 cnm
490 2730 716 2764 Romanorum
731 2731 839 2766 classe
853 2730 1014 2766 adversus
1030 2731 1203 2774 Agarenos
1217 2730 1251 2763 in
1265 2730 1410 2764 Africam
1425 2729 1539 2772 mittit,
1564 2730 1620 2774 qui
1636 2726 1742 2762 hosti-

299 2774 364 2810 bus
387 2775 470 2810 fusis
495 2775 679 2820 Africaque
710 2777 743 2810 in
765 2777 952 2811 libertatem
977 2776 1143 2810 vindicata
1166 2775 1273 2810 redux
1295 2786 1368 2808 sese
1390 2775 1521 2809 domum
1545 2772 1741 2820 recipiebat.

299 2820 360 2854 sed
382 2821 550 2856 exercitus
573 2822 660 2857 malo
684 2822 862 2868 primatum
887 2821 1023 2857 consilio
1050 2821 1083 2855 in
1102 2821 1244 2856 animum
1260 2821 1402 2856 solutum
1416 2831 1457 2854 ac
1471 2819 1610 2855 liberum
1626 2827 1743 2854 versus
