1924 3242
295 153 362 201 40
838 153 840 155 ’
915 154 1097 199 IOELIS

295 272 346 326 τῇ
368 266 542 324 ἀνατολῇ
559 266 627 309 τὸν
637 263 845 323 Ἀρκάδων
863 268 1078 324 προσέταξε
1102 267 1173 321 τὴν
1190 268 1493 324 παραδοθεῖσαν
1521 265 1632 324 αὗτῷ
1654 270 1736 322 βα-

295 334 444 379 σιλείαν
469 332 703 392 φυλάττειν,
741 331 932 392 Ὃνῶριον
966 336 1009 378 δὲ
1037 339 1087 392 τῇ
1117 335 1241 379 αὐτοῦ
1272 333 1444 390 τιμήσας
1463 334 1556 394 ἀξίᾳ
1579 335 1640 377 ἐπὶ
1662 335 1735 390 τὴν

293 409 365 459 τῆς
393 401 543 451 δύσεως
575 402 782 455 βασιλείαν
816 404 948 446 ἐλθεῖν
979 404 1131 458 ταχέως
1163 403 1413 460 προσέταξεν.
1488 400 1662 445 ἐλθόντα
1692 402 1736 446 δὲ

243 475 273 510 C
297 471 419 514 αὐτὸν
440 467 722 526 περιεπτύξατο
742 473 809 513 καὶ
831 471 1035 528 ἐφίλησεν,
1079 473 1144 513 καὶ
1164 470 1215 512 τὰ
1236 474 1307 525 τῆς
1325 471 1532 524 βασιλείας
1553 474 1736 529 σκῆπτρα

293 543 365 593 τῆς
398 535 548 587 δύσεως
576 539 873 595 παραδεδωκὼς
905 539 1013 596 αὐτῷ
1044 538 1164 588 αὖτὸς
1197 539 1252 588 εἷς
1274 538 1342 580 τὸν
1364 539 1549 592 βελτίονα
1567 538 1768 594 μετέστηό

289 607 392 659 βίον,
422 605 484 648 ἐπὶ
508 603 555 656 ιζ’
577 606 779 657 ἐνιαυτοὺς
800 607 871 662 τὴν
888 607 1095 661 βασιλείαν
1113 606 1286 660 εὐτυχῶς
1304 604 1521 659 διοικήσας.

425 673 549 716 Μετὰ
572 674 615 715 δὲ
639 673 854 718 Θεοδόσιον
875 676 1128 729 ἐβασίλευσεν
1143 672 1351 730 Ἀρκάδιος
1373 672 1393 715 ὅ
1413 673 1502 724 υἱὸς
1523 671 1649 715 αὐτοῦ’
1669 670 1736 726 ἔτη

291 738 370 795 κβ’,
405 738 450 791 ὃς
471 740 539 783 τὸν
562 743 673 783 κίονα
695 747 767 784 τοῦ
787 740 1037 800 Ξηρολάφου
1057 739 1207 797 στήσας
1229 741 1270 783 ἕν
1292 741 1402 799 αὐτῷ
1423 734 1643 797 καθίδρυσε
1668 739 1738 782 τὸν

291 807 436 851 ἑαυτοῦ
458 807 696 866 ἀνδριάντα,
743 812 810 852 καὶ
840 809 954 852 πόλιν
984 811 1024 852 ἓν
1054 814 1104 867 τῇ
1137 807 1280 868 Θρᾴκῃ
1313 811 1449 859 κτίσας
1482 805 1738 862 ἐπωνόμασεν

283 874 635 933 Ἀρκαδιούπολιν,
677 874 740 920 ὅτε
769 880 836 920 καὶ
868 879 1093 934 Νεκταριόυ
1130 874 1437 932 τελευτήσαντος
1468 879 1581 932 κοινῇ
1606 873 1737 935 ψήφῳ
1750 881 1794 919 10

284 942 494 1001 Ἀρκάδως
528 945 571 986 ἐκ
601 948 672 999 τῆς
695 945 925 1001 Ἀντιοχέων
959 944 1112 996 πόλεως
1129 943 1316 1000 Ἰωάννην
1347 945 1417 987 τὸν
1442 941 1739 1000 Χρυσόστομον

287 1004 643 1066 μεταστειλάμενος
673 1018 1008 1071 χειροτονηθῆναι
1039 1011 1334 1070 παρεσκεύασεν
1375 1013 1587 1055 ἐπίσκοπον
1617 1012 1738 1053 Κων-

288 1077 661 1129 σταντινουπόλεως.

235 1155 267 1190 D
312 1193 314 1195 ,
424 1148 550 1190 Μετὰ
584 1148 627 1189 δὲ
653 1144 864 1205 Ἀρκάδων
896 1147 1126 1201 ἐβασίλευσε
1165 1143 1383 1196 Θεοδόσιος
1416 1145 1504 1196 υἱὸς
1536 1144 1661 1188 αὐτοῦ
1670 1177 1683 1198 ,
1716 1143 1739 1187 ὅ

290 1216 357 1256 καὶ
380 1213 693 1270 Καλλιγράφος,
736 1214 802 1269 ἔτη
826 1213 904 1267 λβ’,
948 1213 992 1263 ὃς
1021 1214 1089 1255 τὸν
1112 1214 1152 1254 ἐν
1172 1220 1255 1262 τοῖς
1274 1214 1621 1269 Χαλκοπρατείοις
1643 1211 1739 1255 ναὸν
1751 1215 1793 1252 15

289 1281 416 1324 ἔκτισε
439 1286 511 1335 τῆς
535 1279 730 1323 θεοτόκου
741 1313 755 1333 ,
795 1279 988 1337 πρότερον
1011 1279 1107 1322 ι’)’ντα
1130 1279 1364 1335 συναγωγὴν
1382 1279 1599 1322 Ἰουδαίων.
1667 1280 1737 1338 ἐφ’

289 1343 338 1390 οὗ
359 1350 425 1390 καὶ
449 1348 487 1389 οἳ
511 1349 551 1390 ἓν
568 1349 724 1405 Ἐφέσῳ
745 1347 845 1390 ἔπτὰ
875 1350 1015 1397 παῖδες
1047 1347 1086 1389 οἳ
1108 1348 1367 1402 κοιμηθέντες
1392 1348 1454 1389 ε’πὶ
1476 1347 1624 1390 Δεκίου
1651 1347 1743 1390 ἄνέ-

289 1432 440 1470 στησαν
459 1416 560 1469 μετὰ
580 1415 646 1470 ε’τη
664 1413 742 1470 τβ’.
811 1414 855 1465 ὃς
871 1416 1038 1470 πέμψας
1055 1413 1236 1471 εἷσήγαγε
1257 1414 1302 1456 τὸ
1320 1416 1512 1468 λείψανον
1532 1419 1606 1458 τοῦ
1622 1418 1742 1473 Χρυ,

289 1482 504 1537 σοστόμου,
527 1485 594 1525 καὶ
620 1483 792 1526 ἀπέθετο
815 1485 855 1525 ἒν
872 1488 930 1541 τῷ
947 1484 1225 1540 θυσιαστηρίῳ
1247 1486 1326 1524 τῶν
1352 1481 1473 1538 ἁγίων
1495 1481 1742 1535 ἀποστόλων,

290 1551 355 1593 ὅτε
384 1553 452 1592 καὶ
484 1549 509 1606 ἦ
543 1552 655 1609 τρίτη
682 1551 813 1609 γέγονε
846 1550 1013 1601 σύνοδος
1033 1555 1112 1593 τῶν
1136 1549 1172 1593 σ’
1195 1551 1377 1607 πατέρων
1399 1550 1440 1592 ἓν
1458 1550 1615 1608 Ἐφέσῳ
1635 1551 1738 1593 κατὰ
1749 1555 1797 1590 20

289 1620 526 1676 Νεστοριόυ.
595 1617 616 1661 ὃ
639 1620 683 1661 δὲ
701 1618 892 1672 βασιλεὺς
916 1616 1131 1667 Θεοδόσιος
1160 1616 1262 1671 μετά
1291 1635 1379 1659 τινα
1402 1616 1552 1674 χρόνον
1571 1619 1740 1674 ἐξῆλθεν

291 1685 560 1740 ἱππασάμενος
571 1717 585 1738 ,
616 1688 683 1728 καὶ
703 1685 974 1740 συμπεσόντος
993 1685 1118 1727 αὐτοῦ
1137 1689 1209 1726 τοῦ
1225 1686 1349 1726 ἵππου
1373 1688 1532 1740 πληγεὶς
1553 1688 1739 1741 εἲσῆλθεν

290 1754 332 1795 ἕν
363 1755 535 1811 φορείῳ,
582 1756 650 1795 καὶ
681 1755 853 1803 καλέσας
883 1753 955 1807 τὴν
984 1752 1161 1809 ἀδελφὴν
1193 1753 1318 1794 αὐτοῦ
1346 1754 1602 1810 Πουλχερίαν
1635 1752 1739 1797 εἶπεν

293 1820 396 1878 αὐτῇ
409 1823 498 1877 περὶ
515 1823 762 1878 Μαρκιανοῦ
782 1825 855 1863 τοῦ
874 1821 964 1875 μετ’
992 1819 1113 1862 αὐτὸν
1132 1817 1466 1873 βασιλεύσαντος·
1495 1819 1643 1864 “misto
1661 1821 1740 1880 ’γάρ

381 1906 404 1940 2
427 1902 550 1951 αύτῇ7

295 1972 470 2018 imperium
485 1973 552 2007 sibi
565 1973 726 2007 traditum
746 1972 890 2007 Arcadio
905 1972 1201 2007 administrandum
1217 1972 1405 2016 committit,
1429 1973 1612 2008 Honorium
1629 1973 1742 2018 digni-

292 2023 377 2060 tate,
393 2030 460 2063 qua
474 2018 548 2064 ipse
562 2019 722 2063 pollebat,
738 2022 870 2052 auctum
885 2018 929 2051 ad
947 2018 1143 2052 Occidentis
1159 2018 1332 2063 imperium
1349 2029 1446 2062 quam
1461 2029 1567 2062 ocyus
1584 2019 1740 2063 ablegat3

294 2075 436 2108 eumque
460 2075 533 2098 cum
553 2064 597 2097 ad
613 2075 650 2097 se
667 2063 814 2097 venisset
828 2063 925 2097 laetis
940 2063 1024 2096 ulnis
1041 2063 1245 2109 complexum
1261 2063 1348 2097 dulci
1362 2063 1474 2097 osculo
1490 2063 1602 2108 cepit,
1637 2069 1740 2110 atque

294 2107 526 2142 Occidentalis
540 2109 671 2154 imperii
685 2108 1001 2142 administrationem
1018 2109 1194 2142 concessit.
1240 2108 1313 2154 ipse
1329 2119 1410 2142 vero
1425 2108 1459 2141 in
1475 2109 1646 2142 beatorum
1661 2121 1741 2144 coe-

294 2157 366 2186 tum
380 2154 562 2187 translatus
578 2159 640 2197 est,
664 2165 727 2198 per
741 2154 979 2198 septemdecim
994 2165 1099 2187 annos
1115 2153 1303 2187 felicissime
1317 2153 1455 2198 imperio
1471 2153 1713 2189 administrato.

386 2199 471 2232 Post
492 2198 719 2232 Theodosium
745 2199 919 2243 imperium
943 2199 1053 2232 tenuit
1076 2198 1238 2233 Arcadius
1259 2198 1347 2231 filius
1372 2209 1475 2231 annos
1498 2198 1618 2242 viginti
1643 2199 1740 2235 duos.

295 2243 479 2277 columnam
494 2243 679 2288 Xerolaphi
696 2243 819 2277 dictam
835 2244 964 2286 erexit,
1001 2243 1035 2277 in
1055 2255 1162 2288 eaque
1184 2243 1352 2288 propriam
1378 2246 1522 2276 statuam
1547 2244 1738 2280 collocavit.

294 2289 409 2321 urbem
430 2288 465 2321 in
480 2288 629 2321 Thracia
653 2295 682 2322 a'
699 2299 737 2322 se
755 2288 923 2322 conditam
938 2288 1184 2333 Arcadiupolim
1207 2287 1444 2322 denominavit.
1490 2287 1652 2323 Nectario
1668 2290 1740 2324 vita

295 2333 410 2366 functo
422 2359 432 2375 ,
457 2333 585 2366 cunctis
601 2332 773 2377 suffragiis
790 2334 952 2367 Arcadius
966 2333 1144 2367 Antiochia
1161 2333 1318 2367 Ioannem
1333 2332 1606 2376 chrysostomum
1622 2346 1740 2370 accer-

293 2377 390 2412 situm
407 2377 599 2422 episcopum
618 2377 832 2422 Cpolitanum
847 2378 926 2422 eligi
940 2379 1034 2412 fecit.

384 2423 470 2457 Post
486 2422 660 2457 Arcadium
678 2422 815 2467 imperio
840 2423 988 2468 praefuit
1006 2422 1217 2456 Theodosius
1233 2421 1339 2464 filius,
1375 2422 1432 2467 qui
1454 2426 1489 2456 et
1505 2423 1740 2469 Calligraphus

294 2467 403 2502 dictus
419 2467 494 2507 fuit,
514 2478 619 2501 annos
634 2467 771 2511 triginta
790 2467 883 2502 duos.
930 2468 1089 2512 deiparae
1104 2467 1280 2513 templum,
1314 2468 1404 2512 quod
1427 2468 1522 2512 prius
1540 2469 1739 2504 Iudaeorum

294 2524 472 2557 synagoga
486 2513 609 2555 fuerat,
632 2513 666 2546 in
683 2512 935 2557 Chalcoprateis
952 2512 1198 2546 exaedificavit.
1245 2513 1306 2546 sub
1326 2524 1366 2546 eo
1385 2518 1513 2558 septem
1530 2514 1626 2558 pueri
1638 2541 1648 2557 ,
1682 2514 1740 2559 qui

295 2558 326 2592 E
352 2558 424 2592 hesi
438 2557 698 2601 obdormierant,
722 2562 798 2602 post
813 2568 917 2591 annos
932 2558 1000 2592 302
1015 2558 1152 2591 excitati
1166 2561 1254 2591 sunt.
1301 2569 1341 2591 eo
1357 2564 1562 2603 procurante
1575 2559 1740 2604 reliquiae

295 2570 529 2648 Chrysostomi
558 2603 686 2648 Cpolim
709 2602 938 2647 advehuntur,
975 2606 1250 2647 reponunturque
1275 2603 1308 2636 in
1334 2604 1521 2637 sanctuario
1548 2609 1739 2639 sanctorum

295 2648 534 2694 apostolorum.
555 2653 590 2681 et
605 2649 706 2681 tertia
722 2648 869 2691 synodus
884 2648 1102 2682 ducentorum
1117 2652 1249 2693 patrum
1266 2648 1394 2693 Ephesi
1409 2653 1528 2683 contra
1541 2649 1738 2684 Nestorium

296 2693 494 2727 celebratur.
542 2704 609 2726 non
629 2693 731 2727 multo
759 2698 836 2738 post
851 2693 1062 2727 Theodosius
1090 2693 1260 2738 equitandi
1275 2694 1384 2727 studio
1401 2695 1517 2728 urbem
1533 2696 1687 2738 egressus
1703 2698 1739 2728 et

294 2739 382 2773 inter
398 2738 589 2783 agitandum
607 2750 692 2783 equo
710 2739 836 2772 effusus
853 2739 986 2784 plagam
1002 2739 1145 2783 accepit,
1158 2738 1345 2782 lecticaque
1360 2739 1391 2773 in
1408 2740 1523 2773 urbem
1539 2740 1662 2781 illatus,
1676 2739 1738 2773 ad-

295 2791 417 2819 vocata
431 2795 547 2819 sorore
562 2784 760 2827 pulcheria,
786 2795 859 2818 cum
875 2795 916 2818 ea
931 2784 973 2818 de
989 2784 1182 2828 Marciano,
1206 2783 1262 2829 qui
1281 2790 1398 2829 postea
1413 2784 1586 2830 regnavit,
1609 2796 1737 2820 sermo-
