1864 3242
558 143 961 196 AGROPOLITAM
992 145 1195 196 NOTAE.
1509 149 1608 198 277

201 275 259 311 ος.
314 256 470 310 αθυτος
506 256 576 302 δια
607 262 726 302 τοῦτο
756 259 863 302 ἔσται
892 259 961 302 καὶ
990 257 1290 330 ἆκαλλιέρητος,
1327 257 1396 301 καὶ
1428 255 1606 328 διαμενεῖ

153 313 405 389 αμελῷδητος
428 315 498 359 καὶ
527 315 707 369 ἅψαλτος
738 316 809 358 καὶ
842 313 1165 388 οἷπροσφοὸνητος
1193 315 1262 358 καὶ
1291 311 1606 389 α’προσαύδητος,

151 370 255 416 ἄνθ’
277 368 335 415 ων
354 370 430 416 οῦκ
449 373 578 416 ἔπαθέ
590 389 628 415 τι
643 373 711 416 ἐπὶ
728 376 782 430 τῇ
801 376 992 447 συντριβῇ
1013 387 1108 426 σου,
1137 369 1227 415 ἄλλ’
1246 372 1368 426 ἔθηκε
1382 371 1428 416 το
1443 371 1606 427 πρόσω-

149 446 231 472 πον
251 425 380 473 αὔτοῦ
401 429 457 480 ὥς
478 427 640 486 στερεοὶν
643 415 877 502 πέτραν,“
858 428 916 471 ιν’
938 432 1029 488 εἰδῇ
1048 430 1118 472 καὶ
1138 426 1279 479 αυ’το’ς,
1309 431 1347 471 εί
1362 430 1431 472 καὶ
1451 433 1529 472 νῦν
1550 447 1607 480 ως

149 487 280 529 ἔοικεν
299 486 566 540 ἐπιλέλησται,
594 487 636 529 ιν
643 483 949 557 ἀνθρωπίνως
970 489 1070 530 εἴπω
1085 486 1153 528 καὶ
1168 490 1428 541 περιπαθῶς,
1457 503 1512 536 ως
1529 503 1604 528 αν·-

149 541 321 616 θρωπός
345 559 387 585 τε
413 543 566 600 ἐγένετο
591 543 661 586 καὶ
676 559 725 586 τα
748 542 951 597 σωματικα
980 540 1203 594 ἀνεδέξατο.
1257 542 1372 596 υμεῖς
1395 542 1438 584 δὲ
1458 545 1500 585 οἱ
1518 543 1605 586 υίοὶ

151 598 266 643 Σιοδν
280 601 324 643 οἱ
335 601 478 653 τίμιοι,
507 601 550 643 οἰ
572 600 791 656 λειτουργοὶ
808 600 912 642 καὶ
894 605 1012 654 ιερεῖς
1028 600 1096 642 καὶ
1117 596 1244 642 θύται
1259 603 1332 641 τοῦ
1338 596 1520 671 μεγάλου
1535 600 1607 642 καὶ

148 660 298 700 καινοῦ
321 654 525 729 θύματος,
551 657 622 700 καὶ
639 658 680 699 εἶ’
696 674 733 699 τι
759 657 893 711 ε’τερον
923 657 968 699 ἐν
1001 653 1202 706 διακόνοις
1227 656 1296 697 καὶ
1321 654 1606 707 ύποδιακόνοις

148 718 234 764 τοῖς
243 713 404 767 αἴρουσι
421 731 471 756 τα
490 711 633 782 σκευη
632 714 701 756 καὶ
718 715 963 768 καθαίρουσι
980 713 1050 756 καὶ
1070 717 1302 768 μελουργοῖς
1322 713 1391 754 καὶ
1410 715 1606 785 μελῳδοῖς

147 770 218 812 καὶ
235 769 422 839 ’ψάλταις
451 767 633 824 σύστημα
661 787 703 813 τε
727 770 796 812 καὶ
821 769 1041 826 πλήρωμα,
1072 772 1113 813 οι
1135 770 1190 820 οἷς
1210 769 1393 824 Ἱερεμίας
1411 771 1514 824 φησὶ
1531 787 1604 820 τας

146 824 331 884 imperiosae
353 831 427 870 τοῦ
457 831 563 870 θεοῦ
580 827 625 870 ἐν
643 831 698 884 τῷ
719 824 886 883 λάρυγγι
902 826 1206 897 περιφέροντες,
1235 830 1320 868 ποῦ
1344 829 1424 868 νῦν
1449 827 1604 880 μετετέ-

146 889 270 938 θητες
298 888 395 927 ποῦ
429 887 511 927 νῦν
544 870 810 938 ἅθροίζεσθες
847 888 934 934 πῶς
971 883 1148 955 ἐστράφη
1175 884 1231 932 εἰς
1262 882 1416 933 πένθος
1439 883 1470 937 ἦ
1497 881 1599 937 χαροέ

144 939 285 994 ὖμωνς
312 944 401 991 πῶς
431 941 477 982 αἱ
499 940 634 995 ἑορταὶ
663 941 721 990 εἰς
753 943 938 996 θρῆνον,·
970 938 1021 982 ου’
1047 939 1170 983 καλον
1188 935 1244 993 ἦν
1263 939 1362 993 υμῖν
1382 941 1450 982 καὶ
1473 938 1598 991 ὅσιον,

146 997 203 1046 ως
215 998 287 1039 καὶ
301 997 389 1051 ἕμοὶ
405 1012 474 1038 και
487 1000 614 1039 πᾶσιν
629 996 757 1047 ἔδοξε,
785 1002 1113 1052 προαποθανεῖν,
1141 994 1171 1049 ἢ
1187 1001 1407 1038 συνθανεῖν
1422 1000 1480 1053 τῷ
1498 1010 1600 1049 συμ-

143 1050 350 1108 πτόματις
377 1051 466 1095 ἐπεὶ
492 1051 537 1095 δὲ
564 1053 589 1096 ὁ
615 1051 712 1102 θεος
743 1055 815 1106 ζην
833 1053 934 1106 ημῖν
957 1053 1078 1095 ἔδωκε
1097 1070 1166 1094 και
1183 1039 1471 1124 ἐγκατάλειμμα
1489 1052 1599 1106 ἦμας

143 1109 245 1164 ’ὑμῖν
261 1109 553 1178 Ξγκατελέξατο,
584 1111 685 1163 ζητω
694 1139 706 1161 ‚
729 1113 813 1151 ποῦ
826 1108 870 1151 τὰ
887 1111 997 1165 ιερον
1013 1109 1133 1163 ὖμων
1148 1107 1326 1162 κάθηται
1342 1112 1422 1151 νῦν
1440 1126 1466 1162 η
1487 1110 1599 1151 ἵστα-

143 1183 210 1209 ται
238 1163 534 1220 σεμνολόγημας
561 1169 646 1208 ποῦ
670 1183 697 1220 η
729 1166 976 1217 συνέλευσιςς
1005 1170 1088 1207 ποῦ
1115 1183 1142 1220 η
1171 1164 1380 1219 συζήτησις
1400 1182 1482 1207 των
1497 1182 1598 1220 γρα-

145 1239 293 1292 φικων
312 1223 469 1276 (ἳητοῖνς
505 1223 544 1264 τί
568 1221 661 1277 περὶ
687 1238 769 1289 της
790 1235 1002 1276 συμφορας
1027 1223 1184 1275 ἐκείνης
1205 1226 1477 1292 φιλοσοφεῖτε,
1507 1221 1600 1275 περὶ

145 1276 417 1347 εὐδοκήσεως.
443 1279 537 1333 περὶ
554 1275 891 1350 παραχωρήσεως,
922 1277 1127 1347 *νομίας,
1155 1294 1247 1346 περι
1269 1281 1348 1320 τῶν
1368 1275 1599 1351 α’νεφίκτων

145 1333 361 1406 ᾆηματωνς
391 1335 431 1377 εἴ
457 1351 518 1384 τις
549 1333 676 1405 ἐδόθη
705 1335 804 1388 υμῖν
833 1332 862 1388 ἢ
892 1332 1166 1387 απεκαλύφθη
1184 1332 1319 1388 λόγος,
1348 1335 1501 1382 εἴπατε,
1529 1334 1600 1376 καὶ

144 1391 202 1447 μη
234 1389 374 1446 ἐάσητε
386 1387 515 1461 ..μόνῳ
544 1395 598 1450 τῷ
629 1388 912 1444 αποσπάσματι
946 1395 1020 1432 τοῦ
1050 1392 1177 1458 ἱεροῦ
1190 1390 1464 1459 προσανέχειν.
1522 1385 1599 1432 οῦκ

145 1449 252 1492 ἔστιν
276 1449 321 1492 ἐν
345 1452 405 1506 τῷ
430 1452 556 1505 καιρῷ
586 1445 715 1504 τούτῳ
744 1446 764 1466 *
797 1464 931 1502 αρχων
952 1447 1020 1489 καὶ
1037 1444 1250 1517 προφήτης
1265 1447 1332 1489 καὶ
1352 1444 1596 1519 ηγούμενος,

143 1503 240 1548 ουδὲ
269 1490 555 1556 ολοκαύτωσις,
594 1491 698 1547 ου’δὲ
714 1506 860 1555 θυσία,
898 1501 994 1546 ου’δὲ
1023 1502 1257 1575 προσφορα,
1288 1501 1383 1546 ου’δὲ
1409 1505 1598 1574 θυμίαμα

142 1561 273 1612 *πῶς
293 1566 351 1620 τῷ
370 1565 582 1629 καρπῶσαι
601 1558 774 1603 ἐνώπιόν
804 1575 900 1613 σου,
930 1560 998 1602 καὶ
1026 1561 1157 1615 ευρεῖν
1186 1561 1306 1609 ἕλεος.
1364 1556 1453 1601 ἄλλ’
1482 1559 1597 1614 υμεῖς

144 1618 245 1688 μὲν
236 1619 305 1668 καὶ
322 1605 539 1669 σοι’ζοισθε,
566 1618 635 1659 καὶ
657 1619 779 1659 ἴδοιτε
796 1616 872 1671 τήν
891 1616 988 1659 νέαν
1003 1615 1256 1687 Ἰερουσαλὴμ
1276 1613 1530 1670 ἀναγομένην
1553 1631 1596 1658 τε

145 1677 203 1725 είς
226 1673 337 1728 ὕψος
361 1676 431 1717 καὶ
460 1671 838 1746 ἄνακαινιζομένην,
867 1674 934 1715 καὶ
964 1679 1051 1723 ταῖς
1075 1671 1209 1727 εὐχαῖς
1240 1686 1497 1742 συγκαμοιτε,
1526 1672 1597 1714 καὶ

143 1730 468 1801 δοξασθήσοισθε
495 1731 540 1773 έν
572 1728 696 1787 αυτῆ,
722 1731 791 1771 καὶ
816 1728 1215 1801 λαμπρυνθήσοισθε.
1273 1728 1324 1771 συ
1349 1729 1392 1772 δὲ
1413 1727 1500 1782 η’λιε
1524 1729 1595 1770 καὶ

142 1788 292 1842 σεληνη
323 1788 392 1830 καὶ
424 1785 604 1859 ἀστέρες,
646 1787 763 1840 ὑμεῖς
786 1791 867 1828 ποῦ
894 1786 989 1829 ποτὲ
1018 1804 1109 1841 αρτι
1135 1788 1351 1839 φαίνεσθε,
1399 1789 1480 1827 ποῦ
1514 1789 1595 1827 νῦν

143 1843 197 1887 αυ’
199 1843 352 1900 γαζετε,·
380 1847 463 1886 ποῦ
484 1861 554 1893 τας
577 1841 741 1892 οἷκτῖνας
761 1840 986 1896 α’νίσχοντες
1002 1844 1196 1896 πέμπετε,·
1227 1847 1341 1890 ποῖος
1358 1841 1462 1895 ὑμᾶς
1484 1839 1595 1890 οἶκος

143 1898 292 1973 ἆρτίως
316 1901 511 1955 ἐκδέχεται
536 1918 563 1954 η
593 1898 844 1972 ἀποδέχεταις
874 1902 953 1941 τίνι
975 1897 1255 1952 ἄντιλοίμπετες
1282 1901 1385 1967 ποίῳ
1408 1899 1507 1953 ἔργῳ
1528 1911 1593 1939 σε·

142 1957 368 2028 μνυνεσθε,·
394 1959 455 2007 τίς
476 1959 576 1999 ἰδεῖν
594 1956 700 2010 ὑμᾶς
724 1955 809 1998 ἅνω
833 1956 991 2010 βλέπων
1009 1956 1163 2007 ἐθέλοι,-
1190 1957 1250 2004 τίς
1271 1952 1359 2008 ου”χὶ
1378 1958 1528 2005 μᾶλλον
1548 1954 1592 1996 ἐν

142 2012 276 2058 σκότει
304 2030 468 2056 κυπτων
497 2011 774 2082 διαπορευεται
801 2013 870 2054 καὶ
896 2017 984 2066 φῶς
1009 2009 1322 2081 αποστρέφεται,·
1350 2006 1426 2052 οὗκ
1447 2011 1526 2051 ε’δει
1549 2023 1593 2051 σε

140 2071 430 2145 περιβαλέσθαι
463 2067 604 2120 σκότος
631 2087 674 2112 το
700 2070 902 2123 πένθιμον
936 2070 1092 2111 ἐκείνου
1117 2065 1260 2110 τούτου
1284 2066 1364 2120 ἤδη
1393 2066 1592 2119 δεύτερον,

142 2146 176 2172 ω
207 2126 431 2197 φωστήρων
454 2125 587 2182 ι’ίριστε
607 2126 676 2167 και
699 2126 852 2180 μέγιστε
872 2124 980 2179 η’λιε,·
1017 2123 1107 2179 ου’χὶ
1126 2124 1169 2167 σὲ
1186 2123 1405 2175 πανσέληνε
1425 2138 1592 2164 κωνοει-

142 2188 207 2228 δεῖ
226 2185 308 2228 τινὶ
333 2181 546 2237 σκιάσματι
567 2183 816 2237 υποδρα-μεῖν
843 2182 911 2223 καὶ
927 2179 1250 2236 ὖποκρυβῆναιη
1269 2180 1471 2231 ἓκλεῖψαις
1501 2175 1592 2220 ἄλλ’

142 2258 248 2284 ουτω
265 2243 470 2296 παρείδετε
491 2257 536 2282 το
559 2238 721 2310 γεγονός
741 2256 794 2288 ως
812 2235 1049 2294 αγέννητον;
1072 2255 1148 2284 ,και
1166 2241 1247 2279 ποῦ
1267 2234 1590 2289 δοξασθησεσθε,·

141 2297 218 2352 ἔγω
244 2302 346 2353 γοῦν
370 2295 559 2346 πολλάκις
585 2295 692 2350 ὗμοῖς
719 2294 866 2338 εἶδον’
849 2313 891 2338 εν
908 2299 962 2352 τῷ
980 2293 1214 2365 σελασφόρῳ
1233 2294 1370 2347 ἐκείνῳ
1390 2296 1493 2347 ναῷ,
1523 2291 1592 2332 καὶ

143 2353 244 2396 ἰδών
269 2351 503 2426 ἐθαύμασα,
531 2353 599 2395 καὶ
623 2352 698 2406 τὴν
724 2354 856 2394 αἰτίαν
875 2338 1082 2406 η’ρεύνησα
1105 2348 1160 2393 δι’
1178 2367 1231 2404 ην
1250 2353 1367 2391 τοῦτο
1385 2324 1590 2401 ὕπέστητε,

142 2411 212 2453 καὶ
237 2427 280 2452 το
305 2414 389 2452 τοῦ
402 2414 479 2452 νῦν
505 2407 650 2459 κάλλος
666 2413 770 2451 ναοῦ
788 2411 916 2451 α’ίτιον
936 2409 1092 2478 ἔμαθον
1106 2412 1176 2461 τῆς
1195 2408 1399 2459 διατριβῆς
1420 2406 1587 2457 ἐκείνης.

141 2467 272 2510 καίτοι
303 2465 524 2520 δυσέρωτας
547 2466 654 2519 υμᾶς
682 2464 795 2534 ὠμην
826 2464 928 2508 εἶναι
954 2465 1023 2506 καὶ
1056 2462 1267 2517 οἷνέρωτας.
1323 2460 1418 2502 ποτὲ
1450 2460 1492 2502 δὲ
1520 2460 1588 2501 καὶ

143 2521 200 2566 δι’
228 2521 326 2576 ολης
349 2522 500 2592 ημέρας
532 2521 711 2576 έφανης,
747 2520 858 2576 η’λιε,
895 2524 1230 2589 συμφιλοχωρῶν
1233 2521 1355 2561 ἐκεῖσε
1386 2518 1453 2559 καὶ
1477 2531 1588 2570 στρε-

143 2577 323 2632 φόμενος
341 2579 410 2622 καὶ
427 2576 615 2648 λαμπων,
651 2579 719 2621 καὶ
739 2578 842 2622 ἓκων
861 2576 936 2621 ουίι
953 2576 1174 2647 αφίστασο,
1202 2573 1230 2627 ⁹1⁸
1249 2575 1485 2627 μεθίστασο,
1513 2588 1588 2625 την

143 2634 334 2705 διάδοχόν
360 2648 434 2678 σου
463 2633 635 2690 σελήνην
659 2636 805 2690 φέρων.
861 2636 929 2677 καὶ
948 2639 1066 2676 τοῦτο
1087 2631 1162 2687 ἐγω
1179 2632 1335 2686 βλέπων
1349 2628 1590 2685 ἐλογιζόμην,

141 2709 242 2736 οταν
268 2692 338 2734 καὶ
364 2693 529 2748 γίγαντα
546 2694 613 2735 καὶ
633 2694 810 2761 νυμφίον
831 2693 874 2734 ἐκ
892 2695 965 2733 τοῦ
982 2694 1136 2732 παστοῦ
1156 2687 1448 2741 ἔξερχομενον’
1429 2703 1450 2728 ο
1465 2690 1589 2741 μελῳ-

144 2747 217 2798 δός
241 2750 372 2791 Δαυίδ
396 2762 438 2791 σε
465 2747 794 2804 προανεφώνησε.
850 2750 1009 2801 προειδε
1031 2764 1105 2802 γαρ
1127 2759 1170 2787 σε
1190 2761 1326 2787 νακειι
1332 2761 1375 2792 ος
1393 2747 1467 2785 τοῦ
1484 2759 1591 2794 παμ-

144 2809 277 2859 φαοῦς
298 2806 453 2850 ἐκείνου
481 2810 584 2850 ναοῦ
604 2807 776 2862 ἐρῶντα,
806 2805 872 2848 καὶ
895 2804 1015 2862 ἐπῆδὲ
1035 2817 1099 2847 σοι
1120 2807 1255 2845 ταῦτα.
1316 2801 1382 2842 καὶ
1405 2803 1480 2842 νῦν
1498 2802 1593 2840 τοῦ-
