1924 3242
348 175 416 224 46
737 175 970 222 GEORGII
999 177 1377 224 ACROPOLITAE

345 285 673 346 στρατευμάτων,
706 291 773 332 καὶ
802 289 978 345 μάλιστα
1011 291 1104 344 τοὺς
1131 293 1414 351 χυὸαιοτέρους
1437 295 1504 337 καὶ
1529 292 1763 352 σύγκλυδας,

346 357 554 414 ἐλευθεροῖ
578 358 644 399 καὶ
673 357 773 415 πρὸς
800 359 873 410 τὰς
902 357 1052 403 ἑαυτῶν
1079 361 1297 415 ἀποπέμπει
1319 360 1455 416 κώμας
1472 380 1514 406 τε
1533 365 1599 406 καὶ
1618 362 1762 416 πόλεις,

343 423 447 478 τάχα
477 425 550 478 μὲν
579 424 625 468 τὸ
659 425 945 484 φιλάνθρωπον
974 427 1260 483 ἐνδεικνύμενος
1268 461 1280 481 ,
1313 427 1418 484 τάχα
1443 431 1485 473 δὲ
1505 433 1571 473 καὶ
1591 430 1636 474 τὸ
1659 447 1762 486 συμ-

222 497 252 532 Ρ
272 498 317 533 23
341 492 461 549 φέρον
491 489 621 551 τούτῳ
652 494 1043 550 πραγματευόμενος·
1075 495 1257 551 ἐβούλετο
1283 498 1348 539 καὶ
1370 497 1446 556 γὰρ
1473 495 1660 541 δεσπόσαι
1684 503 1764 542 τῶν

337 557 552 612 τοιούτων,
584 564 657 616 τῆς
671 560 892 619 Ῥωμαϊκῆς
909 564 1035 621 ἀρχῆς
1052 563 1301 615 ἀποσπάσας.
1369 559 1416 607 οὗ
1444 567 1510 608 καὶ
1536 564 1796 621 τετύχηκεν·5

338 627 419 668 ἐπεὶ
442 629 508 669 καὶ
529 628 605 686 γὰρ
628 630 719 681 κατ’
743 631 874 674 αὐτῶν
893 631 1057 674 κατόπιν
1078 630 1237 689 ἐχώρει,
1270 630 1400 674 πάντα
1423 633 1617 686 ἀναιμωτὶ
1638 631 1767 692 τούτῳ

335 692 576 748 ὑπέπιπτον,
606 699 673 739 καὶ
693 699 836 753 γίνεται
857 701 930 754 μὲν
950 698 1022 741 ὑπ’
1044 699 1165 759 αὐτὸν
1181 699 1449 757 ἧἈὸριανοῦ,
1477 701 1520 742 ἐκ
1537 704 1611 743 τοῦ
1627 699 1767 754 σχεδὸν
1804 695 1807 698 ⁴

338 763 382 804 δὲ
405 765 471 805 καὶ
495 763 539 806 τὸ
561 763 875 821 Διδυμότοιχον,
910 765 992 809 εἶτα
1015 768 1190 825 Βολερὸν
1211 767 1339 820 ἅπαν,
1373 768 1523 825 Σέρραι
1539 769 1767 824 Πελαγονία

339 832 404 872 καὶ
426 829 639 888 Πρίλαπος
659 836 725 876 καὶ
748 835 799 877 τὰ
823 836 934 892 πέριξ
952 834 1115 895 τούτων.
1182 838 1403 893 κατέδραμε
1436 836 1478 878 δὲ
1507 837 1573 878 καὶ
1601 839 1674 891 τῆς
1693 853 1765 890 με-

338 896 464 953 γάλης
485 901 685 954 Βλαχιάς,
721 902 823 944 ἀλλὰ
844 905 910 945 καὶ
928 907 1000 945 τοῦ
1022 901 1214 958 Ἔλβάνου
1236 901 1505 960 κατακυριεύει
1515 934 1528 955 ,
1558 905 1624 945 καὶ
1650 904 1766 961 μέχρι
1779 907 1822 945 '10

339 970 414 1008 τοῦ
441 966 660 1024 Ἰλλυρικοῦ
689 970 762 1020 τὰς
780 971 886 1021 λείας
909 977 1022 1014 ποιεῖ’.
1089 973 1170 1013 ἐπεὶ
1193 972 1235 1013 δὲ
1259 971 1304 1014 τὸ
1328 971 1429 1014 πολὺ
1451 975 1524 1013 τοῦ
1540 969 1768 1025 βουλεύμα-Ὶ

340 1050 410 1083 τος
433 1035 717 1091 κατειργάσατο
738 1040 803 1080 καὶ
827 1037 881 1088 ὥς
897 1037 1032 1094 ἠγάπα
1053 1039 1104 1081 τὰ
1125 1040 1225 1081 καθ’
1250 1037 1370 1081 αὑτὸν
1390 1039 1566 1090 διέθετο,
1601 1040 1657 1088 εἷς
1675 1038 1769 1088 τοὺς

342 1103 509 1152 οῗκειόυς
525 1104 745 1157 ἕπανέζευξε
765 1105 930 1158 τόπους,
963 1107 1052 1149 τινὰ
1070 1108 1143 1161 μὲν
1161 1111 1239 1149 τῶν
1256 1107 1458 1163 φρουρίων
1477 1105 1770 1156 καταλελοιπὼς

292 1176 324 1212 Β
341 1166 419 1211 ὑπὸ
437 1168 641 1224 Ῥωμαίων
659 1172 938 1225 ὃεσπόζεσθαι,
963 1174 1015 1216 τὰ
1033 1175 1153 1216 πλείω
1173 1175 1216 1216 δὲ
1234 1172 1309 1230 ὑφ’
1335 1173 1476 1216 ἑαυτὸν
1491 1171 1769 1228 ποιησάμενος,

341 1237 589 1293 στρατιώτας
611 1240 652 1280 ἕν
673 1239 828 1290 τούτοις
845 1239 968 1291 τάξας
985 1243 1051 1282 καὶ
1073 1241 1318 1298 στρατηγοὺς
1335 1243 1402 1282 καὶ
1420 1240 1515 1290 τοῦς
1535 1242 1766 1297 εἰσπραττο-
1780 1246 1824 1282 15

338 1305 482 1357 μένους
506 1305 558 1346 τὰ
585 1305 758 1360 δημόσια
786 1306 1111 1364 φορολογήματα.
1179 1307 1286 1357 ἔδοξε
1315 1311 1410 1363 γοῦν
1438 1313 1522 1357 τοῖς
1551 1311 1650 1349 πᾶσι
1682 1305 1771 1351 τότε

339 1373 407 1412 καὶ
430 1373 671 1426 θαυμαστὸς
694 1376 760 1415 καὶ
781 1373 1001 1432 μακάριος·
1036 1375 1082 1417 οὗ
1113 1374 1190 1431 γὰρ
1220 1376 1363 1432 ἐχρᾶτο
1390 1375 1610 1432 μαχαίραις
1627 1375 1669 1417 ἐν
1687 1381 1771 1426 τοῖς

337 1440 516 1491 οῗκειόις,
552 1440 642 1483 οὐδ’
666 1442 865 1498 ἓχραίνετο
887 1440 1024 1500 φόνοις
1033 1442 1288 1497 Ῥωμαϊκοῖς,
1325 1440 1379 1493 ὧς
1394 1443 1432 1484 οἶ
1449 1442 1526 1499 πρὸ
1549 1442 1673 1485 mito&
1691 1447 1771 1485 τῶν

333 1505 592 1563 Βουλγάρων.
660 1507 775 1551 ἔνθεν
795 1527 856 1552 τοι
877 1512 942 1552 καὶ
965 1511 1011 1553 οὗ
1032 1509 1155 1565 μόνον
1175 1511 1284 1568 παρὰ
1307 1508 1552 1567 Βουλγάρων
1575 1509 1679 1552 ἀλλὰ
1703 1510 1770 1552 καὶ

333 1574 444 1631 παρὰ
461 1573 667 1629 Ῥωμαίων
683 1578 852 1634 ἐφιλεῖτο
874 1580 940 1620 καὶ
963 1577 1105 1636 ἑτέρων
1121 1579 1263 1621 ἐθνῶν.
1779 1583 1825 1618 20

427 1683 447 1717 1
471 1680 533 1716 καὶ
547 1680 705 1725 μάλιστα
720 1703 766 1709 -
785 1681 986 1728 σύγκλυδας
1005 1695 1057 1718 om
1070 1684 1104 1718 D
1229 1684 1253 1719 2
1273 1681 1447 1727 καὶπρὸς
1464 1700 1511 1708 ·—
1526 1679 1652 1722 πόλεις
1667 1693 1722 1716 om
1737 1682 1771 1718 D

422 1726 446 1761 3
467 1724 534 1769 μὲν
551 1727 613 1761 καὶ
630 1725 673 1762 τὸ
687 1728 720 1762 D
864 1730 889 1764 4
910 1728 971 1763 καὶ
990 1740 1044 1762 om
1059 1730 1092 1763 D
1237 1729 1259 1763 5
1281 1729 1347 1772 τῆς
1365 1747 1410 1754 —-
1430 1724 1649 1767 ἀποσπάσας
1665 1738 1719 1762 om
1736 1728 1770 1762 D

425 1773 448 1806 6
469 1770 531 1805 καὶ
549 1783 603 1806 om
617 1772 649 1806 D
805 1770 961 1809 κατόπιν
987 1786 1039 1808 om
1061 1774 1093 1808 D
1251 1774 1273 1808 9
1303 1771 1343 1808 δὲ
1370 1784 1423 1808 om
1447 1773 1480 1807 D
1637 1774 1682 1807 10
1701 1773 1770 1808 τοῦ

424 1827 479 1851 om
504 1817 537 1851 D
718 1817 760 1855 15
783 1820 882 1864 στρ.]
913 1818 975 1853 καὶ
997 1829 1070 1864 στρ.
1086 1817 1120 1854 D
1300 1817 1364 1853 καὶ
1383 1816 1475 1858 τοὺς
1496 1817 1768 1863 -.φορολογη’-

424 1872 524 1906 ματα
548 1874 602 1896 om
626 1862 659 1896 D
840 1866 883 1900 16
915 1858 983 1898 οὖν
1013 1865 1044 1899 D
1225 1865 1268 1900 17
1302 1862 1365 1898 καὶ
1390 1864 1531 1907 aava]
1564 1862 1628 1898 καὶ
1654 1875 1707 1898 om
1735 1864 1767 1898 D

425 1906 646 1951 μακαριστός
660 1908 692 1942 D
850 1906 889 1944 ἐν
907 1912 986 1949 τοῖς
1007 1907 1153 1948 οἰκείοις
1177 1920 1230 1943 om
1247 1910 1276 1944 D
1435 1910 1478 1944 18
1499 1904 1709 1951 Ῥωμαϊκοῖς
1724 1927 1768 1935 ——-

426 1951 646 2032 Βουλΰιοὶρων
663 1964 717 1989 om
731 1955 764 1991 D
882 1956 925 1990 19
949 1951 994 1991 ου’
1008 1976 1053 1983 -
1066 1954 1128 1990 καὶ
1142 1965 1195 1989 om
1212 1954 1244 1988 D
1351 1954 1397 1990 20
1417 1952 1479 1988 καὶ
1496 1950 1629 1998 ἑτέρων
1647 1951 1769 1988 ἐθνῶν

426 2008 480 2031 om
540 2023 550 2033 .

338 2086 519 2134 praecipue
539 2088 596 2133 qui
618 2087 732 2122 humili
749 2088 823 2124 loco
839 2089 906 2124 nati
923 2092 1161 2134 convenerant,
1186 2088 1307 2123 liberat
1327 2088 1361 2122 in
1385 2097 1429 2122 ue
1452 2097 1566 2122 eorum
1589 2087 1715 2141 oppida
1728 2099 1768 2122 ac

338 2134 439 2167 urbes
463 2133 616 2175 dimittit,
650 2145 709 2168 seu
730 2147 772 2168 ex
795 2136 998 2170 humanitate
1023 2136 1056 2169 id
1079 2139 1231 2180 gereret,
1253 2145 1311 2168 seu
1325 2137 1362 2167 ut
1398 2144 1438 2166 ac
1451 2132 1582 2166 ratione
1596 2132 1690 2166 utilia
1704 2133 1767 2167 sibi

339 2188 533 2222 comparans
550 2183 585 2211 et
601 2180 781 2213 commodis
796 2181 864 2214 suis
880 2186 960 2225 apta
976 2180 1190 2226 disponeret:
1226 2189 1338 2213 eorum
1361 2188 1501 2222 namque
1515 2176 1688 2211 dominium
1703 2178 1768 2212 sibi

338 2222 535 2256 desectionis
550 2227 679 2268 tempus
696 2224 975 2271 circumspectans
991 2226 1198 2259 moliebatur.
1241 2224 1379 2267 votique
1393 2232 1526 2267 compos
1542 2223 1684 2256 effectus
1699 2227 1766 2257 est=

336 2267 460 2311 quippe
489 2278 572 2311 quos
601 2268 674 2311 ipse
702 2272 988 2314 persequebatur,
1022 2270 1136 2304 Marte
1156 2269 1327 2302 incruento
1343 2267 1428 2301 colla
1441 2278 1554 2301 omnes
1570 2267 1766 2302 subdebant.

335 2312 384 2345 illi
408 2312 506 2345 etiam
532 2323 569 2345 se
594 2313 745 2346 submisit
762 2315 1012 2360 Adrianopolis‚
1035 2326 1102 2348 non
1116 2314 1219 2347 multo
1234 2317 1312 2358 post
1325 2312 1644 2356 Didymotoechum‚
1665 2313 1768 2347 Bole-

334 2367 407 2390 rum
427 2360 533 2390 totum
546 2383 556 2399 ‚
593 2357 748 2403 deinceps
774 2359 896 2393 Serrae
920 2361 1102 2404 Pelagonia
1125 2359 1279 2404 Prilapus
1298 2361 1332 2391 et
1352 2357 1426 2391 loca
1440 2358 1652 2392 contermina.
1699 2369 1766 2392 ma-

334 2412 433 2446 gnam
460 2401 540 2435 item
567 2402 735 2436 Blachiam
761 2405 908 2437 excurrit
929 2405 1160 2449 Elbanumque
1176 2406 1319 2448 occupat
1341 2406 1375 2436 et
1393 2413 1497 2446 usque
1511 2402 1660 2446 Illyrium
1675 2403 1768 2447 rapi-
1820 2405 1825 2410 '

334 2447 385 2481 nis
411 2447 520 2480 omnia
545 2451 667 2482 vastat.
715 2459 788 2482 cum
812 2460 894 2483 vero
921 2461 1007 2493 quae
1034 2449 1097 2483 sibi
1122 2448 1229 2482 animo
1249 2453 1469 2493 proposuerat
1484 2447 1598 2481 maiori
1614 2451 1767 2492 exparte

336 2492 538 2536 complesset
553 2492 834 2538 disposuissetque
849 2505 910 2538 pro
927 2494 1063 2528 arbitrio
1073 2521 1083 2538 ‚
1120 2493 1246 2537 patrias
1261 2492 1398 2537 repetiit
1411 2492 1507 2526 sedes
1518 2518 1528 2533 ‚
1561 2497 1595 2526 et
1620 2493 1766 2527 castelli³

335 2536 500 2571 nonnullis
525 2537 558 2570 in
585 2538 766 2572 custodiam
781 2550 821 2573 ac
836 2538 1013 2572 dominium
1029 2541 1249 2572 Romanorum
1273 2537 1420 2580 relictis,
1452 2537 1620 2582 plerisque
1634 2538 1695 2571 sibi
1710 2548 1766 2571 re-

336 2582 499 2624 servatis,
525 2582 645 2616 milites
670 2584 705 2616 in
728 2584 795 2618 illis
821 2595 860 2617 ac
882 2584 983 2617 duces
1009 2588 1267 2628 quaestoresque
1281 2611 1291 2627 ‚
1315 2582 1372 2627 qui
1398 2582 1578 2626 vectigalia
1592 2588 1626 2616 et
1640 2582 1767 2616 tributa

339 2627 532 2671 exigerent,
556 2628 746 2671 constituit3
780 2629 1012 2673 iudicatusque
1030 2633 1080 2662 est
1097 2629 1138 2662 ab
1153 2628 1302 2662 omnibus
1315 2632 1397 2661 tunc
1412 2627 1572 2672 temporis
1591 2627 1767 2662 admirabi-

338 2672 380 2706 lis
406 2676 441 2706 et
465 2675 540 2706 tuto
565 2673 771 2717 fortunatus;
794 2685 902 2718 neque
922 2675 1006 2708 enim
1019 2674 1053 2707 in
1069 2674 1267 2707 domesticos
1282 2672 1392 2717 gladio
1409 2672 1547 2713 saeviit,
1571 2683 1678 2717 neque
1691 2672 1763 2705 Ro—

339 2728 506 2751 manorum
521 2729 558 2752 se
574 2718 729 2752 caedibus
769 2719 880 2762 olluit,
903 2723 940 2752 ut
955 2719 1011 2764 qui
1026 2723 1103 2752 ante
1119 2729 1191 2752 eum
1208 2718 1363 2762 Bulgaris
1377 2717 1629 2752 dominabantur
1643 2727 1765 2751 sueve-

338 2767 427 2841 rant.
454 2763 635 2844 hhiss'cbnt‘m
660 2775 680 2798 a
693 2731 846 2810 Bul’garis
860 2765 958 2800 modo
973 2764 1033 2800 sed
1049 2763 1208 2799 Romanis
1223 2763 1362 2809 aliisque
1376 2762 1530 2808 gentibus
1547 2773 1643 2798 carus
1657 2772 1698 2796 ac
1711 2759 1765 2795 iu-

355 2816 437 2843 imus
478 2819 499 2844 a
524 2820 542 2844 e
567 2820 586 2843 a
602 2819 653 2844 ur.
