1872 3236
466 168 842 217 COMPENDIUM
877 166 1228 218 CHROMC‘UM.
1474 167 1571 215 205

317 279 442 331 Οὗτοι
459 283 535 340 μὲν
557 279 629 329 οὖν
646 284 721 341 τὴν
740 285 922 341 κέντησιν
940 285 1014 342 τὴν
1031 279 1295 341 ἓπιμετωπίαν
1323 281 1326 283 ’

245 352 302 406 ὥς
323 356 472 413 στέφος
494 352 810 412 καταμάργαρον
828 356 1081 410 λιθολαμπὲς
1098 353 1296 413 ἐφόρουν·

243 421 267 465 ὃ
285 421 446 481 κράτωρ
469 423 513 466 δὲ
536 421 736 481 Θεόφιλος
750 424 840 481 περὶ
858 423 932 478 μὲν
949 423 1023 474 τὰς
1041 422 1196 475 εἰκόνας

243 492 378 535 καὶτὰ
398 490 771 550 στηλογραφήματα
792 496 874 535 τῶν
898 492 1014 550 ἱερῶν
1039 491 1267 549 προσώπων

108 557 223 604 4790
250 558 354 616 ἄγαν
374 565 526 612 σκαιῶς
542 562 610 603 καὶ
632 561 818 617 πονηρῶς
839 563 906 604 καὶ
932 559 1194 617 κακοτρόπως
1219 559 1334 616 εἶχεν,

242 628 294 672 τὰ
313 629 357 672 δ’
381 629 485 672 ἄλλα
508 631 574 672 καὶ
590 627 889 687 λαμπρόψυχος
910 625 960 686 ἦν
985 631 1052 672 καὶ
1073 627 1395 685 μεγαλογνιῦμων

244 699 311 739 καὶ
332 702 407 740 τοῦ
426 700 581 741 δικαίου
605 698 850 756 φροντιστὴς
870 701 1035 759 καὶτῶν
1063 699 1227 741 ἐνδίκων
1247 697 1399 753 νόμιον.

244 773 408 821 σημεῖον
428 768 714 823 ἐναργέστατον
733 772 807 822 τῆς
822 769 1163 824 μεγαλοπρεπείας

242 833 423 891 ὀργάνων
442 836 721 893 φιλοτέχνησις
738 841 819 879 τῶν
833 835 1200 893 χρυσιοκροτῆτων,

106 902 217 946 4795
238 903 280 954 ἓξ
309 898 366 946 ὧν
387 903 717 959 ἀναπεμπόμενον
727 906 768 947 ἕν
789 909 953 962 μηχανῇ
968 904 1013 947 τὸ
1037 909 1195 958 πνεῦμα

244 971 320 1023 τὰς
339 972 579 1025 εὖκελάὸους
597 975 664 1016 καὶ
687 974 859 1030 τερπνὰς
878 972 1021 1029 διπήχει
1041 973 1285 1030 μελουργιάς

0 483 8 578 ἱ

0 578 14 644 ξ,

0 646 9 731 ἓ

1599 831 1704 865 Ρ98

243 1043 309 1083 καὶ
326 1042 489 1099 λιγυρὸν
510 1044 762 1098 μουσίκευμα
779 1041 984 1101 γάργαλον
1007 1041 1217 1100 ἀπορρέον.

244 1109 319 1152 σῦν
338 1109 495 1162 τούτοις
510 1112 560 1155 τὰ
582 1111 821 1170 κατάχρυσα
841 1114 907 1154 καὶ
925 1116 1201 1168 τηλαυγοῦντα
1228 1110 1389 1168 δένδρα,

239 1181 410 1232 χρυσίου
432 1184 483 1234 τῇ
500 1179 728 1239 χλωρότητι
750 1180 1005 1239 πυρράζοντα
1024 1179 1249 1237 μακρόθεν,

106 1241 218 1286 4800
241 1245 284 1286 ἓν
307 1242 368 1296 οἷς
388 1248 590 1303 στρουθία
603 1249 779 1300 μουσικὰ
795 1250 1072 1308 χρυσότευκτα
1093 1253 1294 1304 καθῆστο,

242 1310 299 1363 ὥς
318 1315 360 1356 ἓν
382 1312 568 1366 πετάλοις
584 1317 724 1366 πίτυος
743 1314 769 1370 ἢ
787 1316 935 1371 πεύκης
951 1317 1198 1373 ἀκροκόμου,

238 1383 286 1424 -ἓκ
308 1387 494 1438 μηχανῆς
509 1384 693 1439 ἐκχέοντα
711 1383 873 1439 λάλημα
891 1383 1088 1439 μελιτόεν.

241 1449 373 1502 οὕτως
391 1451 621 1509 ἀνθρώπων
638 1455 864 1511 τεχνουργοὶ
885 1451 1181 1509 πολυμηχάνων
1194 1458 1327 1511 χεῖρες

242 1519 535 1577 ἄντιφερίζουσι
555 1526 705 1579 μικροῦ
723 1527 774 1580 τῇ
793 1524 1011 1582 ψυχωτρίᾳ
1033 1521 1166 1581 φύσει.

103 1585 216 1630 4805
285 1591 338 1630 Εἴ
358 1590 405 1631 δέ
423 1607 484 1640 τις
503 1590 787 1649 ἀκριβέστερον
810 1596 1066 1646 καταμαθεῖν
1083 1589 1250 1647 θελήσει
1595 1593 1625 1628 Β

242 1656 289 1699 τὸ
312 1657 600 1714 μεγαλόψυχον
621 1660 748 1702 αὐτοῦ
766 1661 833 1702 καὶ
854 1660 927 1716 τὴν
947 1662 1229 1718 φιλοκοσμίαν,

242 1727 299 1776 εἷς
315 1727 410 1778 τοὺς
426 1730 798 1785 θαλασσογείτονας
815 1728 1012 1785 βλεψάτω
1032 1728 1285 1786 περιβόλους,

242 1794 372 1850 οἳτὴν
389 1790 580 1854 λαμπρὰν
598 1798 641 1840 ἓν
663 1796 801 1842 πόλεσι
825 1803 1142 1857 περιφρουροῦσι
1154 1797 1284 1841 πόλιν.

237 1864 391 1918 χειμών
411 1865 490 1922 γὰρ
516 1864 656 1923 ἄγριός
675 1884 769 1910 ποτε
791 1869 1044 1923 κατενεχθεὶς
1059 1866 1303 1925 βαρῦθρους

104 1929 219 1974 4810
235 1932 308 1987 τὴν
328 1932 462 1990 ἅλμην
484 1934 808 1992 ἓκρυστάλλωσεν
828 1937 903 1988 ἕως
929 1937 1102 1979 ἀπλέτου
1123 1935 1288 1991 βάθους

240 2028 332 2064 4802
349 2027 582 2074 ἐκπέμποντα
604 2031 644 2066 Μ
806 2031 898 2068 4809
916 2031 1157 2073 κατασκεθεὶς
1180 2033 1226 2067 R.
1257 2043 1302 2067 an
1323 2030 1571 2075 καταχεθείςΐ

196 2106 287 2143 Tam
324 2109 431 2156 impie
465 2115 580 2145 autem
618 2111 815 2146 immaniter
851 2117 889 2146 et
928 2111 1079 2156 maligne
1113 2111 1304 2158 imperator
1350 2111 1571 2157 Theophilus

103 2164 188 2199 erg-a
204 2154 374 2201 imagines
395 2162 432 2191 et
453 2168 629 2192 sacrorum
646 2158 801 2193 vultuum
817 2158 985 2203 picturas,
1005 2158 1042 2192 in
1057 2159 1184 2193 statuis
1206 2170 1403 2203 expressas,
1423 2159 1570 2192 affectus

103 2206 244 2236 caetera
274 2212 466 2247 generosus
501 2210 598 2249 erat,
627 2204 800 2250 praeclari
826 2203 967 2249 iudicii,
992 2204 1080 2239 iuris
1107 2210 1143 2239 et
1169 2216 1210 2239 ae
1236 2205 1272 2239 ui
1302 2205 1570 2249 sanctarumque

101 2245 230 2291 legum⁴
247 2249 589 2285 observantissimus.
637 2250 930 2296 magnificentiam
954 2250 1024 2285 viri
1048 2250 1132 2285 licet
1159 2263 1203 2285 ex
1247 2263 1289 2285 oc
1306 2249 1569 2286 evidentissimo

102 2292 233 2328 indicio
265 2294 429 2341 colligas,
462 2298 557 2341 quod
585 2303 694 2332 artem
723 2297 939 2341 excogitavit
966 2297 1139 2332 condendi
1177 2309 1310 2342 organa
1338 2296 1488 2341 musica,
1525 2299 1571 2332 ‹le

102 2339 229 2383 quibus
253 2342 413 2377 machina
431 2345 579 2387 quadam
597 2344 742 2389 spiritus
768 2343 914 2377 emissus
935 2343 1104 2378 iucundos
1128 2356 1170 2378 ac
1187 2343 1342 2378 suaviter
1364 2349 1572 2378 resonantes

102 2390 224 2420 cantus
241 2388 366 2424 efficit.
414 2390 504 2423 adde
524 2389 577 2423 his
602 2392 746 2424 arbores
765 2389 842 2423 illas
866 2401 990 2424 aureas
1010 2389 1152 2435 lateque
1171 2389 1395 2434 splendentes
1407 2417 1416 2434 ,
1435 2389 1472 2423 in
1491 2390 1571 2435 qui-

102 2433 168 2467 bus
190 2433 348 2469 aviculae
378 2434 530 2470 musicae
562 2447 606 2470 ex
629 2447 714 2470 auro
746 2437 863 2470 factae
885 2436 1114 2470 considebant
1141 2440 1304 2481 tanquam
1326 2435 1363 2470 in
1386 2436 1488 2481 pinus
1514 2441 1576 2471 aut

100 2489 270 2524 procerae
289 2481 412 2525 piceae
432 2481 537 2516 ramis
550 2508 560 2526 ‚
580 2481 702 2517 itidem
723 2482 904 2517 machinae
928 2482 1104 2516 cuiusdam
1129 2493 1237 2527 opera
1257 2479 1414 2516 melleum
1436 2494 1575 2517 carmen

101 2524 331 2561 modulantes.
378 2526 537 2562 nimirum
558 2528 610 2562 ita
634 2528 828 2563 mortalium
851 2528 950 2562 varia
971 2527 1244 2573 excogitantium
1268 2528 1480 2563 artificiosae
1500 2541 1575 2563 rua-

101 2581 166 2605 nus
196 2582 319 2617 parum
341 2573 442 2608 abest
464 2574 549 2619 quin
568 2574 648 2620 ipsa
674 2586 749 2609 cum
769 2580 912 2619 natura,
935 2585 994 2609 res
1011 2574 1112 2609 vivas
1134 2575 1370 2620 producente,
1397 2575 1435 2609 in
1458 2581 1575 2610 certa-

100 2629 180 2652 men
211 2619 438 2654 descendant.
485 2620 612 2666 quodsi
645 2621 724 2667 quis
759 2622 956 2656 accuratius
987 2631 1200 2665 cognoscere
1244 2620 1342 2666 cupit
1383 2621 1576 2676 Theophili

99 2664 394 2709 magnificentiam
421 2670 457 2700 et
487 2667 525 2701 in
546 2668 653 2702 rebus
683 2667 848 2703 ornandis
873 2667 1043 2711 studium,
1075 2666 1106 2701 is
1125 2666 1210 2701 mihi
1228 2666 1332 2702 velim
1354 2679 1471 2702 muros
1492 2667 1572 2702 1llos

99 2711 188 2746 mari
208 2710 346 2745 vicinos
361 2711 552 2747 intueatur.

191 2757 330 2792 Accidit
352 2758 444 2791 euim
475 2757 554 2804 ipso
579 2759 774 2805 imperante
805 2765 845 2794 ut
867 2759 977 2794 hiems
1011 2770 1119 2794 saeva
1145 2769 1241 2793 mare
1271 2770 1312 2793 co
1338 2762 1416 2794 eret
1436 2759 1474 2793 in
1492 2759 1569 2803 gla-

99 2803 187 2839 ciem
206 2805 249 2838 ad
269 2802 542 2849 profunditatem
563 2816 648 2840 sane
668 2806 867 2841 immensam
879 2833 889 2851 ,
915 2805 1160 2851 humidamque
1183 2804 1269 2839 illud
1295 2817 1315 2839 e
1330 2810 1500 2840 ementum
1517 2805 1569 2838 la—

99 2850 192 2897 pidis
219 2850 264 2886 ad
285 2849 450 2885 duritiem
474 2849 629 2887 fluxione
655 2863 798 2898 prorsus
825 2854 989 2900 adempta
1020 2851 1226 2898 redigeret,
1247 2851 1382 2898 frigore
1408 2849 1568 2886 nimirum
