1924 3242
290 173 320 217 8
889 191 893 196 ·
923 177 1107 229 IOELIS

416 285 466 331 Ὁ
492 286 638 346 Θάρρα
658 289 836 344 ἐγέννησε
858 288 928 332 τὸν
941 287 1148 348 Ἀβραάμ,
1174 291 1243 334 τὸν
1259 291 1422 346 Μαχωὲ
1438 293 1506 335 καὶ
1525 291 1595 335 τὸν
1607 290 1740 349 Ἀρὰμ

288 352 357 398 τὸν
387 356 540 413 πατέρα
570 360 644 398 τοῦ
672 355 806 409 Λώτ,
849 355 893 408 ὃς
923 360 990 400 καὶ
1019 359 1197 414 ἀπέθανε
1225 359 1303 416 πρὸ
1333 364 1407 402 τοῦ
1436 359 1589 417 πατρὸς
1613 359 1740 402 abrec·

291 420 462 479 Θάρρα·
496 427 570 466 τοῦ
592 423 669 480 γὰρ
685 425 873 482 Ἀβραὰμ
893 425 1127 483 ἐμπρησμὸν
1147 425 1388 482 ποιήσαντος
1407 427 1509 471 ὥστε
1533 431 1740 470 κατακαῦ-

287 506 359 532 σαι
387 490 439 532 τὰ
474 490 621 534 εἷ’δωλα
654 497 728 535 τοῦ
754 493 913 550 ’πατρὸς
946 495 1091 546 αὐτοῦ,
1139 494 1332 538 εἰσελθών
1364 495 1496 552 Ἀρὰμ
1533 495 1743 546 ἐξελέσθαι

287 556 392 600 αὐτὰ
416 557 618 602 ἀπέθανεν
639 560 681 602 ἓν
702 565 760 618 τῷ
785 560 971 617 οἰκήματι
995 561 1162 605 ἐνώπιον
1185 567 1259 605 τοῦ
1278 562 1432 619 πατρὸς
1453 563 1592 605 αὐτοῦ.
1639 588 1642 590 -
1692 615 1695 617 Α
1716 591 1722 603 -.
1750 567 1773 604 5

235 632 265 666 Β
418 625 489 668 Ἐκ
509 628 738 683 τοῦγένους
759 630 882 672 Σίὸου
902 630 994 672 υἱοῦ
1011 629 1222 686 Αἰγύπτου
1231 662 1245 682 ,
1277 631 1477 684 βασιλέως
1492 630 1743 689 Αἰγυπτίων,

287 690 476 749 κατήχθη
507 697 646 750 Μελχὶ
680 695 701 738 ὃ
738 698 871 754 πατὴρ
898 702 971 740 τοῦ
1004 699 1153 749 Σεδέκ,
1196 697 1241 748 ὃς
1272 696 1480 753 γενόμενος
1514 697 1641 754 ἱερεὺς
1669 701 1744 740 τοῦ

286 765 391 815 θεοῦ
411 764 478 803 καὶ
498 763 690 818 βασιλεὺς
712 770 792 807 τῶν
811 767 1057 808 Χαναναίων
1079 764 1281 820 ἐπεκλήθη
1304 766 1558 820 Μελχισεδὲκ
1578 781 1744 822 πατρω-

285 833 481 882 νυμικῶς,
516 833 584 875 καὶ
613 833 751 883 κτίσας
782 831 896 875 πόλιν
925 834 966 875 ἓν
997 838 1056 891 τῷ
1084 833 1167 890 ὄρει
1198 833 1305 875 Σιὼν
1334 832 1590 888 ἐπωνόμασεν
1617 833 1746 888 αὐτὴν,

287 895 459 951 Σαλήμ,
492 896 515 940 ὅ
540 899 646 942 ἔστιν
672 898 828 957 εἰρήνης
852 899 988 952 πόλις,
1025 903 1065 943 ἐν
1091 896 1119 958 ᾗ
1141 903 1207 944 καὶ
1227 900 1472 955 βασιλεύσας
1492 900 1559 956 ἔτη
1582 899 1632 957 ιγ’
1656 901 1742 943 ἓτε-
1754 907 1798 942 10

287 962 452 1019 λεύτησε
475 967 627 1020 δίκαιος
647 970 714 1009 καὶ
734 969 961 1025 παρθένος,
992 967 1053 1020 ὥς
1069 971 1192 1026 φησὶν
1209 967 1414 1024 Ἰώσηπος.
1482 969 1584 1025 λε’γει
1609 969 1654 1011 δὲ
1673 970 1743 1011 καὶ

286 1030 309 1073 ὃ
326 1033 467 1088 Δμε’γας
494 1033 711 1091 Κύριλλος.
779 1034 1087 1092 ἀγενεαλόγητος
1114 1037 1268 1094 εἴρηται
1287 1038 1542 1091 Μελχισεδὲκ
1562 1035 1675 1093 παρὰ
1695 1037 1743 1078 τὸ

285 1099 344 1153 μὴ
362 1098 555 1158 ὑπάρχειν
575 1103 617 1144 ἐκ
635 1107 708 1145 τοῦ
727 1105 957 1160 σπέρματος
968 1105 1156 1161 Ἀβραὰμ
1176 1103 1304 1156 ὅλως,
1337 1105 1441 1159 μηδὲ
1456 1102 1534 1146 ὖπὸ
1554 1103 1744 1154 Μωσέως

284 1172 623 1224 γενεαλογηθῆναι
634 1202 647 1222 ,
678 1169 776 1214 εἶναι
807 1173 852 1214 δὲ
878 1174 1115 1214 Χαναναΐον
1135 1172 1181 1215 τὸ
1203 1172 1315 1227 γένος
1338 1174 1406 1213 καὶ
1427 1172 1471 1213 ἐκ
1494 1175 1567 1226 τῆς
1588 1169 1745 1228 ἐπαρά-

234 1242 265 1277 C
288 1252 359 1290 του
393 1241 549 1293 σπορᾶς
578 1236 825 1294 ὁρμώμενον.
891 1238 989 1281 ὅθεν
1023 1240 1116 1281 οὐδὲ
1146 1240 1398 1294 γενεαλογίας
1422 1239 1614 1293 ἠξίωται·
1637 1239 1744 1294 ,οὐδὲ
1755 1243 1798 1280 15

285 1303 364 1359 γὰρ
398 1305 730 1360 πρεπωδέστατον
758 1300 808 1360 ἦν
834 1303 904 1349 τὸν
931 1310 1003 1360 τῆς
1029 1306 1158 1363 ἄκρας
1182 1304 1438 1360 δικαιοσύνης
1461 1306 1746 1360 ἐπειλημμένον

285 1371 524 1425 συμπλέκειν
558 1377 617 1429 τῷ
648 1377 721 1427 τῆς
755 1372 883 1429 ἄκρας
913 1373 1071 1424 ἀδικίας
1101 1374 1215 1429 γένει.
1279 1372 1306 1428 ἦ
1342 1374 1387 1416 δὲ
1412 1372 1676 1431 Ἰερουσαλὴμ
1701 1374 1746 1416 ἐκ

286 1437 527 1494 προσθήκης
559 1444 633 1494 τῆς
658 1444 731 1482 τοῦ
758 1441 867 1496 ἱεροῦ
887 1445 1094 1496 συλλαβῆς
1114 1441 1218 1496 μετὰ
1238 1445 1310 1496 τῆς
1328 1442 1476 1496 Σαλὴμ
1494 1442 1598 1484 κατὰ
1618 1440 1746 1484 συνά-

287 1523 406 1562 φειαν
427 1505 652 1562 ὠνομάσθη
673 1506 921 1565 φερωνύμως
931 1507 1195 1566 Ἰερουσαλήμ
1203 1541 1216 1560 ,
1242 1513 1300 1565 πῇ
1316 1510 1391 1562 μὲν
1408 1509 1476 1551 διὰ
1492 1509 1566 1563 τὴν
1584 1509 1743 1566 ἱερουρ-

285 1575 376 1629 γιάν
392 1578 465 1616 τοῦ
482 1576 756 1629 Μελχισεδέκ,
794 1580 851 1632 πῇ
871 1576 915 1618 δὲ
940 1577 1008 1619 διὰ
1030 1577 1103 1632 τὴν
1123 1581 1197 1621 τοῦ
1217 1576 1327 1633 ἱεροῦ
1348 1580 1449 1622 ναοῦ
1468 1566 1800 1631 κατασκευήν-20

280 1642 431 1695 Ἰεβοῦς
452 1642 530 1699 γὰρ
551 1644 727 1685 ἐκαλεῖτο
748 1643 901 1700 πρώην.

420 1709 530 1752 Λὼτ
558 1710 725 1764 ἀνεψιὸς
753 1715 827 1752 τοῦ
849 1710 1039 1767 Ἀβραὰμ
1067 1710 1110 1752 ἔκ
1138 1713 1218 1753 τῶν
1247 1708 1320 1753 δύο
1346 1711 1584 1768 θυγατέρων
1616 1711 1745 1754 αὐτοῦ

286 1776 488 1832 ε’γέννησεν
513 1778 628 1828 υἱοὺς
657 1777 753 1831 δύο,
787 1776 934 1834 Μῶαβ
960 1780 1027 1820 καὶ
1056 1778 1126 1821 τὸν
1147 1776 1330 1832 Ἀμμάν,
1365 1780 1407 1830 ἐξ
1432 1774 1488 1823 ὧν
1513 1781 1743 1834 Μωαβῖται

286 1846 353 1887 καὶ
370 1845 623 1901 Ἀμμανῖται.

380 2002 516 2037 Thai-ra
537 2002 655 2049 genuit
680 2002 907 2038 Abrahamum
928 2002 1073 2038 Mache&
1099 2003 1135 2037 et
1160 2001 1318 2036 Aramum
1343 2000 1422 2036 Loti
1470 2002 1597 2043 atrem,
1621 1999 1680 2045 qui
1706 2002 1743 2035 et

288 2050 370 2082 ante
397 2049 563 2084 Thai-ram
587 2050 658 2083 vita
678 2051 814 2084 functus
830 2054 892 2083 est.
939 2060 1015 2082 nam
1029 2059 1103 2083 cum
1117 2048 1327 2082 Abrahamus
1342 2047 1440 2081 incen
1465 2046 1530 2080 ium
1545 2044 1743 2088 excitasset,

288 2096 328 2126 ut
342 2092 435 2127 idola
450 2095 560 2140 patris
575 2096 779 2137 absumeret,
798 2096 953 2136 Aramus,
977 2094 1055 2128 dum
1070 2105 1110 2128 ea
1126 2094 1169 2127 ab
1184 2093 1266 2137 igne
1278 2103 1416 2126 servare
1432 2091 1616 2135 contendit,
1639 2090 1745 2134 domi,

286 2136 324 2171 in
343 2149 444 2183 quam
458 2140 573 2174 fuerat
585 2141 756 2184 ingressus
766 2165 776 2180 ‚
799 2140 938 2173 vidente
952 2144 1053 2186 patre
1065 2165 1076 2182 ,
1099 2138 1239 2172 flammis
1255 2141 1420 2171 crematus
1436 2136 1606 2170 occubuit.

304 2206 309 2210 ‚
379 2184 436 2217 Ex
463 2185 626 2227 sanguine
655 2186 728 2219 Sidi
755 2185 818 2219 filii
841 2185 993 2229 Aegypti
1016 2184 1108 2228 regis
1130 2183 1373 2228 Aegyptiorum
1391 2186 1491 2216 natus
1511 2186 1562 2215 est
1575 2181 1744 2215 Meicbius

286 2229 387 2273 pater
420 2229 555 2263 Sedeci.
600 2230 655 2263 hic
679 2230 794 2264 divino
822 2230 1014 2264 sacerdotio
1042 2228 1251 2273 imperioque
1275 2227 1551 2261 chananaeorum
1576 2230 1744 2260 auctus‘a.

289 2277 389 2318 patre
412 2285 532 2308 nomen
556 2275 694 2317 habuit,
717 2275 894 2319 dictusque
909 2280 959 2308 est
975 2273 1256 2313 Melchisedecus,
1279 2273 1462 2316 urbemque
1479 2272 1514 2305 in
1531 2276 1646 2311 monte
1659 2272 1745 2305 Sion

290 2317 442 2352 condidit
452 2344 463 2360 ,
488 2319 601 2353 Salem
618 2320 862 2353 denominatam
873 2346 884 2361 ‚
907 2320 1005 2364 quasi
1020 2319 1148 2353 diceret
1162 2318 1333 2351 civitatem
1348 2316 1461 2362 pacis:
1485 2317 1521 2350 in
1539 2328 1580 2351 ea
1596 2328 1670 2351 cum
1686 2328 1744 2351 re-

289 2369 432 2407 gnasset
445 2374 550 2397 annos
564 2365 725 2398 tredecim
737 2392 748 2407 ‚
770 2365 845 2398 vita
863 2366 1000 2398 functus
1021 2369 1094 2405 est,
1119 2363 1227 2396 iustus
1240 2366 1276 2395 et
1289 2362 1387 2406 virgo
1397 2388 1408 2404 ‚
1437 2366 1478 2396 ut
1493 2362 1655 2407 Iosephus
1670 2366 1745 2396 tra-

289 2408 354 2443 dit.
398 2420 541 2452 magnus
556 2409 705 2453 Cyrinus
719 2410 763 2443 de
780 2420 820 2443 eo
835 2410 920 2443 haec
939 2410 1052 2443 babet.
1099 2407 1368 2442 Melchisedecus
1386 2407 1458 2441 sine
1473 2407 1675 2451 genealogia
1690 2408 1744 2442 di-

290 2454 378 2487 citur
391 2479 402 2497 ,
424 2453 513 2498 quod
530 2466 573 2488 ex
588 2454 715 2488 semine
729 2454 910 2489 Abrahami
924 2465 990 2487 non
1011 2452 1131 2495 suerit,
1155 2463 1265 2497 neque
1280 2464 1301 2486 a
1317 2453 1440 2496 Moyse
1455 2451 1527 2487 eius
1541 2452 1745 2497 genealogia

289 2499 472 2544 descripta.
518 2503 594 2534 erat
624 2511 725 2545 porro
753 2511 882 2544 genere
911 2499 1131 2532 chananaeus
1142 2523 1154 2539 ‚
1193 2498 1382 2531 execrando
1415 2499 1540 2531 semine
1569 2497 1744 2539 oriundus,

289 2555 395 2588 quare
412 2555 474 2579 nec
490 2544 607 2589 dignus
623 2545 758 2579 habitus
770 2549 826 2579 est
843 2545 937 2577 cuius
954 2543 1157 2588 genealogia
1179 2543 1244 2576 scri
1269 2543 1315 2576 tis
1337 2543 1572 2577 mandaretun
1595 2543 1747 2577 dedece—

290 2590 351 2623 bat
366 2589 492 2643 quippe
511 2589 776 2624 absolutissimae
788 2589 938 2643 iustitiae
953 2593 1155 2641 sectatorem
1176 2599 1239 2642 pei·
1265 2587 1424 2622 itissimae
1440 2588 1611 2632 nequitiae
1626 2587 1744 2642 generi

287 2635 719 2723 ffissffiffimfliissl'ffi'ss
734 2633 1744 2725 313,0¹22?&3¹0sssssffi24023303¹⁰v21⁸¹533333223

287 2725 399 2761 sancti
413 2726 643 2760 extructione:
665 2738 740 2760 nam
756 2726 849 2772 prius
864 2726 965 2759 Iebus
983 2725 1249 2768 nuncupabatur.

378 2770 485 2806 Lotus
508 2772 686 2806 Abrahami
713 2772 832 2806 fratris
853 2771 943 2805 filius
962 2770 1047 2804 duos
1062 2769 1149 2803 filios
1165 2781 1209 2803 ex
1224 2769 1358 2803 filiabus
1372 2768 1510 2813 genuit,
1533 2767 1690 2809 Moabum
1706 2768 1741 2800 et

287 2817 500 2860 Ammanum,
521 2829 565 2853 ex
580 2817 703 2863 quibus
719 2816 894 2853 Moabitae
908 2820 945 2852 et
960 2815 1168 2852 Ammanitae
1182 2814 1342 2860 originem
1357 2815 1491 2850 babent.
