1872 3236
135 0 224 27 {tw-‘2³'

113 37 115 39 .
137 29 158 44 t*
168 27 185 47 ¹⁸}

489 136 867 222 comPENDmM
914 172 1267 221 CHRONICUM.
1513 169 1606 217 191

275 290 402 350 αῧτῆν
419 290 465 336 δὲ
483 287 807 348 διαπράττεσθαι
826 289 954 345 μηδέν
973 307 1013 332 τι
1036 287 1274 344 δυναμένην,

138 362 252 411 4450
273 361 516 420 Πάτροκλον
538 361 666 415 δῆθεν
686 357 893 416 πρόφασιν
909 358 1073 415 εὔλογον
1094 357 1314 416 εὑραμένη,

277 429 402 482 (ὅςού
421 432 556 479 καλῶς
577 426 598 471 ὅ
619 427 814 483 βασιλεὺς
831 427 937 470 ἀλλὰ
963 430 1030 470 καὶ
1051 426 1302 484 παρανόμως

275 499 351 552 τὰς
369 497 494 556 κόρας
516 496 805 554 ἄπησβόλωσεν
823 496 951 539 αὐτοῦ
968 500 1050 539 τῶν
1074 497 1387 553 πατραδέλφων,

277 572 478 612 κοινοῦται
503 571 582 624 φεῦ
600 573 685 617 τοῖς
705 565 816 623 ἄμφ’
842 565 969 620 αὐτὴν
989 564 1063 619 τὴν
1084 562 1276 620 θηριώδη
1295 561 1473 620 γνώμην,

277 635 449 692 εὖρίσκει
469 634 626 687 πάντας
646 635 866 686 εὐπειθεῖς,
902 631 1075 688 ἀνήκοον
1096 633 1263 675 οὖὸένα·

141 707 252 752 4455
276 708 344 749 καὶ
367 707 410 748 τί
427 705 505 761 γὰρ
527 703 576 747 ἄν
600 705 673 747 οὔκ
697 703 876 762 ἔδρασαν
897 703 935 745 οἳ
956 705 1347 757 θαλαμηπολοῦντες

276 775 456 829 εὐνοῦχοι
476 771 764 831 ῥυπαρόψυχοι
774 804 787 825 ,
818 770 980 815 πάντων
998 776 1133 815 κακῶν
1154 769 1349 828 ἐργάταις

276 842 433 900 ‘evea-”u
455 843 528 898 τὴν
546 842 764 897 ἐπιβουλὴν
782 846 861 900 φεῦ
880 841 984 884 κατὰ
1002 844 1076 883 τοῦ
1095 838 1308 897 φιλτάτου,

277 912 374 963 τοὺς
389 909 565 969 τρόπους
583 909 837 954 ὖποτίθεται.
904 911 948 952 τί
966 909 1017 965 δὴ
1034 909 1080 952 τὸ
1099 909 1204 964 μετὰ
1221 912 1378 959 ταῦτα,·

274 980 454 1024 ῧπνωττε
469 981 545 1035 μὲν
563 978 584 1022 ὃ
607 977 822 1034 βασιλεύς,
853 978 948 1021 ἄλλ’
969 977 1096 1021 ὕπνον
1117 976 1378 1031 σκοτοὸότην,

139 1047 253 1093 4460
274 1049 400 1092 ὕπνον
416 1050 518 1104 μεθ’
538 1048 584 1091 ὃν
605 1048 676 1091 οὔκ
694 1049 832 1102 εζιιελλε
851 1046 1000 1099 κάλλος
1018 1045 1135 1103 ἡλίου
1150 1047 1335 1100 βλέπειν·

277 1119 316 1161 οἶ
338 1119 381 1161 δ’
406 1120 626 1174 εἷσπηδῶσι
648 1116 817 1175 κόρακες
839 1116 974 1174 ὥσπερ
993 1114 1352 1174 ὄφθαλμορύκται,

277 1189 344 1229 καὶ
365 1192 447 1230 τῶν
467 1185 664 1241 ὀμμάτων
684 1191 762 1243 φεῦ
782 1186 910 1230 αὐτοῦ
932 1186 978 1229 τὸ
1004 1186 1124 1236 σέλας
1143 1185 1390 1240 ἀμαυροῦσι.

276 1257 344 1297 καὶ
363 1259 505 1311 γλῆναι
524 1255 600 1308 μὲν
617 1255 832 1311 κατέρρεον
851 1255 895 1297 ἐκ
913 1259 994 1297 τῶν
1013 1254 1140 1297 αὐτοῦ’
1154 1251 1389 1310 βλεφάρων,

276 1325 344 1366 καὶ
367 1322 600 1378 σταλαγμὸς
620 1322 846 1379 αἱματηρὸς
866 1322 1033 1376 ἕμόλυνε
1050 1323 1146 1373 τοὺς
1165 1323 1356 1373 πέπλους,

139 1391 252 1435 4465
277 1394 346 1435 καὶ
362 1390 525 1446 χάλαζα
543 1391 776 1445 κατέβαινεν
793 1393 836 1434 ἐκ
855 1389 982 1448 φόνου
1001 1391 1280 1448 σφαιρουμένη
1293 1404 1306 1415 ·

276 1460 401 1511 αὐτὸς
424 1461 466 1503 δ’
491 1458 512 1502 ὃ
533 1461 870 1515 τληπαθέστατος
891 1459 1016 1502 ἔκειτο
1038 1461 1305 1516 σφακελίζων,

275 1530 418 1584 θέαμα
439 1532 518 1587 φεῦ
541 1527 721 1580 ἐλεεινόν,
755 1533 900 1571 πεῖθον
918 1532 1080 1571 πενθεῖν
1100 1530 1167 1571 καὶ
1188 1530 1356 1579 λίθους,

278 1599 364 1641 ἔκεῖ
378 1597 453 1648 τὰς
472 1597 590 1652 ὄψεις
609 1598 787 1648 ἐκκοπείς
795 1630 809 1650 ,
842 1598 928 1640 ἐκεῖ
946 1599 1137 1651 σβεσθεὶς
1155 1597 1230 1647 τὰς
1250 1595 1389 1653 κόρας,

274 1666 377 1710 ὅπου
397 1666 444 1710 τὸ
463 1671 624 1723 πρῶτον
645 1666 816 1721 ἴβλεψεν
837 1665 954 1721 ἡλίου
975 1666 1049 1717 τὰς
1070 1664 1311 1720 λαμπάδας·

136 1734 250 1780 4470
270 1733 507 1794 Πορφύραν
525 1733 791 1790 ὀνομάζουσιν
807 1736 955 1785 ἐκεῖνον
969 1735 1042 1778 τὸν
1063 1737 1254 1778 οἰκίσκον.

273 1806 335 1856 τίς
349 1803 593 1861 τηλικαύτην
609 1804 756 1861 ἤκουσε
774 1802 1025 1863 βαρύθυμον
1047 1805 1213 1860 μανίαν,

228 1900 322 1937 4450
340 1896 366 1936 ὅ
386 1911 502 1946 φασιν
517 1901 550 1936 A
687 1900 780 1938 4471
807 1898 939 1948 ἔβλεψε
962 1901 994 1935 Α

135 1979 245 2017 vitam
270 1980 471 2016 indecoram
501 1992 607 2026 agere
641 1991 778 2027 proque
807 1980 913 2015 animi
944 1981 999 2015 sui
1032 1980 1205 2016 arbitratu
1232 1984 1358 2016 cuncta
1391 1992 1516 2026 gerere
1549 1981 1604 2016 vi-

136 2029 256 2071 deret,
290 2027 370 2074 ipsa
399 2038 523 2082 parum
558 2028 739 2062 admodum
769 2028 915 2062 efficere
946 2028 1109 2071 valente,
1145 2034 1287 2072 reperta
1315 2026 1453 2062 scilicet
1474 2041 1605 2075 oppor-

135 2080 245 2118 tuna,
279 2086 343 2113 ceu
373 2074 445 2109 dici
471 2073 582 2118 solet,
623 2073 830 2118 occasione,
879 2085 970 2118 quae
999 2074 1154 2120 speciem
1180 2073 1330 2118 aliquam
1354 2075 1542 2119 aequitatis
1571 2081 1608 2109 et

135 2119 285 2156 rationis
317 2120 488 2165 haberet,
535 2120 636 2165 quasi
667 2126 810 2166 praeter
836 2119 891 2154 ius
922 2124 1028 2166 atque
1060 2122 1114 2155 fas
1144 2119 1336 2166 imperator
1367 2121 1440 2155 suis
1471 2122 1607 2167 patruis

136 2166 256 2202 oculos
286 2167 458 2210 emisset,
494 2178 571 2200 cum
605 2166 678 2200 suis
710 2168 858 2200 immane
889 2167 1072 2200 consilium
1106 2166 1356 2211 communicat,
1397 2171 1434 2201 et
1467 2167 1608 2212 quidem

137 2223 258 2248 ornnes
295 2213 562 2259 obtemperandi
596 2212 742 2259 cupidos
781 2211 938 2258 reperit,
986 2213 1231 2248 adversantem
1270 2212 1456 2248 neminem.
1523 2214 1609 2259 quid

137 2259 230 2295 euim
253 2258 490 2293 cubiculorum
513 2260 677 2294 custodes
701 2259 871 2302 eunuchi,
910 2259 1026 2294 foedis
1050 2259 1173 2294 animis
1196 2258 1372 2304 praediti,
1406 2262 1609 2295 cunctorum

136 2305 302 2340 malorum
325 2310 600 2352 perpetratores,
624 2317 694 2339 non
712 2305 900 2340 facerent?
945 2304 1056 2350 igitur
1076 2305 1224 2340 insidias
1242 2305 1315 2339 filio
1339 2305 1520 2340 carissimo
1544 2319 1611 2353 per

138 2351 311 2397 speciem,
342 2351 444 2396 quasi
465 2351 554 2387 male
572 2363 612 2386 se
633 2357 793 2396 gereret,
816 2351 945 2394 struit3
976 2363 1076 2398 quem
1098 2357 1260 2386 conatum
1279 2352 1477 2386 huiusmodi
1498 2363 1607 2397 quae-

234 2403 422 2433 consecuta
439 2402 534 2432 sunt.
581 2398 675 2432 forte
694 2409 850 2432 somnum
872 2398 1036 2444 capiebat
1057 2398 1260 2444 imperator,
1285 2399 1515 2444 peracerbum
1537 2400 1607 2446 ipsi

138 2443 311 2489 profecto,
333 2449 416 2490 post
433 2455 535 2489 quem
556 2444 713 2479 uoniam
737 2444 820 2478 solis
845 2444 1139 2490 pulchritudinem
1163 2444 1310 2490 amplius
1334 2444 1475 2478 visurus
1498 2451 1607 2481 esset.

138 2494 211 2524 tum
232 2488 284 2523 illi
305 2501 487 2527 corvorum
510 2490 548 2525 in
571 2502 722 2534 morem,
747 2489 866 2525 oculos
891 2491 1106 2534 eruentium,
1131 2490 1355 2536 imperatoris
1380 2490 1417 2524 in
1441 2491 1608 2526 conclave

137 2534 346 2580 irrumpunt,
370 2541 407 2570 et
430 2535 543 2571 lumen
570 2536 746 2572 oculorum
768 2536 844 2571 eius
866 2537 978 2583 (proh
996 2538 1138 2572 foedum
1159 2536 1340 2581 facinus2)
1366 2537 1607 2581 exstinguunt.

137 2592 219 2615 mox
239 2580 391 2626 pupillae
409 2582 585 2618 oculorum
604 2583 733 2627 delabi,
758 2582 872 2618 stillae
891 2583 1106 2629 sanguineae
1129 2583 1252 2629 peplos
1270 2582 1478 2628 inquinare,
1503 2595 1608 2618 cruor

138 2627 177 2661 in
199 2638 328 2662 morem
346 2628 525 2672 grandinis
551 2629 774 2675 conglobari,
797 2629 990 2675 imperator
1016 2630 1096 2675 ipse
1121 2629 1441 2664 calamitosissimus
1465 2630 1509 2664 ad
1530 2635 1605 2664 ter-

135 2684 210 2708 ram
235 2671 413 2727 proiectus
434 2675 548 2711 animo
571 2676 736 2720 deficere,
759 2676 996 2722 spectaculum
1021 2677 1123 2720 (heu)
1147 2676 1347 2710 miserabile
1361 2702 1371 2720 ,
1396 2676 1491 2721 quod
1515 2675 1605 2721 ipsis

134 2718 311 2764 lapidibus
324 2718 478 2754 dolorem
492 2728 686 2757 excuteret.
713 2728 750 2757 et
767 2722 908 2769 quidem
927 2735 968 2757 eo
986 2721 1066 2768 ipso
1084 2722 1122 2756 in
1139 2722 1217 2757 loco
1236 2722 1348 2757 visum
1368 2722 1477 2756 oculis
1496 2723 1603 2756 effos-

135 2765 186 2800 sis
208 2764 347 2810 amisit,
381 2766 510 2810 quoin
531 2767 609 2803 loeo
632 2767 779 2815 primum
801 2769 952 2803 omnium
979 2769 1098 2803 radios
1128 2768 1212 2803 solis
1242 2773 1441 2815 aspexerat.
1489 2768 1604 2802 solent

133 2815 250 2847 autem
273 2812 410 2846 domum
430 2811 525 2848 illam
541 2825 743 2861 nuncupare
760 2815 993 2861 Porphyram‚
1019 2815 1087 2849 hoc
1109 2818 1165 2849 est
1183 2826 1251 2870 pur
1277 2827 1386 2850 uram.
1432 2814 1511 2859 quis
1535 2825 1601 2847 un·-

133 2868 238 2904 quam
267 2861 402 2895 tantum
429 2858 582 2896 furorem
609 2862 717 2897 fando
739 2861 896 2909 audivit,
929 2873 1032 2909 quem
1051 2865 1165 2898 mater
1183 2873 1222 2898 in
1282 2861 1350 2897 'um
1372 2859 1601 2896 evomuerit?

1632 286 1729 322 P91
