1924 3242
276 187 374 234 272
653 188 1044 235 CONSTANTINI
1082 189 1346 235 MANASSIS

407 302 556 359 γίνεται
576 306 672 358 γοῦν
689 301 908 361 ὑπέρτερος
927 301 948 345 ὅ
967 303 1179 360 Κομνηνός
1197 308 1248 361 τῇ
1266 302 1393 361 μάχῃ,

408 373 476 413 καὶ
508 370 675 426 Μιχαὴλ
698 373 944 414 καθίσταται
965 377 1037 415 τοῦ
1061 371 1236 431 κράτους
1257 374 1326 414 καὶ
1347 372 1406 428 μὴ
1428 372 1577 424 θέλων,

409 439 595 481 ἐνιαυτοῦ
615 440 853 497 περίμετρον
876 439 962 490 ἑνὸς
983 439 1382 499 σκηπτροκρατήσας.

119 507 149 541 Ρ
173 508 241 544 130
273 507 385 551 6400
410 509 476 549 καὶ
498 505 614 549 πόλιν
634 508 708 563 τὴν
729 507 982 566 πρωτόπολιν
1005 508 1176 567 φθάσας
1198 509 1358 566 ἅπτέρῳ
1381 507 1508 563 τάχει,

406 577 474 618 καὶ
498 576 647 632 στέφος
668 577 929 633 περιθέμενος
954 577 1163 635 κρατόρων
1185 575 1446 619 αὖτανάκτων

406 641 605 701 ἐφήπτετο
629 649 709 688 τῶν
729 650 802 700 τῆς
824 647 951 703 ἀρχῆς
971 644 1219 703 πραγμάτων
1243 643 1522 697 αὐθεκάστως,

406 714 474 754 καὶ
491 717 590 756 πᾶσι
613 715 881 771 προσεφέρετο
907 715 1011 756 κατὰ
1037 715 1082 756 τὸ
1104 717 1328 769 μεγαλεῖον,

411 782 479 822 καὶ
501 788 586 832 τοῖς
607 783 734 838 ἀγχοῦ
758 785 824 824 καὶ
847 790 931 833 τοῖς
952 783 1115 839 μακρὰν
1136 784 1203 824 καὶ
1227 789 1311 831 τοῖς
1333 781 1375 822 ἓν
1394 781 1607 831 ἐξουσίαις.

275 848 385 892 6405
412 851 478 891 καὶ
500 850 574 904 τὴν
595 849 950 908 ἁλμοποτίστριαν,
986 853 1059 906 τὴν
1083 849 1244 908 φαύλην
1267 850 1493 903 κολακείαν,

413 919 479 960 καὶ
502 918 597 969 τοὺς
615 919 739 974 αὐτῆς
760 920 1032 973 ναυτιασμοὺς
1053 920 1131 962 ἀπὸ
1149 923 1288 974 ψυχῆς
1307 916 1473 974 ἓστύγει.

414 986 634 1029 κάντεῦθεν
657 987 954 1045 φορτικώτερος
979 995 1062 1038 τοῖς
1086 989 1262 1030 πλείοσιν
1285 985 1429 1040 ἐδόκει,

413 1056 480 1096 καὶ
502 1057 624 1097 πλείω
643 1061 716 1098 τοῦ
737 1055 990 1111 καθήκοντος
1010 1058 1144 1114 φέρων
1167 1056 1403 1112 ἀγερωχίαν.

380 1135 383 1137 ’
412 1122 518 1177 πλὴν
541 1122 778 1175 ἀπολαύσας
795 1130 867 1178 τῆς
887 1126 1015 1181 ἀρχῆς
1039 1126 1110 1167 οὐκ
1131 1126 1171 1167 ἓν
1191 1130 1364 1180 μακροῖς
1385 1122 1525 1178 ἧλίοις,

276 1188 388 1233 6410
413 1190 519 1233 ἀλλὰ
538 1192 583 1234 τὸ
603 1193 653 1246 δὴ
678 1192 889 1248 λεγόμενον
910 1193 964 1243 ὡς
989 1193 1188 1250 ἄγρωστις
1209 1190 1419 1246 ἀνθήσας,

415 1261 481 1300 καὶ
503 1260 593 1314 μετ’
614 1260 747 1316 ὀλίγον
764 1263 992 1317 μαρανθεὶς
1012 1260 1090 1302 ὑπὸ
1115 1259 1329 1318 φθινάόων
1347 1258 1491 1312 νόσων,
1515 1286 1566 1292 -

413 1328 475 1368 ἐπὶ
500 1330 590 1370 δυσὶ
610 1328 688 1385 γὰρ
707 1329 810 1371 ἔτεσι
831 1333 904 1370 τοῦ
925 1327 1099 1386 κράτους
1123 1326 1361 1376 ἀπολαύσας

223 1394 255 1429 Β
411 1395 483 1436 τὸν
508 1396 676 1438 Λοῦκαν
693 1398 767 1450 μὲν
786 1403 1041 1451 κατακοσμεῖ
1058 1401 1131 1438 τοῦ
1150 1394 1325 1453 κράτους
1343 1403 1427 1447 τοῖς
1446 1393 1668 1451 συμβόλοις

414 1461 470 1513 ὥς
491 1462 764 1515 ὖπανοίξαντα
786 1466 940 1516 πολλὰς
963 1466 1074 1523 αὐτῷ
1089 1461 1416 1520 χρηματοθήκας

277 1529 388 1574 6415
417 1534 485 1573 καὶ
501 1532 893 1587 συναντιλαβόμενον
912 1538 985 1588 τῆς
1003 1532 1143 1591 πρώην
1167 1534 1427 1589 τυραννίδος,

414 1600 537 1650 αὐτὸς
558 1602 602 1643 ὁὲ
619 1601 663 1643 τὸ
688 1601 910 1657 τραχύβιον
932 1606 1006 1644 τοῦ
1025 1601 1130 1644 κατὰ
1149 1601 1249 1643 θεὸν
1266 1602 1359 1655 βίου

355 1702 360 1708 .
413 1667 603 1723 ἑλόμενος
623 1670 833 1726 ἀμφέθετο
849 1674 1027 1724 χιτῶνας
1044 1667 1333 1726 μελαγχρόους,

413 1738 481 1778 καὶ
504 1736 743 1792 δαπανήσας
763 1737 907 1780 ἑαυτὸν
927 1737 1057 1794 ἔργοις
1077 1736 1410 1794 μακροκαμάτοις

415 1804 686 1863 πολυζηλώτῳ
707 1807 874 1862 τέρματι
896 1807 965 1848 τὸν
983 1808 1075 1860 βίον
1097 1804 1307 1848 καταλύει·

279 1870 393 1914 6420
418 1873 480 1929 ὃιῤ
502 1876 570 1915 καὶ
590 1875 731 1932 εὕρηκε
753 1874 855 1930 ζωὴν
875 1874 998 1932 ἥνπερ
1018 1877 1086 1916 καὶ
1106 1874 1309 1917 ἐπεπόθει.

371 2003 464 2039 6397
491 1998 561 2039 οὖν
583 2005 623 2039 Μ
724 2017 786 2040 VV.
811 2006 1010 2041 6398-99
1034 2017 1089 2040 om
1111 2006 1145 2040 R
1253 2002 1482 2051 ἄφίσταται7
1574 1999 1666 2037 6400
1683 1998 1751 2036 αὕ-

371 2047 438 2089 τός
462 2047 501 2083 δὲ
520 2050 561 2084 Μ
697 2051 786 2086 6405
810 2049 1119 2094 ἅλκοποτίστριαν
1140 2052 1180 2086 Μ
1317 2049 1381 2085 καὶ
1403 2050 1469 2084 AR
1595 2045 1687 2082 6410
1710 2045 1752 2081 δὲ

374 2094 633 2140 φθεγγόμενον
656 2096 695 2130 Μ
857 2110 894 2132 v.
914 2098 1005 2132 6412
1030 2109 1084 2131 om
1103 2098 1136 2131 R
1273 2097 1365 2131 6416
1387 2092 1484 2130 κατὰ
1508 2091 1603 2129 θεὸν
1624 2093 1692 2127 τοῦ
1717 2093 1752 2127 R

372 2141 464 2176 6417
480 2141 757 2187 μελαγχριότους
774 2144 814 2178 Μ
907 2144 997 2178 6419
1018 2141 1208 2190 πολυζήλῳ
1230 2143 1282 2190 τῷ
1302 2142 1335 2176 Α
1426 2152 1462 2175 v.
1490 2140 1580 2175 6420
1598 2151 1653 2173 om
1670 2139 1705 2173 R

279 2255 407 2289 fratres
434 2255 667 2290 exacerbatis.
724 2257 865 2291 tandem
893 2258 1091 2292 Comnenus
1122 2256 1255 2302 praelio
1283 2254 1444 2301 superior
1474 2252 1588 2297 evasit
1620 2257 1657 2286 et
1679 2251 1751 2288 Mi-

280 2300 419 2335 chaelus
446 2301 578 2335 invitus
603 2302 719 2336 amisit
738 2303 939 2348 imperium,
967 2305 1059 2346 quod
1078 2314 1202 2337 annum
1225 2313 1329 2336 unum
1355 2301 1567 2335 obtinuerat.

372 2347 496 2391 Itaque
529 2347 725 2381 Comnenus
761 2348 924 2382 celeriter
953 2354 1121 2394 occupata
1151 2350 1237 2382 urbe
1269 2347 1428 2393 principe
1460 2358 1501 2379 ac
1526 2343 1754 2390 imperatoria

279 2403 408 2427 corona
427 2398 577 2438 ‘sumpta
600 2404 675 2426 rem
709 2393 883 2438 publicam
917 2395 1088 2429 arbitratu
1117 2406 1180 2429 suo
1209 2393 1452 2428 administrare
1473 2391 1610 2435 coepit,
1642 2401 1752 2435 seque

277 2449 342 2485 pro
367 2437 551 2472 maiestate
576 2450 661 2482 erga
684 2439 846 2483 quosvis,
878 2440 1114 2485 propinquos,
1144 2446 1318 2482 remotos»,
1347 2450 1422 2472 cum
1447 2441 1623 2484 potestate
1644 2436 1752 2470 rebus

278 2485 500 2531 praefectos,
533 2496 678 2529 gerere,
706 2489 780 2518 toto
817 2492 962 2529 pectore
995 2486 1251 2520 adulationibus
1281 2485 1444 2519 infestus.
1501 2494 1577 2517 eam
1609 2482 1654 2515 ob
1678 2491 1754 2515 rem

278 2530 422 2576 gravior
443 2530 620 2575 aliquanto
644 2530 815 2564 nonnullis
853 2535 889 2564 et
920 2532 1075 2565 ferocior
1098 2543 1199 2577 quam
1231 2542 1296 2576 par
1320 2535 1414 2564 esset
1445 2529 1646 2563 videbatur.
1691 2525 1754 2560 ubi

280 2587 350 2610 non
382 2575 487 2620 longo
523 2581 700 2621 tempore,
733 2576 893 2610 nimirum
926 2577 1089 2620 biennio,
1120 2577 1252 2622 potitus
1283 2576 1430 2622 imperio
1458 2575 1607 2618 fuisset,
1638 2584 1679 2607 ac
1701 2571 1754 2606 uti

280 2622 469 2668 proverbio
493 2622 641 2667 dicitur,
667 2622 778 2656 instar
803 2622 967 2667 graminis
991 2623 1181 2666 floruisset,
1203 2622 1375 2668 pauloque
1391 2627 1472 2666 post
1491 2633 1535 2654 ex
1555 2619 1641 2654 diris
1659 2629 1752 2652 mor-

282 2667 339 2702 bis
363 2667 608 2712 emarcuisset,
642 2669 774 2702 Ducam
798 2669 968 2713 quendam
1001 2668 1196 2713 insignibus
1230 2674 1376 2702 exornat
1397 2666 1556 2712 imperii,
1587 2664 1648 2710 qui
1670 2674 1752 2698 suos

284 2713 319 2747 ei
349 2713 532 2747 thesauros
566 2714 764 2759 aperuisset
790 2726 831 2748 ac
862 2715 1079 2748 invadendae
1114 2714 1311 2758 tyrannidis
1346 2719 1505 2748 conatum
1537 2711 1751 2747 adiuvisset:

283 2759 362 2804 ipse
385 2771 470 2794 vero
495 2759 602 2794 vitam
627 2772 786 2805 asperam
805 2765 842 2795 et
860 2762 925 2795 deo
945 2760 1138 2805 placentem
1157 2760 1332 2805 amplexus
1355 2759 1519 2794 vestitum
1537 2757 1674 2802 nigrum
1695 2754 1751 2788 in-

285 2806 383 2850 duit,
411 2810 447 2840 et
464 2805 574 2840 variis
598 2805 841 2851 diuturnisque
863 2806 1040 2842 laboribus
1065 2807 1253 2841 exhaustus
1273 2818 1356 2840 sane
1380 2816 1482 2851 quam
1503 2801 1669 2837 laudabili
1682 2800 1753 2834 fine

286 2850 394 2886 vitam
416 2851 454 2886 in
475 2851 581 2886 terris
604 2863 701 2887 suam
725 2852 861 2887 clausit.
908 2852 1028 2898 itaque
1051 2852 1159 2887 vitam
1182 2864 1283 2898 quam
1307 2856 1447 2898 optarat
1467 2848 1616 2885 invenit.
