1924 3242
314 188 372 234 18
944 186 1127 232 IOELIS

443 302 567 346 Μετὰ
584 302 627 344 δὲ
642 299 824 354 ’Ῑωακεὶμ
844 299 1097 354 ἐβασίλευσεν
1109 299 1294 354 Ἰεχονίας
1317 298 1339 341 ὁ
1360 299 1447 351 υἱὸς
1466 298 1611 351 αὐτοῦ,
1647 297 1668 341 ὅ
1688 301 1756 342 καὶ

304 367 507 424 ’Ῑωακείμ,
542 370 611 411 διὰ
638 366 946 426 προστάγματος
970 366 1337 423 Ναβουχοδονόσορ
1364 374 1495 423 μῆνας
1523 374 1652 425 τρεῖς,
1687 369 1755 410 καὶ

307 437 465 493 ἐποίησε
484 437 531 480 τὸ
549 436 723 493 πονηρὸν
740 437 914 478 ἐναντίον
931 438 1084 493 κυρίου.
1151 437 1218 478 καὶ
1237 438 1326 492 περὶ
1343 437 1438 486 τοὺς
1456 434 1609 493 φόρους
1624 437 1755 492 ἄγνω-

304 504 555 560 μονήσαντος
578 504 703 547 αὐτοῦ
722 499 848 559 ἦλθεν
872 499 995 554 αὖθις
1015 502 1383 560 Ναβουχοδονόσορ
1408 506 1463 554 εἲς
1478 502 1756 559 Ἰερουσαλήμ,

306 575 373 614 καὶ
394 573 464 615 τὸν
485 574 674 616 Σεδεκίαν
694 572 783 615 ἄντ’
805 572 930 615 αὐτοῦ
949 570 1206 626 καταστήσας
1229 570 1427 628 ἀπῴκισεν
1447 574 1502 622 εἷς
1523 573 1787 625 Βαβυλῶναό

168 648 196 681 Ρ
222 646 287 682 158
305 639 493 694 Ἰεχονίαν
516 643 584 683 zai
604 640 676 696 τὴν
698 641 853 698 μητέρα
874 643 941 683 καὶ
964 641 1059 691 τοὺς
1081 640 1279 696 ἄρχοντας
1305 640 1443 682 αὐτοῦ.
1511 637 1688 695 ἐξήνεγκε
1711 641 1756 682 δὲ

303 710 370 750 καὶ
390 708 484 759 τοὺς
502 709 739 765 θησαυροὺς
759 709 896 766 κυρίου
919 711 986 750 καὶ
1010 713 1082 750 τοῦ
1100 708 1298 762 βασιλέως
1317 711 1384 749 καὶ
1408 707 1459 749 τὰ
1476 711 1614 763 χρυσᾶ
1633 705 1755 762 σκεύη

303 774 456 828 πάντα,
486 776 514 818 ἃ
537 778 693 831 ἐποίησε
716 779 911 830 Σολομῶν
936 777 977 818 ἐν
998 780 1084 833 ναῷ
1105 777 1259 831 κυρίου.

437 845 563 887 Μετὰ
584 845 627 886 δὲ
644 844 830 898 Ἰεχονίαν
852 845 1084 898 ἐβασίλευσε
1113 844 1304 892 Σεδεκίας
1321 839 1607 900 πατράὸελφος
1629 840 1756 884 αὗτοῦ

300 909 368 967 ἵτη
391 909 443 967 γ’,
477 917 543 954 καὶ
560 913 717 967 ἐποίησε
735 912 780 954 τὸ
800 912 973 969 πονηρὸν
992 912 1120 954 ἔναντι
1138 914 1277 968 κυρίου
1290 942 1303 960 ,
1338 913 1405 952 καὶ
1421 912 1513 967 περὶ
1531 910 1604 965 τὴν
1625 908 1754 967 φορο-
1767 917 1810 952 10

298 981 437 1035 λογίαν
460 978 652 1030 ὡσαύτως
676 979 1089 1037 παρασπονδήσαντος
1114 980 1240 1022 αὐτοῦ
1262 974 1365 1033 ἦλθε
1389 977 1510 1020 πάλιν
1531 982 1754 1032 Ναβουχο-

300 1045 491 1104 δονόσορ,
525 1049 592 1090 καὶ
622 1048 695 1102 τὴν
718 1049 792 1102 μὲν
813 1046 929 1090 πόλιν
948 1052 1084 1090 πᾶσαν
1104 1047 1356 1104 παραλαβὼν
1376 1046 1586 1102 ἐνέπρησε,
1617 1046 1693 1088 τὸν
1710 1047 1754 1088 δὲ

299 1117 489 1157 Σεδεκίαν
514 1113 810 1172 χειρωσάμενος
833 1115 906 1170 τὴν
924 1117 997 1169 μὲν
1014 1122 1183 1171 γυναῖκα
1207 1116 1276 1156 καὶ
1298 1114 1350 1156 τᾶ
1370 1114 1488 1156 τέκνα
1508 1114 1635 1156 αὐτοῦ
1656 1113 1750 1156 κατ’

298 1182 546 1239 ὀφθαλμοὺς
562 1183 688 1225 αὐτοῦ
704 1183 871 1234 ἀνεῖλεν,
881 1183 1011 1225 -αῧτὸν
1030 1184 1074 1224 δὲ
1093 1180 1357 1239 ἐκτυφλώσας
1376 1184 1443 1224 καὶ
1465 1183 1627 1236 δεσμοῖς
1643 1186 1752 1224 καθ-

298 1252 432 1307 είρξας
453 1253 509 1300 εἷς
531 1254 763 1304 Βαβυλῶνα
785 1249 1040 1303 αἰχμάλωτον
1058 1249 1274 1304 ἀπήγαγεν.
1764 1254 1807 1289 15

249 1327 278 1361 Β
435 1318 561 1360 Μετᾶ
581 1317 664 1371 ’τὴν
694 1318 887 1374 διαίρεσιν
908 1321 989 1359 τῶν
1010 1318 1105 1359 δέκα
1127 1315 1339 1373 σκήπτρων
1360 1313 1615 1370 ἐβασίλευσεν
1625 1315 1755 1374 Ἶερο-”

296 1384 410 1439 βοὰμ
438 1385 526 1435 υἳός
548 1385 701 1438 Ναβὰτ
728 1386 772 1426 ἐκ
803 1389 935 1441 φυλῆς
951 1385 1155 1441 Ἐφραίμ,
1191 1383 1212 1426 ὃ
1237 1386 1381 1435 δοῦλος
1399 1387 1665 1439 Σολομῶντος
1684 1387 1753 1427 καὶ

294 1450 545 1507 ἀποστάτης,
581 1452 647 1506 ἔτη
683 1450 770 1506 μβ,
805 1454 872 1494 καὶ
906 1451 1063 1507 ἐποίησε
1095 1452 1142 1494 τὸ
1172 1451 1346 1509 πονηρὸν
1379 1453 1555 1495 ἐναντίον
1589 1455 1751 1510 κυρίου·

296 1520 359 1562 διὸ
390 1522 457 1563 καὶ
487 1518 681 1571 ἐπάταξεν
704 1519 827 1563 ακῦτὸν
845 1518 866 1563 ὅ
887 1519 1007 1573 θεός,
1043 1522 1111 1564 καὶ
1135 1519 1336 1563 ἀπέθανεν
1361 1521 1403 1562 ἐν
1424 1527 1513 1571 ταῖς
1534 1519 1752 1578 ἇμαρτίαις

293 1588 433 1632 αὐτοῦ.
1611 1579 1616 1583 ’
1759 1598 1807 1634 20

428 1656 554 1699 Μετὰ
587 1657 631 1698 δὲ
652 1654 872 1713 Ἶεροβοᾶμ
901 1655 1133 1709 ἐβασίλευσε
1168 1655 1320 1710 Ναβᾶτ
1343 1655 1431 1705 υἱὸς
1457 1654 1585 1697 αὐτοῦ
1601 1653 1669 1710 ἕτη
1690 1653 1750 1709 β’,

295 1725 363 1766 καὶ
381 1724 539 1779 ἐποίησε
559 1723 605 1766 τὸ
622 1724 796 1780 πονηρὸν
815 1722 982 1766 ἐνώπιον
999 1726 1160 1781 κυρίου,
1195 1726 1262 1766 καὶ
1282 1721 1438 1780 ἐσφάγη
1457 1721 1536 1765 {md
1555 1722 1749 1766 Βαασσά.

428 1791 554 1836 Ma&
588 1792 631 1834 δὲ
663 1791 815 1846 Ναβὰτ
846 1792 1076 1845 ἐβασίλευσε
1101 1791 1371 1847 Raucae-{¹1⁷7
1394 1788 1470 1843 κδ’,
1501 1792 1569 1834 καὶ
1588 1791 1747 1846 ἐποίησε

293 1859 339 1902 τὸ
366 1858 561 1917 πονηρόν,
594 1861 662 1902 καὶ
687 1857 842 1917 ἐσφάγη
865 1860 906 1902 ἐν
927 1860 1102 1919 πολέμῳ.

383 1967 584 2002 Ioachimum
602 1966 742 2013 excepit
755 1967 930 2001 lechonias
946 1967 1034 2002 filius
1046 1992 1056 2009 ,
1079 1968 1135 2013 qui
1151 1973 1186 2002 et
1201 1968 1388 2003 lonchimus
1400 1993 1410 2011 ‚
1431 1979 1495 2013 per
1509 1978 1640 2001 menses
1653 1970 1745 2002 trese

292 2013 342 2047 sic
366 2014 452 2047 enim
472 2012 828 2047 Nabuchodonosorus
843 2013 877 2046 in
896 2013 1061 2047 mandatis
1085 2014 1239 2048 dederat.
1284 2025 1366 2058 erga
1395 2014 1493 2046 deum
1519 2012 1639 2056 impius
1669 2013 1745 2047 suit.

292 2058 347 2091 hic
363 2069 435 2092 cum
452 2058 578 2092 tributa
592 2058 679 2092 mala
693 2059 761 2092 fide
776 2059 1001 2104 persolveret,
1019 2059 1131 2092 valida
1143 2058 1266 2093 iterum
1282 2069 1380 2092 manu
1393 2058 1746 2092 Nabuchodonosorus

290 2102 561 2147 Hierosolymam
584 2104 758 2137 obsidione
781 2104 903 2148 cingit,
928 2109 964 2138 et
977 2104 1156 2138 lechoniae
1173 2115 1310 2148 regnum
1326 2104 1361 2137 in
1377 2102 1551 2137 Sedeciam
1566 2104 1745 2147 transfert,

291 2159 333 2182 eo
357 2154 463 2182 matre
487 2149 691 2193 reliquisque
705 2149 795 2182 illius
810 2149 1016 2194 principibus
1033 2149 1240 2193 Babylonem
1256 2148 1418 2183 adductis.
1464 2149 1640 2182 thesauros
1662 2147 1743 2181 item

290 2203 405 2227 omnes
421 2198 489 2227 ’tam
505 2205 619 2228 sacros
633 2205 732 2238 quam
749 2194 861 2238 regios
873 2221 882 2237 ‚
907 2200 943 2228 et
968 2206 1100 2229 auream
1117 2194 1398 2241 suppellectilem,
1421 2204 1519 2238 quam
1536 2193 1697 2227 Salomon
1711 2193 1745 2228 in

290 2238 389 2273 domo
405 2238 526 2271 domini
539 2246 825 2283 praeparaverat,
850 2240 1052 2285 exportavit.
1701 2247 1704 2250 ⁴

377 2283 463 2316 Post
483 2283 674 2317 lechoniam
697 2284 862 2319 Sedecias
882 2292 1022 2330 patruus
1039 2296 1178 2329 regnum
1193 2284 1337 2318 obtinuit
1351 2293 1456 2317 annos
1471 2286 1541 2317 tres
1554 2308 1565 2324 ,
1587 2283 1640 2317 vir
1654 2283 1744 2317 iniu-

289 2332 363 2363 stus
386 2333 422 2362 et
447 2329 587 2373 impius,
623 2329 769 2372 quicum
782 2329 893 2374 pactis
910 2341 973 2363 nec
987 2331 1061 2375 ipse
1077 2330 1247 2372 stetisset,
1270 2329 1372 2363 tertio
1386 2328 1742 2363 Nabuchodonosorus

289 2373 560 2417 Hierosolymam
588 2372 721 2407 obsedit
744 2380 1038 2419 expugnatamque
1064 2375 1203 2408 flammis
1231 2373 1437 2419 absumpsit,
1469 2373 1621 2408 Sedecia.
1640 2379 1742 2420 capto

289 2429 428 2453 uxorem
442 2423 480 2452 et
494 2419 583 2452 filios
593 2418 630 2452 in
646 2424 831 2463 conspectu
846 2419 932 2452 illius
946 2420 1018 2453 neci
1034 2420 1187 2463 tradidit,
1208 2431 1283 2454 eum
1298 2421 1516 2454 obcaecatum
1533 2419 1743 2465 vinculisque

287 2464 458 2509 alligatum
475 2464 643 2509 captivum
657 2463 691 2497 in
706 2464 909 2507 Babylonem
924 2464 1075 2499 abduxit.

378 2509 506 2544 Decem
535 2508 678 2554 sceptris
708 2508 824 2542 divisis
854 2509 1071 2543 leroboamus
1100 2510 1187 2544 filius
1207 2509 1356 2550 Nabal,
1387 2521 1429 2544 ex
1450 2509 1540 2543 tribu
1564 2508 1740 2555 Ephraim,

288 2565 407 2588 servus
425 2554 615 2588 Salomonis
630 2559 666 2587 et
680 2554 816 2588 rebellis
832 2566 971 2598 regnum
986 2561 1130 2599 occupat
1142 2567 1246 2590 annos
1261 2556 1484 2601 quadraginta
1503 2555 1606 2595 duos,
1628 2555 1741 2589 multis

288 2600 493 2644 nefariisque
516 2599 699 2634 sceleribus
721 2604 911 2644 coopertus.
957 2600 1034 2634 ideo
1050 2601 1217 2646 percussit
1232 2601 1325 2636 illum
1341 2601 1513 2644 dominus,
1536 2604 1573 2635 et
1588 2605 1740 2634 mortuus

288 2645 388 2680 estin
404 2645 634 2690 iniquitatibus
649 2645 731 2679 suis,

378 2692 576 2725 leroboamo
599 2689 760 2724 successit
782 2689 939 2725 Nabatus
963 2690 1070 2733 filius,
1093 2690 1223 2726 scelere
1237 2692 1420 2738 furoreque
1434 2690 1678 2734 inflammatus3
1701 2692 1738 2724 et

287 2746 363 2770 cum
377 2736 544 2772 biennium
560 2740 757 2780 regnasset,
782 2747 899 2770 caesus
915 2741 968 2770 est
982 2748 1003 2771 a
1018 2737 1141 2772 Baasa.

375 2782 460 2817 Post
484 2780 655 2816 Nabatum
678 2781 835 2826 regnavit
857 2782 986 2824 Bassa,
1010 2782 1064 2816 vir
1090 2782 1262 2818 maleficus
1286 2786 1322 2818 et
1346 2782 1509 2827 iniustus3
1536 2785 1574 2817 et
1589 2791 1662 2816 cum
1677 2790 1735 2815 re-

284 2831 424 2874 gnasset
437 2838 543 2864 annos
555 2826 602 2864 24
611 2851 624 2871 ,
644 2827 679 2862 in
693 2826 823 2873 proelio
842 2827 1030 2863 trucidatus
1047 2832 1110 2863 est.
