1858 3236
522 214 901 260 COMPENDIUM
942 215 1294 261 CHRONICUM.
1570 214 1636 261 99

304 328 352 374 τδ
374 324 508 380 πόλεις
527 326 626 380 ὅλας
646 327 783 372 ἱκανὸν
801 329 952 386 στέγειν
972 332 1038 373 καὶ
1062 330 1288 388 γεναρχιάς,

304 398 347 442 ἓν
368 393 403 457 ᾧ
422 398 524 455 πρὸς
544 398 688 455 τέρψιν
710 398 877 441 θέουσιν
899 397 1169 456 ἆμιλλητῆρες
1183 402 1315 443 ἵπποι.

167 469 283 511 2270
367 465 418 510 ‘O
437 468 482 510 δὲ
499 470 684 524 Σεβῆρος
706 467 852 518 ἱκανῶς
871 467 1051 521 ἐπιβιοὺς
1074 473 1134 526 τῷ
1153 467 1305 525 κράτει,

302 537 371 580 καὶ
390 537 486 579 δέκα
507 534 617 587 ὅλοις
638 535 740 579 ἔτεσι
763 536 1088 593 προσδιαρκὲσας
1108 535 1240 594 τούτῳ

302 604 378 648 σὺν
401 604 540 656 ἄλλοις
560 603 605 656 ἳξ
625 604 727 662 πρὸς
745 609 804 663 τῷ
822 603 903 657 ἔνι’,
937 603 1045 663 νόσῳ
1063 607 1173 662 δεινῇ
1192 607 1389 659 ε’μπίπτει,

303 675 370 716 καὶ
391 674 551 729 μέλλων
570 672 762 729 θνήσκειν
785 681 870 725 τοῖς
891 675 1005 716 παισὶ
1029 673 1082 716 τὰ
1104 678 1290 730 σκῆπτρα
1311 675 1553 728 καταλείπει,

303 736 359 785 ὧν
381 741 402 785 ὃ
423 743 498 797 μὲν
518 747 678 800 πρῶτος
698 741 815 798 ἔλαχε
837 743 910 797 τὴν
926 743 1161 789 Ἀντωνίνου
1185 746 1340 797 κλῆσιν,

164 809 276 853 2275
301 809 346 853 ὃν
367 810 501 868 ἔλεγον
521 809 809 869 Καράκαλλον,
845 810 867 854 ὃ
890 811 983 867 μετ’
1009 811 1132 855 αὐτὸν
1153 812 1197 854 δὲ
1214 812 1343 863 Γέτας

303 880 486 937 ἀρχῆθεν
505 879 796 935 κατωνόμαστο
822 880 924 938 πρὸς
943 885 1024 924 τῶν
1042 879 1346 937 γεγεννηκότων.

301 943 412 992 οὗτοι
433 949 474 992 δ’
497 951 553 1001 εἷς
572 947 617 1002 ’ἐξ
637 947 913 1007 κρατήσαντες
933 954 1007 1005 τῆς
1024 951 1235 1004 βασιλείας
1257 949 1326 1005 ἔτη

301 1019 368 1061 καὶ
389 1022 523 1074 μῆνας
542 1016 614 1061 δύο
635 1022 708 1075 τῆς
730 1018 860 1075 ἀρχῆς
878 1020 945 1061 καὶ
965 1023 1038 1074 τῆς
1059 1021 1164 1074 ζωῆς
1182 1023 1430 1076 στεροῦνται.

372 1091 470 1130 Τῶν
491 1085 706 1145 σκήπτρων
728 1089 861 1130 τοίνυν
888 1086 909 1130 ὅ
930 1087 1073 1138 πεττός
1094 1086 1286 1142 συχνάκις
1307 1089 1567 1143 μεταπίπτων

163 1158 276 1201 2280
299 1154 373 1198 σῦν
394 1155 534 1208 ἄλλοις
554 1158 768 1214 ἐχαρίσατο
794 1157 868 1212 τῆν
890 1156 1211 1214 αὖτοκρατοριάν

297 1226 365 1267 καὶ
383 1229 443 1285 τῷ
462 1225 746 1284 Διοκλητιανῷ
763 1230 821 1284 τῷ
841 1224 1192 1284 παρανομωτάτῳ,

297 1291 344 1344 ὃς
359 1293 771 1352 προσεταιρισάμενος
789 1294 859 1337 τὸν
880 1298 1290 1351 ταυτογνωμονοῦντα

299 1363 567 1417 Μαξιμιανὸν
583 1361 832 1420 ζΕρκούλιον,
868 1369 942 1406 τοῦ
962 1368 1131 1407 ...ατανᾶ
1152 1363 1222 1406 τὸν
1244 1364 1385 1413 παῖδα,

298 1435 373 1474 τοῦ
394 1429 569 1490 κράτους
585 1431 675 1487 ἴσχε
697 1429 900 1474 κοινωνόν.
971 1437 1044 1487 τῆς
1066 1432 1216 1488 ἀνοχῆς
1238 1448 1327 1482 σου,
1363 1429 1453 1487 λόγε
1470 1436 1487 1470 ,¹

132 1519 134 1523 ’
159 1500 272 1544 2285
295 1501 364 1542 καὶ
387 1496 702 1558 σὺνδραμόντων
725 1502 782 1552 εἷς
801 1499 924 1543 ταύτὸ
947 1500 1021 1543 δύο
1041 1505 1177 1543 κακῶν
1195 1499 1396 1556 μεγάλων,

295 1575 412 1612 ποῖον
433 1569 563 1612 δεινὸν
583 1570 671 1624 οὐχὶ
693 1573 850 1626 παρῆν,
886 1576 1001 1612 ποΐον
1024 1569 1066 1611 δ’
1093 1570 1167 1612 οὐκ
1186 1571 1384 1623 ἐτολμᾶτο
1396 1573 1415 1610 Ι

295 1639 454 1696 σφαγαὶ
474 1639 542 1682 καὶ
563 1636 679 1680 πόνοι
703 1642 926 1693 πανταχοῦ,
962 1640 1029 1680 καὶ
1048 1638 1278 1692 λιμνασμός
1297 1635 1496 1691 αἱμάτων.

294 1709 362 1749 καὶ
380 1706 426 1750 τὸ
447 1709 628 1765 ζοφῶδες
646 1711 719 1762 τῆς
738 1707 896 1764 εἱρκτῆς
916 1704 994 1760 εἶχε
1014 1707 1190 1758 πολλοὺς
1209 1705 1470 1764 ἐμφρούρους
1480 1739 1494 1757 ,

293 1777 361 1818 καὶ
378 1780 536 1831 μᾶλλον
555 1776 651 1826 τοὺς
674 1775 754 1818 ἀπὸ
776 1779 967 1833 Χριστοῦ
991 1776 1064 1831 τὴν
1085 1779 1228 1832 κλῆσιν
1248 1773 1492 1832 ἐσχηκότας·

155 1845 268 1890 2290
292 1843 533 1897 πνεύσαντες
553 1845 631 1904 γὰρ
651 1843 928 1904 σφοδρότερον
949 1844 1108 1900 ἀνίμων
1121 1843 1376 1904 βαρυθρόων

246 1964 340 2000 2268
358 1961 426 2005 τοὶς
440 1963 482 1999 Μ
636 1962 799 2011 στέργειν
819 1963 859 1999 Μ
1042 1965 1131 2002 2271
1158 1963 1276 2000 ἔτεσιν
1299 1960 1537 2008 ἒνδιακέρσας
1560 1967 1629 2002 RR

245 2011 341 2046 2272
361 2009 585 2055 προσπίπτει
601 2011 670 2046 RR
827 2010 922 2046 2274
942 2008 1155 2051 Ἀντωνῖνος
1175 2011 1275 2046 ARR
1442 2012 1535 2047 2276
1557 2014 1626 2048 τοῦ

244 2055 505 2103 γεγεννηκότος
526 2056 627 2092 ARR
763 2068 825 2092 vv.
848 2057 1029 2094 2276-7
1046 2069 1101 2091 om
1120 2058 1202 2093 RR.
1227 2057 1265 2091 in
1286 2056 1407 2104 priore
1429 2058 1500 2093 AM
1523 2057 1630 2103 ἐκρά-

243 2113 375 2147 τησαν.
557 2103 652 2139 2282
671 2100 1032 2149 αὖτογνωμονοῦντα
1055 2103 1130 2139 MR
1312 2104 1407 2139 2286
1435 2101 1475 2140 δ’
1507 2116 1562 2140 om
1594 2106 1628 2140 R

242 2149 337 2186 2287
359 2147 553 2195 λιμνασμοὶ
570 2149 610 2184 Μ

152 2251 208 2289 «lis
228 2253 384 2296 sufficit3
407 2252 446 2288 in
467 2264 537 2300 quo
558 2252 695 2289 scilicet
713 2252 796 2300 equi
814 2256 992 2289 certantes
1015 2252 1110 2298 inter
1131 2265 1212 2289 sese
1235 2252 1481 2290 delectationis
1503 2253 1626 2290 huma-

150 2310 220 2335 nae
238 2301 442 2336 deomant.

244 2346 410 2381 Ceterum
441 2346 596 2381 Severus
621 2346 683 2381 ubi
709 2346 796 2381 satis
821 2345 972 2381 vixisset
1002 2345 1039 2382 in
1063 2345 1230 2393 imperio,
1264 2350 1432 2392 totosque
1454 2346 1492 2381 in
1516 2358 1558 2382 eo
1584 2348 1629 2384 17

153 2402 262 2426 annos
283 2392 483 2437 exegisset,
516 2392 618 2438 gravi
644 2404 835 2438 oppressus
863 2394 984 2427 morbo
1012 2392 1120 2427 vitam
1148 2405 1224 2427 cum
1250 2397 1362 2427 morte
1385 2393 1626 2429 commutavit.

153 2437 340 2473 moriturus
363 2437 445 2473 filiis
465 2438 538 2473 suis
562 2444 703 2484 sceptra
722 2438 878 2484 reliquit,
904 2450 1049 2484 quorum
1071 2444 1157 2474 natu
1177 2439 1288 2473 maior
1307 2439 1475 2473 Antonini
1499 2451 1627 2474 nomen

154 2481 319 2528 habebat,
343 2490 608 2530 cognomentum
632 2485 856 2519 Caracallae:
881 2485 984 2520 alteri
1009 2487 1124 2520 Getae
1146 2497 1271 2520 nomen
1294 2491 1460 2531 parentes
1475 2485 1627 2521 'indide-

153 2532 247 2564 rant.
291 2532 522 2576 praefuerunt
540 2543 650 2566 annos
668 2531 807 2566 omnino
825 2543 889 2566 sex
911 2536 947 2566 et
963 2543 1101 2566 menses
1123 2532 1224 2566 duos.
1632 2555 1637 2560 ·

247 2574 335 2610 Cum
356 2583 472 2611 autem
490 2577 567 2612 alea
588 2577 728 2623 imperii
750 2578 892 2623 saepius
917 2579 961 2612 ab
985 2590 1054 2613 uno
1076 2578 1121 2612 ad
1143 2578 1290 2612 alterum
1316 2588 1355 2611 se
1377 2577 1628 2622 convertisset,

153 2625 298 2667 praeter
313 2621 400 2657 alios
421 2623 642 2658 Diocletiano
661 2635 801 2669 quoque
815 2651 825 2668 ‚
859 2624 938 2658 viro
960 2624 1231 2659 sceleratissimo
1244 2651 1254 2668 ,
1278 2634 1444 2658 summam
1464 2629 1625 2670 potesta-

153 2672 225 2702 tem
241 2666 380 2703 tribuit.
427 2669 459 2704 is
477 2669 641 2704 adiuncto
663 2669 733 2704 sibi
751 2670 965 2704 Maximiano
986 2670 1167 2714 Herculio,
1193 2671 1348 2704 Satanae
1372 2670 1457 2713 filio,
1482 2670 1543 2715 qui
1562 2682 1624 2704 ea-

153 2714 234 2748 dem
256 2718 334 2748 erat
361 2725 437 2749 cum
456 2715 535 2761 ipso
557 2716 594 2750 in
612 2716 810 2762 sententia,
842 2721 1038 2751 consortem
1062 2716 1202 2762 imperii
1225 2716 1325 2751 fecit.
1372 2728 1393 2750 o
1417 2716 1625 2762 patientiam

152 2763 260 2803 tuam,
284 2759 335 2793 fili
352 2759 410 2794 dei
427 2771 554 2797 sermo.
602 2773 679 2797 cum
702 2762 770 2797 duo
790 2774 916 2808 magna
936 2763 1026 2797 mala
1045 2763 1146 2797 simul
1169 2767 1432 2807 concurrerent,
1454 2763 1538 2807 quid
1562 2774 1622 2795 ca-

151 2804 318 2840 lamitatis
341 2817 410 2839 non
431 2806 579 2842 aderat?
614 2808 700 2854 quid
718 2821 788 2843 non
808 2810 1088 2855 designabatur?
1135 2809 1266 2855 ubique
1290 2809 1416 2843 caedes
1438 2807 1623 2842 mactatio-

152 2862 236 2895 nes,
271 2851 452 2896 sanguinis
477 2853 666 2888 effusiones
692 2860 894 2899 stagnorum
918 2855 955 2889 in
976 2856 1132 2890 modum:
1163 2855 1323 2890 obscuris
1355 2855 1392 2888 in
1422 2853 1624 2888 carceribus

152 2896 250 2934 multi
271 2897 574 2946 custodiebantur,
605 2900 813 2947 praesertim
838 2913 859 2939 a
884 2901 1028 2938 Christo
1051 2901 1278 2939 denominati.
1327 2901 1458 2947 quippe
1482 2904 1624 2934 ventum
