1924 3242
338 205 400 251 68
725 203 958 247 GEORGII
983 203 1363 247 ACROPOLITAE

337 319 550 374 βασιλείοις
572 316 756 371 ἀπῆλθον
786 316 1015 371 (ε’σκηνοῢτο
1044 316 1086 358 δὲ
1113 318 1201 373 περὶ
1230 315 1323 365 τοὺς
1353 312 1497 366 τόπους
1524 313 1594 365 οὓς
1612 311 1762 369 ὄνομά-

339 390 448 439 ζουσι
466 386 744 441 Περίκλυστρα
765 384 837 426 σὺν
853 388 902 439 τῇ
921 385 1096 437 βασιλίδι
1118 382 1139 425 ὃ
1157 381 1388 438 βασιλεύς),
1426 381 1605 440 ἦρώτηκέ
1619 399 1669 436 με
1689 381 1761 436 τὴν

337 459 409 507 τῆς
437 453 646 505 ἐκλείψεως
679 453 818 494 αἰτίαν.
883 453 949 493 καὶ
978 451 1095 501 αὐτὸς
1122 452 1194 505 μὲν
1227 451 1401 507 ἀκριβῶς
1429 451 1500 492 οὗκ
1531 448 1634 504 εἶχον
1660 451 1761 506 ἐρεῖν

338 521 447 575 (ἄρτι
479 521 545 561 καὶ
571 519 647 575 γὰρ
669 523 748 562 τῶν
768 524 840 574 τῆς
859 520 1098 575 φιλοσοφίας
1116 517 1285 573 ἡψάμην
1307 518 1448 574 ὀργίων
1467 516 1578 574 παρὰ
1596 521 1668 558 τοῦ
1687 533 1759 559 σο-

336 591 421 644 φοῦ
442 589 670 641 Βλεμμίὸου
692 585 1012 640 διδασκόμενος),
1054 586 1163 640 ὅμως
1180 587 1312 640 μέντοι
1334 585 1431 642 παρ’
1456 585 1579 627 αὐτοῦ
1593 587 1651 640 τῷ
1670 581 1790 628 τότε5
1812 631 1814 635 ,

338 654 432 697 ὅσον
453 649 501 708 ἦν
521 655 622 704 εἰκὸς
638 655 815 710 ἐπιγνοὺς
833 653 903 709 τήν
921 672 961 696 τε
978 658 1048 708 τῆς
1069 652 1233 708 σελήνης
1251 651 1538 709 ἔπιπρόσθησιν
1551 651 1679 693 αἰτίαν
1691 653 1762 704 τῆς
1806 699 1809 702 ⁴

289 732 319 767 C
341 720 594 772 ἕπισκιάσεως
612 721 742 777 ἔλεγον
762 720 857 764 εἶναι
870 754 883 773 ,
917 723 983 764 καὶ
1000 723 1125 762 ὸόκεῖν
1142 722 1214 774 μὲν
1234 722 1418 762 ἐκλείπειν
1437 719 1505 762 τὸν
1524 717 1656 774 ἣλιον,
1690 716 1763 759 οὒκ

337 791 474 844 ἀληθῆ
497 791 539 831 δὲ
559 788 655 831 εἶναι
675 790 747 843 τὴν
773 794 844 844 τῆς
865 787 1026 846 φάσεως
1046 789 1251 844 στέρησιν,
1301 791 1455 841 μᾶλλον
1483 787 1617 840 μέντοι
1644 787 1762 827 τοῦτο

335 858 407 912 τὴν
431 855 594 911 σελήνην
615 856 790 910 πάσχειν,
823 856 922 898 ἐπὰν
941 861 998 913 τῷ
1017 854 1230 909 σκιάσματι
1250 856 1398 911 ἐμπέσῃ
1415 858 1473 912 τῷ
1491 858 1562 909 τῆς
1576 857 1660 909 γῆς,
1695 850 1763 893 διὰ

336 926 380 967 τὸ
414 927 456 974 ἐξ
485 923 596 978 ἡλίου
631 925 676 966 τὸ
713 925 854 980 φέγγος
882 924 1028 977 αὐχεῖν.
1095 924 1176 965 ἐπεὶ
1209 924 1251 965 δὲ
1282 921 1303 964 ὅ
1335 921 1451 977 λόγος
1481 922 1544 962 ἐπὶ
1572 918 1764 975 μήκιστον
1774 925 1819 960 10

335 994 592 1049 παρετείνετο,
628 992 800 1046 ἀντέλεγε
824 992 867 1033 δὲ
885 998 967 1040 τοῖς
986 991 1207 1046 λεγομένοις
1229 989 1250 1031 ὃ
1271 989 1405 1046 ἰατρὸς
1423 987 1635 1038 Νικόλαος,
1663 986 1763 1042 ἀνὴρ

334 1059 477 1114 ἣκιστα
495 1060 566 1113 μὲν
585 1061 823 1116 φιλοσοφίας
841 1057 1062 1112 μετασχών,
1091 1058 1212 1115 ἄκρος
1229 1059 1270 1100 δὲ
1290 1057 1362 1111 τὴν
1382 1058 1526 1098 οἰκείαν
1543 1056 1681 1109 τέχνην
1697 1055 1764 1095 καὶ

334 1127 510 1181 μάλιστα
531 1127 602 1180 τὴν
628 1127 694 1168 διὰ
713 1129 850 1182 πείρας
866 1126 1151 1181 γινωσκομένην
1173 1124 1296 1179 (πάνυ
1322 1125 1365 1165 δὲ
1384 1118 1499 1172 οὗτος
1517 1123 1696 1177 ἠγαπᾶτο
1714 1124 1764 1177 τῇ

334 1196 523 1248 βασιλίδι,
559 1195 795 1250 ἀκτουαρίου
820 1195 862 1234 δὲ
883 1192 958 1246 εἶχε
978 1192 1114 1246 τιμήν)
1135 1218 1184 1224 -
1205 1193 1285 1233 ἐπεὶ
1305 1195 1399 1246 γοῦν
1418 1183 1616 1244 ἀντέλεγεν
1634 1182 1763 1238 οὗτος,

335 1262 454 1310 αὐτὸς
473 1262 515 1303 δὲ
531 1262 647 1302 πλέον
664 1258 972 1313 ἐστωμυλλόμην
982 1290 995 1310 ,
1040 1260 1081 1300 ἐν
1098 1264 1155 1314 τῷ
1173 1259 1321 1311 μεταξὺ
1341 1262 1420 1299 τῶν
1441 1257 1658 1312 λεγομένων
1674 1255 1762 1296 ἐπε·
1776 1261 1819 1296 15

333 1328 475 1370 κάλεσέ
490 1345 539 1381 με
557 1326 582 1381 ἦ
598 1330 757 1380 βασιλὶς
775 1325 924 1382 μωρόν,
959 1324 1042 1367 εἶτα
1060 1326 1108 1379 δὴ
1130 1324 1183 1374 ὥς
1204 1326 1276 1381 πέρ
1301 1342 1339 1367 τι
1361 1325 1407 1366 οὗ
1428 1327 1627 1381 προσῆκον
1645 1323 1764 1379 ἔργα-

278 1409 311 1443 Ῑ)
335 1397 482 1449 σαμένη
496 1427 509 1445 ,
552 1395 651 1450 πρὸς
673 1394 740 1435 τὸν
760 1394 928 1446 βασιλέα
960 1400 1182 1449 στραφεῖσα
1201 1391 1227 1406 “
1241 1393 1425 1449 ἀπρεπῶς
1457 1391 1538 1446 ἄρα
1567 1388 1762 1446 siphacem„

332 1464 431 1520 ἔφη,
460 1461 485 1476 “
498 1463 699 1504 καλέσασα
728 1466 867 1502 τοῦτον
888 1459 1067 1516 μωρόν.”
1138 1462 1203 1501 καὶ
1232 1459 1252 1500 ὃ
1281 1457 1469 1514 βασιλεύς
1493 1456 1577 1499 “οὗ
1607 1455 1764 1499 καινόν·

330 1529 534 1587 μειράκιον
551 1528 626 1585 γάρ
640 1529 778 1571 gorm-²²
817 1529 937 1570 εἴκοσι
952 1528 1029 1584 γὰρ
1047 1526 1119 1569 σὺν
1131 1525 1185 1568 ἑνὶ
1208 1526 1294 1569 τότε
1316 1525 1494 1582 ὑπῆρχον
1512 1527 1622 1575 ἐτῶν,
1638 1528 1704 1566 καὶ
1716 1523 1762 1565 οὗ

331 1597 498 1654 πάμπαν
517 1596 658 1656 ἀπᾴδει
679 1595 821 1637 τούτου
842 1596 885 1637 τὸ
909 1594 1135 1651 πρόσρημα.
1163 1595 1256 1635 ἀλλ’
1277 1592 1302 1647 ἦ
1320 1595 1479 1647 βασιλὶς
1497 1590 1522 1606 “
1535 1592 1582 1634 οὐ
1597 1589 1759 1648 χρεών”
1773 1596 1820 1631 20

333 1683 431 1722 φησι
457 1663 483 1679 “
496 1665 564 1706 τὸν
598 1662 844 1720 φιλοσόφους
872 1661 1012 1718 λόγους
1039 1662 1289 1718 προφέροντα
1321 1659 1470 1702 οὗτωσί
1494 1675 1536 1714 γε
1563 1674 1765 1715 προσαγο-

333 1736 526 1789 ρευθῆναι
548 1731 646 1786 παρ’
669 1729 824 1784 ἡμιῦν.”
896 1730 1012 1771 ταῦτ’
1037 1727 1162 1779 εἶπον,
1198 1727 1252 1777 ὥς
1270 1727 1318 1769 ἂν
1336 1725 1636 1784 παραστήσαιμι
1659 1724 1766 1775 ὅπως

330 1816 372 1841 τε
391 1799 491 1852 αὕτη
510 1800 634 1854 ἐφίλει
652 1798 745 1846 τοὺς
764 1794 904 1851 λόγους
927 1800 992 1837 καὶ
1010 1796 1103 1845 τοὺς
1122 1794 1264 1850 λόγους
1283 1794 1437 1844 εῗὸότας
1454 1792 1619 1842 τούτους
1636 1793 1765 1846 ἐτίμα.

330 1865 494 1921 θνήσκει
511 1866 597 1920 μέν,
629 1863 683 1914 ὥς
704 1864 816 1921 ἔφην)
848 1862 873 1918 ἡ
889 1865 1048 1918 βασιλὶς
1067 1861 1181 1917 αὕτη,
1208 1861 1318 1916 οἶμαι
1335 1863 1378 1904 δὲ
1394 1863 1460 1904 καὶ
1475 1861 1547 1915 τὴν
1567 1864 1638 1903 τοῦ
1650 1858 1762 1915 ἡλίου

328 2017 423 2061 (loca
434 2014 737 2059 veroPericlystra
759 2014 847 2048 dicta
871 2013 1052 2058 imperator
1073 2023 1146 2047 cum
1160 2011 1369 2057 imperatrice
1382 2011 1582 2055 incolebat),
1612 2011 1763 2044 defectus

329 2072 462 2095 causam
485 2073 506 2095 a
526 2072 577 2094 me
602 2060 764 2106 poposcit.
811 2059 884 2104 ipse
907 2063 977 2092 tum
1001 2058 1139 2103 primum
1163 2057 1392 2103 philosophiae
1416 2057 1546 2090 arcanis
1572 2066 1594 2088 a
1614 2055 1764 2100 sapiente

326 2106 511 2140 Blemmida
525 2106 668 2140 imbutus
683 2109 839 2139 accurate
853 2115 922 2138 rem
939 2116 1004 2137 non
1019 2107 1169 2148 poteram
1185 2103 1364 2147 explicare,
1379 2113 1422 2135 ex
1432 2100 1625 2145 memetipso
1638 2105 1764 2141 tamen,

328 2152 416 2196 quod
433 2163 495 2195 par
511 2155 604 2193 erat,
638 2151 822 2184 decernens
837 2150 936 2183 lunae
950 2148 1233 2193 interpositionem
1247 2147 1430 2180 adumbrati
1445 2146 1524 2179 solis
1540 2156 1671 2180 causam
1688 2156 1765 2179 esse

328 2197 461 2230 enuntio
471 2222 481 2238 ‚
511 2196 686 2240 viderique
707 2195 810 2230 solem
828 2195 972 2228 deficere
987 2205 1025 2227 re
1041 2204 1123 2227 vera
1137 2192 1256 2225 lumine
1270 2203 1335 2224 non
1349 2191 1524 2235 spoliatum
1534 2215 1545 2230 ,
1577 2191 1637 2224 sed
1653 2191 1764 2235 potius

327 2241 426 2274 lunae
440 2241 609 2274 defectum
624 2252 698 2275 esse
711 2266 720 2283 ‚
745 2240 820 2273 dum
835 2239 870 2272 in
885 2239 1032 2272 umbram
1051 2243 1164 2271 terrae
1178 2236 1307 2278 incidit,
1331 2236 1597 2280 quandoquidem
1611 2235 1669 2269 illa
1683 2235 1764 2269 solis

327 2285 506 2330 splendore
521 2285 683 2317 renideat.
729 2285 790 2318 sed
805 2295 878 2320 cum
899 2284 1005 2316 oratio
1021 2283 1055 2316 in
1070 2283 1202 2325 longum
1216 2281 1487 2325 protraheretur,
1519 2281 1609 2314 dicta
1625 2280 1764 2314 refelle-

326 2331 386 2363 bat
401 2329 560 2363 Nicolaus
575 2330 734 2371 medicus,
750 2330 801 2361 vir
817 2329 1002 2362 nullatenus
1017 2328 1050 2361 in
1066 2326 1275 2371 philosophia
1289 2330 1455 2369 versatus,
1478 2330 1553 2359 arte
1567 2336 1649 2359 vero
1664 2336 1764 2370 quam

326 2374 401 2420 ipse
415 2374 639 2418 profitebatur
655 2373 803 2415 eximius,
827 2377 863 2406 et
879 2384 917 2405 ea
935 2373 1116 2417 praecipue
1133 2382 1218 2416 quae
1235 2371 1439 2415 experientia
1457 2375 1678 2415 comparetur,
1700 2370 1764 2404 im-

327 2419 487 2464 peratrici
502 2429 708 2462 summopere
723 2429 819 2451 carus
832 2443 842 2459 ,
867 2422 903 2450 et
917 2418 1083 2450 actuarius
1099 2416 1271 2458 dignitate.
1326 2427 1398 2449 cum
1413 2416 1467 2449 ille
1483 2416 1597 2460 itaque
1613 2427 1764 2460 oppone-

327 2467 401 2506 ret,
436 2463 510 2509 ipse
530 2475 611 2498 vero
637 2463 739 2506 magis
757 2474 796 2495 ac
816 2461 919 2504 magis
941 2462 1093 2505 garrulus
1114 2461 1313 2494 blaterarem
1325 2486 1335 2502 ‚
1367 2460 1456 2494 inter
1471 2461 1694 2495 disserendum
1709 2471 1764 2494 me

326 2508 519 2553 imperatrix
532 2507 658 2552 μωρὸν
673 2508 767 2552 quasi
782 2514 919 2552 puerum
939 2507 1170 2550 compellavit3
1203 2505 1411 2549 postmodum
1434 2517 1474 2539 ac
1495 2506 1525 2539 si
1538 2505 1763 2540 indecore'fe-

323 2554 444 2596 cisset,
478 2553 523 2586 ad
546 2554 781 2598 imperatorem
807 2562 969 2586 conversa
991 2548 1214 2583 “indecenter
1229 2550 1341 2594 itaque
1358 2547 1452 2584 feci’'
1471 2550 1532 2594 ait,
1554 2548 1574 2562 ‘³
1585 2550 1661 2584 dum
1676 2551 1763 2584 hunc

324 2597 449 2642 μωρὸν
463 2595 693 2644 nuncupavi.”
737 2603 773 2631 et
786 2597 968 2642 imperator
993 2593 1088 2629 “non
1112 2606 1233 2629 novum
1256 2595 1339 2628 illud
1366 2592 1445 2628 est’'
1467 2595 1592 2640 inquit:
1613 2592 1763 2629 “adole-

325 2643 493 2678 scentulus
509 2655 650 2688 namque
667 2639 758 2677 est.’'
780 2646 861 2676 tunc
879 2641 1001 2686 quippe
1016 2651 1105 2675 eram
1119 2650 1217 2674 unum
1233 2644 1269 2673 et
1283 2640 1399 2684 viginti
1413 2651 1517 2674 annos
1532 2644 1646 2682 natus3
1663 2640 1762 2674 ideo-

324 2699 390 2733 que
412 2688 522 2722 similis
544 2689 721 2734 appellatio
747 2687 836 2721 haud
859 2686 1052 2720 dedecebat.
1099 2690 1134 2719 et
1157 2685 1350 2730 imperatrix
1375 2682 1440 2719 “at
1464 2686 1593 2720 minime
1608 2695 1691 2730 opus
1706 2686 1761 2718 est

324 2733 569 2778 philosophicos
589 2744 757 2768 sermones
779 2734 1040 2778 pertractantem
1062 2730 1112 2764 sic
1135 2742 1156 2764 a
1180 2729 1274 2764 nobis
1302 2727 1529 2775 compellaris
1573 2731 1656 2764 haec
1680 2729 1757 2763 ideo

325 2779 448 2812 effatus
463 2789 555 2821 sum,
589 2783 628 2812 ut
651 2782 808 2824 quantum
829 2777 902 2823 ipsa
921 2776 1128 2811 sermonibus
1146 2775 1338 2810 afficeretur
1360 2780 1396 2809 et
1409 2784 1594 2810 sermonum
1607 2773 1759 2809 similium

325 2834 444 2868 guaros
459 2824 649 2868 honoraret,
672 2824 813 2861 eluceat.
859 2822 998 2858 moritur
1014 2832 1114 2866 ergo,
1139 2826 1178 2857 ut
1191 2820 1281 2864 dixi,
1305 2821 1389 2856 haec
1401 2820 1617 2867 imperatrix,
1640 2819 1758 2854 existi-
