1858 3236
253 167 317 231 ee
638 165 1016 213 coNsTANTm
1053 166 1320 225 missls
1852 133 1858 182 ’ἶ

388 277 592 336 κρατήσας
610 280 654 323 δὲ
666 280 923 337 τρισκαίδεκα
941 283 1014 336 τῆς
1031 280 1240 335 βασιλείας
1254 277 1323 335 ἔτη

388 346 594 398 Κλαύδιος
609 346 630 390 ὅ
649 346 877 398 δειλότατος
895 346 1124 406 φαρμάκοις
1145 348 1378 405 ἀναιρεῖται.

456 417 666 459 Κλαυδίου
691 417 1005 474 φαρμαχθέντος
1030 417 1074 459 δὲ
1095 416 1237 473 Νέρων
1264 413 1285 457 ὅ
1303 410 1575 471 μητροκτόνος

389 482 698 541 παρεισεφθάρη
714 483 883 527 κάκιστα
901 490 984 535 τοῖς
1006 489 1086 528 τῶν
1101 482 1316 538 “Ρωμαίων
1336 480 1566 540 σκήπτροις.

255 553 366 593 2020
387 545 436 605 ἦν
453 553 479 593 δ
485 552 497 567 ’
523 551 692 607 ἀσελγὴς
713 554 779 594 καὶ
798 551 995 609 βδελυρὸς
1013 554 1080 603 καὶ
1101 549 1257 607 πλήρης
1275 550 1482 602 ἀσωτείας,

389 616 520 673 ἥττων
541 620 714 676 γαστρὸς
738 622 804 663 καὶ
823 624 903 662 τῶν
920 618 1116 676 γαστρός,
1147 620 1346 676 φίλοινος,
1382 613 1613 675 φιλοπότης.

389 680 507 737 οὗτος
523 688 695 738 πολλοὺς
713 686 889 744 ὕπήγαγε
908 686 1105 737 θανάτοις
1126 684 1393 742 πικρότάτοις,

390 756 458 796 καὶ
475 754 548 810 τὴν
561 756 716 813 μητέρα
737 756 811 799 σὺν
833 757 981 805 αὐτοῖς.
1048 756 1150 799 εἴποι
1174 771 1236 804 τις
1251 753 1301 796 ἂν
1322 754 1486 804 δικαίως

390 820 452 864 ὅτι
477 824 599 866 κακὸν
615 823 807 880 εἰσήνεγκε
829 828 1009 866 τοιοῦτον
1028 829 1112 873 τοῖς
1131 824 1172 865 ἐν
1190 823 1282 880 βίῳ.

220 927 223 930 ,
255 889 365 931 2025
388 890 649 935 ἕπικατὲθυσε
671 894 697 934 δ
703 892 715 907 ²
743 893 846 948 αὐτῇ
862 893 928 934 καὶ
952 891 1024 946 τὴν
1045 890 1334 947 ὁμοζυγοῦσαν.

146 978 175 1012 p
194 977 240 1012 42
391 965 530 1009 κακοῖς
548 962 569 1001 ὁ
582 960 594 975 ²
622 958 804 1011 ἐπαῦξων
820 960 871 1001 τὰ
888 957 992 1002 κακά
1004 991 1017 1011 ,
1053 961 1119 1001 καὶ
1139 958 1372 1015 προστιθεὶς
1395 954 1534 1008 κακίω,

394 1025 568 1085 εὐνούχῳ
594 1026 905 1084 προσήρμόσατο
927 1027 1027 1084 πρὸς
1046 1022 1185 1081 λέχους
1207 1025 1427 1068 κοινωνίαν.

391 1093 524 1151 ἔχαιρε
552 1096 595 1137 δὲ
616 1099 862 1153 κιθαρῳδοῖς
883 1097 948 1137 καὶ
970 1097 1122 1151 γυναιξὶ
1144 1095 1385 1150 παιστρίαις,

394 1165 459 1204 καὶ
478 1167 556 1204 πᾶν
579 1163 702 1205 κακὸν
726 1166 791 1205 καὶ
813 1167 892 1205 πᾶν
916 1163 1083 1219 αἰσχρὸν
1103 1163 1387 1219 ἄρρητοι-ργῶν
1405 1156 1578 1214 ἐπλήρου

258 1231 371 1272 2030
390 1230 464 1272 σὺν
489 1231 726 1287 ὀρχησταῖς,
759 1235 1008 1289 γελοιασταῖς
1019 1262 1033 1282 ,
1060 1232 1221 1284 μίμοις,
1255 1225 1622 1286 ἁρματοστρόφοις.

394 1297 483 1340 τότε
499 1301 565 1340 καὶ
589 1298 761 1356 Πάρθοι
783 1299 855 1352 τὴν
874 1299 1002 1355 ἀρχὴν
1017 1303 1089 1352 τῆς
1105 1300 1311 1354 Περσικῆς
1333 1294 1471 1349 ἰσχύος

394 1368 450 1416 εἷς
467 1364 634 1417 ἑαυτοὺς
657 1368 943 1424 παρέσπασαν,
977 1367 1144 1422 Πέρσας
1170 1361 1472 1414 δεδουλωκότες.

394 1432 449 1483 ὡς
468 1435 512 1476 δὲ
542 1435 715 1484 πολλοὺς
734 1433 754 1476 ὃ
777 1434 962 1490 μυσαρὸς
985 1434 1128 1490 Νέρων
1151 1434 1284 1474 ἐδίδου
1300 1433 1419 1489 ξίφει,

396 1499 451 1551 ὡς
469 1501 712 1558 ἀκροχάλιξ,
748 1500 803 1552 ὡς
820 1499 942 1558 ὑγρὸς
955 1508 1097 1558 χοῖρος
1119 1499 1408 1557 ἀκρατοπότης,

261 1568 373 1612 2035
396 1567 472 1610 ὑπὸ
499 1570 647 1620 παντὸς
663 1571 859 1624 μειιιίσητο
877 1573 950 1613 τοῦ
970 1567 1154 1624 πλήθους
1173 1575 1292 1624 μῖσος
1309 1567 1446 1624 ἄκρον,

205 1653 238 1688 Β
398 1639 465 1679 καὶ
485 1636 628 1688 πάντες
648 1639 942 1694 ἀπεστρέφοντο
965 1639 1032 1679 καὶ
1053 1637 1125 1691 τὴν
1151 1637 1298 1678 ἐκείνου
1318 1636 1420 1678 θέαν
1433 1647 1446 1659 “

395 1705 562 1763 αἰσχρὸν
580 1706 657 1763 γὰρ
676 1703 839 1759 σύμπαν
858 1704 1048 1762 ἔπραττεν
1070 1706 1111 1747 ἐν
1127 1705 1266 1760 μέσοις
1284 1710 1368 1753 τοΐς
1385 1698 1588 1758 θεάτροις.

352 1843 390 1867 v.
411 1833 503 1868 2016
522 1845 577 1868 om
598 1833 632 1869 R
652 1852 657 1855 .
738 1832 950 1869 δισκαίδεκα
971 1832 1005 1867 R
1116 1844 1154 1867 v.
1178 1831 1270 1867 2017
1289 1842 1343 1866 om
1361 1831 1429 1866 RR
1538 1829 1631 1864 2023
1651 1824 1720 1872 τήν

353 1875 475 1913 αὐτοῦ
492 1880 526 1914 R
661 1879 752 1914 2025
776 1876 854 1914 ἐπεὶ
877 1876 1084 1913 κατέθυσεν
1107 1876 1229 1920 αὐτὴν
1256 1877 1291 1911 R
1425 1875 1518 1910 2027
1541 1871 1720 1918 εὐνοῦχον

351 1924 451 1958 ARR
559 1921 680 1969 γάμου
704 1925 755 1959 RV
871 1925 963 1959 2029
990 1922 1103 1961 ἐτέλει
1122 1924 1220 1958 ARR
1356 1923 1448 1960 2033
1469 1917 1634 1966 ῥυπαρὸς
1654 1920 1720 1955 AR

350 1969 443 2004 2034
465 1966 516 2010 (ὃς
539 1972 663 2016 χοῖρος
687 1968 898 2015 ἄκροπότης
917 1970 958 2006 Μ
1092 1971 1184 2006 2037
1205 1964 1309 2003 ἅπαν
1326 1968 1361 2003 R

261 2091 369 2114 annos
403 2081 571 2116 tredecim
608 2081 787 2126 exegisset
816 2081 854 2117 in
891 2081 1058 2128 imperio,
1104 2081 1161 2117 vir
1190 2079 1427 2116 timidissimus
1465 2090 1601 2114 veneno
1636 2079 1720 2126 sub-

259 2124 348 2160 latus
373 2133 440 2160 est.
893 2164 896 2166 ,

351 2173 465 2215 Atque
480 2172 530 2206 ita
550 2172 695 2209 Claudio
712 2185 776 2218 per
789 2173 995 2208 veneficium
1010 2172 1217 2218 interempto
1228 2199 1237 2216 ,
1268 2171 1366 2206 Nero
1381 2170 1557 2216 parricida
1579 2169 1719 2215 nequis-

262 2215 348 2251 sime
365 2217 553 2251 Romanum
569 2219 748 2263 imperium
764 2219 800 2252 in
814 2231 852 2252 se
867 2218 1056 2254 transtulit.
1089 2224 1165 2252 erat
1179 2217 1236 2253 ille
1252 2216 1413 2260 lascivus,
1429 2217 1595 2260 impurus,
1620 2215 1720 2248 luxu-

261 2261 336 2296 riae
353 2261 494 2306 plenus,
527 2263 628 2307 gulae
654 2264 838 2309 ventrique
855 2265 1012 2306 deditus,
1040 2264 1195 2298 vinosus.
1242 2262 1365 2296 multos
1390 2260 1621 2297 acerbissimis
1637 2271 1722 2305 sup-

263 2306 377 2352 pliciis
402 2308 519 2341 affecit
533 2334 542 2351 ,
565 2309 656 2343 inter
672 2321 758 2355 quos
776 2314 812 2343 et
826 2315 936 2343 mater
952 2310 1061 2353 ipsius
1080 2309 1167 2350 fuit3
1193 2319 1293 2352 quam
1311 2308 1459 2340 fortasse
1477 2306 1553 2351 quis
1575 2306 1720 2340 non-im-

263 2352 387 2386 merito
411 2365 544 2387 caesam
568 2354 716 2398 dixerit,
749 2355 842 2401 quod
864 2361 934 2389 tam
957 2355 1150 2399 improbum
1176 2353 1375 2387 mortalibus
1401 2352 1592 2397 principem
1620 2351 1724 2385 enixa

262 2397 384 2434 fuerit.
431 2399 618 2443 parricidio
647 2406 760 2433 autem
789 2399 945 2443 coniugis
971 2412 1107 2446 quoque
1134 2397 1374 2433 mactationem
1389 2397 1551 2432 adiecit.'
1577 2408 1723 2442 cumque

267 2443 354 2477 mala
374 2444 469 2478 malis
489 2450 524 2478 et
549 2444 687 2489 quidem
705 2445 920 2480 foedioribus
938 2445 1148 2486 cumularet,
1174 2443 1417 2477 cubicularium
1435 2443 1604 2487 quendam
1625 2454 1723 2477 suum

267 2488 428 2534 coniugio
454 2490 524 2525 sibi
551 2490 737 2534 copulavit,
783 2489 1020 2525 delectabatur
1047 2495 1084 2523 et
1107 2488 1341 2532 citharoedis,
1374 2488 1487 2533 iisque
1514 2488 1723 2523 mulierculis

265 2547 355 2580 qnae
384 2536 490 2569 risum
523 2536 715 2578 concitant,
754 2541 790 2569 et
813 2547 887 2569 cum
920 2535 1139 2569 saltatoribus
1164 2534 1360 2568 ludionibus
1387 2534 1496 2568 mimis
1525 2534 1724 2568 cantoribus

268 2593 367 2614 omne
392 2581 524 2615 facinus
548 2581 739 2624 improbum
764 2582 1008 2626 perpetrabat,
1034 2592 1099 2613 nec
1125 2581 1168 2614 ab
1191 2579 1258 2613 ulla
1278 2579 1491 2624 turpitudine
1510 2580 1723 2614 abstinebat.

268 2626 306 2660 id
327 2627 491 2670 temporis
515 2626 618 2659 etiam
634 2626 756 2660 Parthi
777 2626 955 2660 Persicum
973 2637 1115 2669 regnum
1139 2626 1181 2659 ad
1206 2636 1243 2658 se
1266 2626 1516 2668 traduxerunt,
1544 2624 1663 2659 Persis
1686 2625 1724 2660 in

268 2672 471 2706 servitutem
495 2672 658 2706 redactis.
708 2683 783 2705 cum
798 2677 911 2705 autem
934 2671 1086 2716 impurus
1104 2670 1159 2703 hic
1176 2670 1273 2704 Nero
1290 2669 1413 2704 multos
1431 2670 1545 2715 gladio
1563 2670 1724 2705 sustulis-

269 2723 344 2760 set,
380 2719 479 2751 homo
512 2717 670 2751 nimirum
696 2729 803 2762 porco
827 2716 948 2751 similis
976 2722 1012 2750 et
1043 2727 1170 2749 merum
1194 2715 1465 2760 intemperanter
1495 2715 1724 2760 ingurgitans,

268 2763 470 2798 acerrimum
495 2763 641 2797 omnium
663 2763 819 2796 ordinum
840 2762 953 2796 odium
977 2767 1097 2795 contra
1124 2773 1163 2795 se
1190 2760 1397 2805 concitavit,
1422 2761 1508 2796 adeo
1527 2762 1664 2807 quidem
1686 2767 1726 2795 ut

270 2810 344 2844 eius
369 2815 588 2857 conspectum
604 2819 742 2856 quoque
767 2819 866 2844 nemo
891 2819 960 2844 uon
975 2811 1210 2843 aversaretur.
1257 2818 1334 2843 nam
1350 2807 1550 2843 foedissima
1567 2817 1727 2854 quaeque
