1924 3242
297 157 371 205 86¹
687 159 920 205 GEORGH
950 161 1333 207 ACROPOLITAE

298 269 344 313 ὃν
369 271 436 313 καὶ
457 270 580 327 με’γαν
599 269 894 330 χαρτουλᾶριον
917 271 1142 328 ὃβασιλεῦς
1152 274 1337 331 Ἰωάννης
1356 277 1570 332 τετίμηκεν.
1615 276 1731 320 ἄλλοι

298 339 343 380 δὲ
379 339 417 381 οἳ
453 342 525 380 τοῦ
558 339 786 393 σκέμματος
816 343 994 383 κοινωνοὶ
1021 341 1131 386 οὔπω
1162 345 1275 399 δῆλοι
1303 342 1358 395 ὥς
1385 345 1496 388 αὐτοὶ
1523 345 1636 402 σφίσι
1659 349 1730 388 τοῦ

300 403 532 463 πράγματος
553 406 626 448 σὺν
642 411 700 465 τῷ
717 406 863 464 πλήθει
886 408 1108 465 γεγόνασιν,
1142 411 1234 454 ἀλλ’
1260 411 1414 465 ἔμειναν
1435 411 1729 468 ἀκατάγνωστοι

298 480 381 522 τοῖς
399 474 584 516 πλείοσιν.
652 476 721 518 ἕνα
740 481 836 532 γοῦν
855 475 1005 521 τούτων
1024 482 1103 521 τῶν
1124 479 1338 536 εἰρημένων
1355 479 1423 523 τὸν
1443 480 1667 534 Καμπανὸν
1692 480 1732 522 οἳ

298 538 440 591 πάντες
458 541 795 598 συσκευασάμενοι
818 546 873 595 εἷς
891 545 961 588 τὸν
981 545 1256 603 αὐτοκράτορα
1268 545 1451 603 Ἰωάννην
1467 547 1729 601 ἐκπέμπουσιν
1740 553 1766 588 5

300 610 570 664 πραγματείας
587 612 660 665 μὲν
677 610 916 670 προφάσεως
930 611 1072 670 χάριν,
1107 619 1157 671 τῇ
1175 615 1217 656 δὲ
1241 615 1412 674 ἀληθείᾳ
1431 619 1564 657 κοινοῦ
1580 630 1734 672 χρυσο-

298 674 472 728 βούλλου
493 678 774 736 ἐπευμοιρῆσαι
782 712 796 732 ,
826 685 905 723 τῶν
925 682 1117 724 ἀνέκαθεν
1136 681 1501 740 προσαρμοσάντων
1525 683 1735 725 Θεσσαλο-

298 744 386 799 νίκῃ
408 745 561 799 ἐθίμων
581 764 622 790 τε
646 749 711 789 καὶ
737 750 899 790 δικαίων
919 755 1161 806 περιεκτικοῦ
1184 752 1250 792 καὶ
1273 755 1344 804 τῆς
1367 755 1482 808 σφῶν
1503 750 1732 807 ἐλευθερίας

180 813 209 846 Ρ
232 811 277 850 44
298 817 548 868 παρεκτικοῢ.
616 813 636 856 ὅ
667 816 739 869 μὲν
770 811 840 858 οὖν
868 817 1057 870 βασιλεὺς
1080 816 1211 860 πάντα
1232 835 1272 861 τε
1293 817 1448 868 τούτοις
1466 817 1734 860 κατὰσκοπὸν

295 877 528 935 ἐπεπράχει,
567 884 634 923 καὶ
664 885 822 940 ’δωρεῶν
851 882 1081 938 ὑποσχέσεις
1106 893 1188 936 τοΐς
1208 884 1499 942 ὑπηρετήσουσι
1521 889 1571 942 τῇ
1590 883 1729 942 πράξει
1742 891 1801 926 10
1911 921 1921 938 ,

297 948 364 988 καὶ
395 946 618 1005 ἐγγράφους
642 952 793 1005 τίθησι.
858 956 986 994 ταῦτα
1014 953 1064 1007 δὴ
1091 954 1132 1003 ἐς
1158 954 1203 996 τὸ
1229 954 1408 1010 ἀσφαλὲς
1427 951 1692 1007 οἰκονομήσας
1708 950 1731 994 ὅ

296 1015 486 1067 βασιλεὺς
514 1015 674 1074 ἀπάρας
703 1023 782 1060 τῶν
813 1021 1036 1062 Μελενίκου
1056 1023 1217 1078 χωρίων
1235 1023 1324 1078 περὶ
1344 1021 1415 1076 τὴν
1439 1021 1732 1075 Θεσσαλονίκην

296 1082 480 1138 ἐφέρετο,
514 1083 704 1143 πρότερον
735 1087 1013 1138 ἐξαποστείλας
1036 1089 1220 1145 πρέσβεις
1243 1090 1282 1139 ἐς
1301 1089 1370 1131 τὸν
1390 1087 1648 1144 Δημήτριον,
1676 1085 1733 1137 ὥς
1760 1137 1763 1141 ,

296 1148 347 1191 ἂν
363 1149 466 1192 κατὰ
484 1151 556 1200 τὰς
576 1154 701 1195 αὐτοῦ’
714 1152 924 1208 ὑποθήκας
942 1156 1123 1212 ἀφίκοιτο
1144 1159 1198 1205 εἰς
1218 1156 1339 1198 αὐτὸν
1360 1157 1426 1198 καὶ
1446 1153 1668 1212 ἀφοσιώσοι
1684 1154 1731 1197 τὸ

294 1215 482 1272 ὄφλημα·
518 1218 621 1261 οὕτω
653 1220 730 1277 γὰρ
763 1222 951 1263 συνέθετο
979 1225 1046 1264 καὶ
1081 1221 1324 1276 κατώμοσεν.
1393 1221 1414 1264 ὃ
1439 1223 1482 1264 δὲ
1510 1223 1630 1277 (οὐδὲ
1651 1221 1730 1278 γὰρ
1743 1226 1786 1260 15

297 1282 373 1336 εἶχε
402 1291 505 1326 νοεῒν
540 1286 725 1340 οἴκοθεν)
759 1295 842 1337 τοῖς
871 1288 1095 1342 ἐπιβούλοις
1126 1288 1369 1344 συμβούλοις
1399 1287 1605 1347 χρώμενος
1632 1289 1734 1331 οἶκοι

245 1357 274 1391 Β
297 1352 527 1405 καταμένειν
556 1354 754 1396 ἐπείθετο·
789 1357 1008 1412 σκευωρίαν
1038 1356 1115 1414 γὰρ
1149 1357 1323 1414 ἔφασκον
1351 1357 1449 1401 εἶναι
1478 1357 1571 1399 κατ’
1601 1357 1735 1400 αὐτοῦ

383 1470 471 1514 θείη
500 1466 548 1505 ἄν
582 1467 718 1513 dignos-‚³³
763 1471 826 1507 καὶ
851 1469 870 1507 ὁ
900 1470 1109 1517 Δημήτριος
1132 1470 1310 1519 (ἐθάρρει
1333 1473 1403 1520 γὰρ
1427 1473 1525 1518 μάλα
1545 1472 1664 1521 τούτῳ
1683 1471 1734 1515 οἷς

384 1516 524 1561 πιστῷ)
553 1512 764 1561 ε(προδότην
792 1515 928 1552 τοῦτόν
950 1529 1061 1562 φασιν
1091 1516 1204 1562 εἶναι,
1238 1518 1468 1564 Σπαρτηνέ.”
1513 1517 1534 1555 ὁ
1564 1518 1604 1554 δὲ
1631 1519 1732 1553 παίει

383 1559 451 1595 τὸν
466 1561 672 1604 Καμπανὸν
691 1561 892 1607 λαβόμενος
909 1562 1044 1598 τούτου
1059 1564 1125 1608 τῆς
1162 1564 1278 1605 ε’νυος.
1322 1562 1438 1609 “gyro”
1461 1565 1571 1610 φησὶν
1592 1561 1731 1599 “avit-dv

385 1604 425 1640 ἐν
453 1609 531 1646 τοῖς
557 1607 653 1641 οἴκοι
681 1605 899 1652 ἀπαγαγών,
923 1608 1104 1652 δέσποτα,
1130 1577 1295 1653 ἓτασμοῖς
1317 1608 1482 1650 ἐκπιέσας
1503 1608 1628 1644 πάντα
1646 1610 1731 1644 τοῦ-

384 1661 451 1685 τον
480 1652 743 1696 καταναγκάσω
776 1652 916 1698 ἔκφορα
942 1653 1127 1699 ποιῆσαι.”
1171 1653 1281 1689 ταῦτ’
1301 1652 1397 1694 εἷπε,
1429 1654 1491 1690 καὶ
1508 1652 1559 1694 ὥς
1581 1652 1650 1699 εἶχε
1667 1653 1730 1688 τά·

384 1707 471 1738 κους
490 1694 526 1736 ἐς
546 1694 614 1741 τήν
632 1699 751 1732 οἰκίαν
770 1695 892 1743 οἷπῄει.
939 1698 1007 1734 τὸν
1033 1697 1099 1743 μὲν
1124 1694 1194 1734 οὖν
1219 1699 1426 1744 Καμπανὸν
1449 1699 1492 1735 τὸ
1521 1697 1596 1735 ἀπὸ
1620 1699 1732 1734 τοῦδε

384 1742 486 1784 κλίνη
515 1739 625 1785 εἶχεν,
649 1740 762 1778 ἀσκὸν
792 1742 830 1777 δὲ
854 1742 1084 1788 διαφυσήσας
1103 1742 1122 1779 ὁ
1144 1744 1365 1789 Σπαρτηνὸς
1380 1745 1440 1780 καὶ
1457 1743 1653 1788 δεσμεύσας
1670 1744 1732 1779 καὶ

384 1782 616 1829 ἐπαιωρήσας
638 1786 789 1821 ἔτυπτεν
810 1785 860 1828 οἷς
877 1788 1102 1832 Καμπανόν,
1125 1788 1366 1834 ἀποκαλύψαι
1383 1792 1500 1846 δῆθεν
1523 1787 1572 1824 τοὶ
1593 1788 1730 1834 κρύφα.

386 1828 499 1869 ἀσκὸς
530 1830 569 1865 δὲ
595 1827 660 1875 ἧν,
685 1831 730 1866 ου’
750 1832 953 1877 Καμπανὸς
973 1831 992 1868 ὁ
1017 1834 1252 1878 τυπτόμενος.
1300 1833 1379 1870 εἶτα
1403 1836 1556 1879 αφίκετο
1585 1833 1636 1875 ὥς
1661 1833 1731 1879 εἶχε

385 1876 514 1909 ποδῶν
538 1874 559 1912 ὁ
584 1877 803 1921 Σπαρτηνὸς
829 1877 922 1922 πρὸς
944 1878 1173 1924 Δημήτριον,
1200 1881 1262 1914 καὶ
1287 1881 1322 1915 οἱ
1344 1881 1455 1925 φησίν
1476 1877 1595 1927 ’Ἧρκῳ
1616 1891 1654 1915 σε
1672 1893 1729 1914 πι-

388 1918 512 1954 σεῡόσω
530 1919 573 1956 *co*
596 1924 756 1966 πρᾶγμα,
779 1922 830 1966 μὰ
851 1921 917 1958 τὸν
938 1924 1005 1958 σὸν
1023 1925 1085 1959 καὶ
1103 1922 1207 1969 ἡμῶν
1226 1923 1401 1960 ἁπάντων
1418 1924 1638 1969 Δημήτριον,
1661 1923 1729 1960 τὸν

384 1964 569 2008 κηδεμόνα
600 1968 862 2012 Θεσσαλονίκης
885 1968 947 2003 καὶ
974 1971 1182 2014 πολιοῦχον.
1229 1970 1400 2011 τοιοῦτός
1421 1968 1516 2005 ἐστιν
1535 1968 1726 2014 ὁ’Καμπα-

385 2009 452 2050 vde
473 2008 604 2052 ὁποῖος
625 2010 644 2047 ὁ
667 2013 906 2058 Σπαρτηνός,
928 2014 991 2049 καὶ
1015 2012 1133 2055 οὕτως
1159 2014 1336 2051 διάκειται
1350 2015 1434 2060 περὶ
1445 2014 1491 2049 σὲ
1507 2013 1610 2049 καθοὶ
1625 2015 1687 2049 καὶ
1705 2012 1726 2049 ὁ

382 2056 625 2101 Σπαρτηνός,
660 2055 704 2093 ὃν
730 2057 941 2103 ἀνθρώπων
967 2057 1142 2095 ἁπάντων
1163 2060 1274 2096 πλέον
1303 2072 1341 2097 σε
1371 2061 1550 2105 φιλοῦντα
1574 2058 1728 2104 ἐπέγνω-

383 2098 483 2140 κας.”
530 2099 549 2137 ὁ
574 2101 613 2137 δὲ
638 2102 804 2148 βασιλεύς
822 2102 882 2138 ἐπὶ
902 2105 1163 2150 Θεσσαλονίκης
1180 2109 1298 2150 χωρεῖ.
1476 2107 1499 2140 2
1522 2103 1728 2150 σκάμματος

383 2147 486 2190 vulgo
623 2150 645 2183 8
667 2148 890 2194 περιεκτικὸν
907 2155 942 2184 et
955 2150 1173 2196 παρεκτικόν
1187 2152 1299 2196 vulgo.

297 2245 424 2289 gnitate
448 2249 490 2282 ab
514 2248 716 2292 imperatore
739 2251 995 2292 condecoratus3
1025 2252 1170 2296 reliquos
1194 2251 1446 2296 conspirationis
1463 2251 1572 2286 socios
1587 2251 1728 2286 nondum

295 2292 464 2325 novimus:
497 2293 545 2326 ita
561 2305 626 2326 una
642 2305 715 2327 cum
731 2295 940 2330 multitudine
955 2299 1083 2337 coiere,
1108 2302 1144 2330 ut
1166 2297 1307 2330 inauditi
1320 2298 1489 2341 ignotique
1503 2297 1654 2342 pluribus
1671 2309 1728 2331 re-

296 2338 488 2371 manserint.
534 2349 633 2371 unum
663 2351 704 2371 ex
730 2340 778 2372 his
803 2341 1006 2384 Campanum
1020 2342 1212 2376 insidiarum
1228 2342 1509 2376 instructissimum
1527 2343 1569 2375 ad
1584 2343 1727 2387 impera-

296 2387 403 2415 torem
425 2383 581 2416 Ioannem
609 2384 784 2426 ablegant,
808 2386 902 2428 quasi
926 2386 983 2419 ille
1005 2388 1241 2430 negotiationis
1263 2398 1362 2420 causa
1377 2388 1666 2432 proficisceretur,
1688 2399 1727 2421 re

297 2439 379 2460 vera
403 2431 513 2462 tamen
535 2432 572 2461 ut
594 2429 716 2461 bullam
749 2440 881 2463 auream
908 2431 1119 2475 impetraret,
1144 2444 1210 2476 qua
1230 2433 1362 2476 antiqua
1383 2433 1727 2466 Thessalonicensium

296 2472 370 2506 iura
384 2483 423 2505 ac
437 2473 614 2519 privilegia
630 2475 926 2517 comprobarentur
941 2481 976 2509 et
989 2476 1125 2510 libertas
1143 2477 1272 2511 civibus
1287 2483 1503 2512 assereretur.
1548 2479 1729 2522 imperator

297 2517 332 2550 in
346 2523 428 2551 vota
444 2529 556 2551 eorum
572 2519 757 2552 concedens
771 2531 832 2572 pro
847 2521 1010 2553 sententia
1025 2522 1131 2555 omnia
1145 2522 1338 2566 exequitur:
1362 2534 1530 2557 munerum
1552 2524 1651 2557 etiam
1673 2524 1727 2556 in-

296 2566 351 2596 ter
366 2564 494 2597 consilii
507 2564 673 2597 adiutores
686 2564 986 2598 distnbuendorum
1003 2566 1272 2610 promissionibus
1287 2580 1354 2601 rem
1370 2569 1538 2610 sollicitat,
1555 2574 1589 2602 et
1601 2568 1731 2613 scripto¹

297 2619 335 2641 se
350 2609 491 2653 obligat.
538 2609 587 2642 his
601 2609 650 2642 ita
665 2613 737 2642 tuto
756 2610 923 2655 dispositis
937 2611 1101 2644 Melenico
1117 2613 1288 2656 egrediens
1303 2614 1572 2647 Thessalonicam
1587 2617 1725 2647 conten-

299 2653 420 2696 debat,
443 2654 535 2698 prius
562 2654 605 2687 ad
628 2654 832 2688 Demetrium
855 2655 935 2689 viris
955 2656 1134 2699 delegatis,
1158 2662 1196 2691 ut
1209 2658 1283 2702 ille,
1306 2658 1333 2692 si
1350 2663 1449 2703 pacta
1463 2670 1599 2693 servare
1614 2658 1728 2701 vellet,

300 2698 342 2732 ad
359 2710 395 2732 se
412 2700 678 2744 proficisceretur
693 2704 728 2733 et
743 2700 889 2734 debitum
905 2701 1102 2736 exsolveret.
1126 2703 1173 2736 sic
1188 2703 1272 2736 enim
1289 2703 1344 2736 ille
1359 2708 1570 2747 convenerat,
1588 2704 1726 2756 iureque

297 2755 335 2777 se
353 2743 493 2778 iurando
509 2746 744 2779 obstrinxerat.
789 2745 846 2779 ille
864 2748 997 2790 (neque
1012 2746 1097 2780 enim
1113 2760 1154 2781 ex
1169 2759 1207 2781 se
1225 2748 1346 2793 aliquid
1363 2760 1482 2794 sapere
1496 2750 1655 2795 poterat)
1675 2759 1728 2781 m·

297 2789 508 2824 §uiatoribus
524 2802 584 2836 pro
600 2790 793 2824 consiliariis
810 2802 886 2825 usus
902 2791 989 2826 domi
1004 2793 1140 2827 mansit:
1162 2793 1372 2828 vocationem
1388 2795 1508 2829 etenim
1523 2793 1730 2840 imperatoris
1904 2799 1924 2852 Ξ

1913 2854 1924 2967 Ξ

1912 2970 1924 3015 i
