1924 3242
344 185 409 239 ΒΟ
972 187 1153 237 IOELIS

342 302 586 363 πραγμάτων
607 305 881 363 μεταχείρησιν
893 307 1104 359 Βασίλειος
1125 306 1146 350 ὅ
1170 303 1524 365 παρακοιμῶμενος
1548 305 1711 366 ἕνήργει,
1730 305 1782 358 ’ὃς

344 372 431 429 ἅμα
450 376 526 416 ’καὶ
557 373 630 428 τὴν
658 372 812 417 τούτων
842 376 995 433 μητέρα
1020 376 1185 431 πέμψας
1203 376 1280 418 ἀπὸ
1303 380 1374 430 τῆς
1388 374 1602 434 ὕπερορίας
1619 375 1702 433 ἄγει
1726 376 1782 426 εἰς

339 442 392 484 τὰ
419 443 619 496 βασίλεια.
686 441 891 486 Νικολάου
925 444 968 486 δὲ
992 449 1065 487 τοῦ
1082 445 1348 502 Χρυσοβέργη
1369 444 1431 485 ἐπὶ
1443 442 1616 502 χρόνους
1637 442 1692 499 ιβ’
1713 445 1781 486 καὶ

338 513 469 563 μῆνας
497 507 536 564 η’
570 510 643 565 τὴν
674 510 884 566 ἐκκλησίαν
905 509 1117 563 ἰθῦναντος
1140 515 1206 554 καὶ
1231 511 1425 562 λύσαντος
1442 511 1515 568 τὴν
1537 510 1661 568 ζωήν,
1692 528 1779 567 χει-

341 583 558 633 ροτονεῖται
583 579 778 630 Σισίννιος
801 578 1039 637 μάγιστρος,
1076 580 1175 637 ἀνὴρ
1197 579 1402 636 ἐλλόγιμος
1421 581 1488 622 καὶ
1512 581 1691 637 ἰατρικῆς
1713 581 1814 623 καὶὸ

339 649 506 700 νομικῆς
533 646 670 702 τέχνης
699 646 806 702 ἥκων
838 650 892 699 εἷς
920 649 965 691 τὸ
999 647 1231 705 ἀκρότατον.
1299 650 1366 690 καὶ
1392 642 1507 698 οὗτος
1532 649 1575 690 δὲ
1596 648 1659 690 ἐπὶ
1679 651 1783 706 τρεῖς

338 711 486 766 μόνους
519 714 723 766 ἐνιαυτοὺς
752 716 824 770 τὴν
857 717 1065 771 ἐκκλησίαν
1090 714 1289 771 ποιμάνας
1309 716 1442 771 ἐξέστη
1465 719 1538 770 τῆς
1557 717 1682 771 ζωῆς,
1708 716 1783 757 ’καὶ

339 780 574 838 προεβλήθη
598 783 785 839 Σέργιος,
819 781 1037 840 ἡγούμενος
1068 783 1124 827 ὢν
1153 789 1224 839 τῆς
1243 789 1369 839 μονῆς
1388 787 1464 827 τοῦ
1485 783 1689 840 Μανουὴλ
1716 784 1784 825 καὶ

340 848 386 890 ’τὸ
421 850 532 904 γένος
562 851 773 908 ἀναφέρων
803 854 858 902 εἷς
882 851 1040 895 Φώτιον
1059 853 1128 895 τὸν
1148 851 1399 909 πατριάρχην
1410 885 1425 906 ,
1460 850 1503 902 ὃς
1523 853 1585 894 ἐπὶ
1608 849 1644 894 κ’
1667 850 1786 901 ὅλους

292 919 322 953 Β
345 917 549 968 ἐνιαυτοὺς
583 919 655 973 τὴν
688 924 761 961 τοῦ
790 924 893 963 θεοῦ
920 919 1120 975 ποιμάνας
1143 922 1351 975 ἐκκλησίαν
1374 920 1474 978 πρὸς
1493 918 1630 977 κύριον
1649 916 1782 974 ἓξεὸή-
1797 926 1840 961 10

342 1001 467 1041 μησε,
502 988 569 1028 καὶ
598 986 832 1044 προεβλήθη
866 987 1116 1046 πατριάρχης
1149 987 1399 1040 Εὐστάθιος,
1434 992 1592 1045 πρῶτος
1621 986 1677 1030 ὢν
1704 990 1785 1040 τῶν

342 1055 620 1112 πρεσβυτέρων
648 1059 721 1097 τοῦ
753 1057 794 1098 ἓν
822 1059 1039 1111 βασιλείοις
1067 1062 1180 1099 ναοῦ.
1249 1057 1465 1099 ἀνεκαίνισε
1492 1056 1535 1098 δὲ
1557 1053 1787 1110 ὅβασιλεῦς

343 1123 557 1172 Βασίλειος
579 1125 646 1164 καὶ
665 1123 735 1166 τὸν
757 1125 911 1180 ἀγωγὸν
937 1124 1160 1175 Οὐάλεντος
1180 1129 1253 1167 τοῦ
1272 1124 1489 1178 βασιλέως,
1525 1119 1580 1173 ὧς
1597 1121 1646 1165 ἂν
1662 1121 1786 1176 ἴχοιεν

344 1190 382 1231 οἱ
403 1191 444 1231 ἓν
464 1195 524 1247 τῷ
544 1192 752 1247 Βυζαντίῳ
776 1192 979 1247 ἀφθονίαν
998 1192 1159 1241 ῧὸατος.
1228 1187 1343 1240 οὗτος
1373 1191 1558 1248 αἰφνιδίῳ
1581 1187 1686 1251 νόσῳ
1712 1192 1786 1244 λη-

343 1259 465 1314 φθεὶς
482 1258 653 1311 ἀπεβίω,
688 1255 766 1313 πρό
784 1275 902 1299 τινων
921 1256 1080 1314 ἡμερῶν
1102 1263 1174 1312 τῆς
1196 1258 1321 1299 αὐτοῦ
1339 1261 1521 1312 τελευτῆς
1539 1258 1606 1300 καὶ
1625 1254 1787 1299 Εὐστα-
1799 1265 1841 1300 15

341 1326 437 1366 θιόυ
460 1328 534 1367 τοῦ
554 1322 804 1380 πατριάρχου
827 1324 1123 1376 ἀποθανόντος,
1160 1319 1208 1367 οὐ
1230 1323 1418 1379 διάδοχον
1436 1323 1456 1366 ὅ
1476 1320 1668 1379 βασιλεὺς
1677 1324 1787 1368 Ἀλέ-

342 1394 433 1442 ξιον
456 1391 634 1446 μοναχὸν
664 1390 876 1446 ἐποιήσατο
912 1391 1200 1450 ἕκκλησιάρχην
1234 1392 1330 1436 ὄντα
1365 1394 1406 1435 ἓν
1426 1397 1478 1450 τῇ
1497 1396 1571 1435 τοῦ
1591 1392 1787 1435 Στουδίου

340 1463 458 1516 μονῇ.
512 1463 586 1502 τοῦ
606 1453 676 1502 οὐν
691 1461 890 1514 βασιλέως
908 1463 1120 1503 Βασιλείου
1140 1459 1444 1516 τελευτήσαντος
1461 1463 1527 1503 καὶ
1549 1461 1590 1503 ἓν
1609 1464 1668 1519 τῷ
1684 1459 1788 1503 κατὰ

341 1527 388 1569 τὸ
414 1527 619 1582 “Ἐβὸομον
648 1532 735 1586 ναῷ
769 1533 840 1571 τοῦ
875 1528 1153 1585 εὐαγγελιστοῦ
1181 1531 1248 1572 καὶ
1278 1527 1473 1585 θεολόγου
1501 1528 1716 1586 ταφέντος,
1765 1525 1787 1569 ὃ
1823 1584 1825 1586 q

289 1603 319 1638 C
342 1594 485 1639 τούτου
515 1596 688 1652 ἀδελφὸς
715 1597 1017 1647 Κωνσταντῖνος
1038 1596 1161 1651 μόνος
1182 1597 1227 1639 τὸ
1250 1601 1322 1652 τῆς
1338 1596 1546 1651 βασιλείας
1566 1594 1842 1651 ἀνεδήσατοῖο

340 1663 510 1720 κράτος’
546 1663 590 1713 ὃς
621 1662 743 1718 ζήσας
760 1665 834 1718 μὲν
855 1665 924 1707 τὸν
945 1664 1103 1707 ἅπαντα
1123 1669 1196 1719 τῆς
1221 1667 1322 1720 ζωῆς
1341 1665 1466 1707 αὐτοῦ’
1483 1662 1631 1720 χρόνον
1651 1662 1685 1705 o'
1704 1663 1786 1718 ἔτη,

341 1732 405 1773 ἐπὶ
437 1737 542 1788 τρεῖς
575 1731 619 1772 δὲ
649 1730 735 1782 ἑνὸς
767 1733 924 1790 δέοντος
948 1733 1074 1787 μηνὸς
1096 1731 1352 1789 αὐτοκράτωρ
1374 1729 1565 1787 γεγονώς,
1599 1732 1788 1789 αῗφνιὸίῳ

341 1797 447 1856 νόσῳ
470 1800 642 1856 ληφθεὶς
660 1801 725 1840 καὶ
747 1800 858 1856 παρὰ
875 1804 955 1842 τῶν
973 1803 1121 1856 ἰατρῶν
1143 1801 1432 1856 ἀπαγορευθεὶς
1452 1798 1543 1840 ἀντ’
1563 1797 1690 1841 αὐτοῦ’
1707 1803 1787 1852 βα-

344 1868 457 1909 σιλέα
493 1868 776 1923 προχειρίζεται
803 1866 1007 1921 Ῥωμανὸν
1035 1868 1104 1910 τὸν
1133 1867 1346 1925 Ἀργυρόν,
1380 1864 1569 1919 συζεύξας
1595 1865 1788 1926 πρότερον

346 2065 439 2096 tores
449 2086 459 2105 ‚
483 2061 627 2097 Basilius
641 2073 725 2097 vero
741 2063 913 2098 accubitor
927 2074 999 2098 rem
1015 2074 1144 2098 omnem
1160 2075 1221 2109 pro
1238 2061 1373 2097 libidine
1386 2061 1607 2105 gubernabat.
1650 2059 1704 2095 hic
1725 2072 1786 2107 θοῇ

346 2118 420 2142 rum
443 2111 582 2141 matrem
606 2109 648 2142 ab
674 2109 771 2143 exilio
786 2109 820 2142 in
835 2109 960 2154 regiam
975 2109 1160 2143 revocavit.
1206 2108 1364 2143 Nicolaus
1379 2107 1635 2151 Chrysoverges
1649 2117 1710 2152 per
1723 2117 1788 2141 an-

347 2163 409 2187 nos
434 2152 604 2187 duodecim
629 2157 665 2187 et
688 2165 817 2188 menses
832 2160 909 2189 octo
925 2156 1025 2189 rebus
1042 2154 1277 2189 ecclesiasticis
1301 2151 1532 2187 administratis
1547 2151 1650 2194 obiit,
1671 2151 1787 2198 illique

347 2197 497 2233 succedit
524 2198 688 2232 Sisinnius
714 2199 889 2243 magister,
913 2201 967 2234 vir
992 2200 1130 2245 insignis
1153 2204 1187 2234 et
1206 2198 1352 2233 medicae
1367 2197 1447 2232 artis
1463 2195 1737 2232 instructissimus
1753 2202 1788 2232 et

347 2242 479 2286 legibus
504 2244 707 2287 exponendis
730 2245 851 2278 nemini
873 2245 1045 2280 secundus.
1092 2245 1148 2279 hic
1166 2245 1245 2278 item
1270 2255 1331 2289 per
1344 2247 1413 2277 tres
1424 2246 1552 2276 tantum
1567 2253 1671 2277 annos
1685 2243 1788 2278 rebus

346 2287 509 2321 ecciesiae
525 2289 706 2322 moderatis
722 2301 742 2322 e
757 2301 900 2334 corpore
918 2291 1079 2331 excessit,
1099 2291 1364 2333 substitutusque
1379 2291 1432 2322 est
1446 2287 1583 2332 Sergius
1599 2299 1692 2322 mona
1699 2288 1789 2326 :terii

344 2332 509 2367 Manuelis
535 2333 659 2375 abbas,
684 2334 740 2377 qui
766 2346 872 2378 genus
895 2336 937 2369 ad
962 2336 1118 2370 Photium
1143 2334 1365 2380 patriarcham
1386 2333 1574 2375 referebat;
1599 2333 1657 2378 qui
1674 2335 1718 2368 ad
1732 2332 1788 2368 vi?-

344 2378 429 2423 giuti
454 2388 558 2411 annos
582 2377 730 2422 integros
754 2379 896 2413 ecclesia
915 2381 968 2414 dei
983 2382 1167 2425 gubernata
1181 2380 1224 2414 de
1239 2380 1310 2413 vita
1325 2378 1366 2412 ad
1382 2378 1545 2412 dominum
1561 2378 1702 2424 migrat,
1725 2378 1788 2412 eli-

344 2423 500 2468 giturque
522 2423 711 2468 patriarcha
734 2423 933 2458 Eustathius
956 2426 1165 2460 sacerdotum
1186 2424 1319 2470 templi,
1343 2424 1430 2468 quod
1446 2423 1481 2457 in
1496 2424 1589 2467 regia
1605 2428 1694 2467 erat,
1717 2424 1787 2470 pri-

343 2479 427 2503 mas.
473 2468 616 2502 Basilius
641 2479 722 2502 vero
750 2469 929 2514 imperator
951 2471 1102 2505 Valentis
1123 2469 1332 2516 imperatoris
1349 2469 1544 2502 conductum
1561 2469 1732 2513 restitum
1749 2470 1786 2502 ut

345 2513 542 2559 Byzantinis
557 2524 665 2557 aquae
681 2514 902 2548 abundantius
918 2515 1072 2550 fluerent.
1119 2516 1149 2550 is
1173 2514 1346 2560 repentino
1363 2515 1477 2548 morbo
1495 2519 1670 2560 correptus
1686 2514 1788 2549 cessit

346 2570 367 2593 e
391 2558 476 2592 vita.
523 2558 638 2602 paucis
660 2570 743 2592 vero
766 2559 880 2593 diebus
905 2564 1080 2605 antequam
1099 2565 1304 2603 moreretur,
1328 2564 1511 2593 extremum
1527 2560 1609 2593 obiit
1623 2559 1708 2594 diem
1723 2570 1786 2605 pa-

345 2604 492 2638 triarcha
518 2603 735 2646 Eustathius,
757 2605 848 2638 cuius
874 2616 1099 2640 successorem
1125 2605 1274 2639 Alexium
1289 2605 1480 2639 monachum
1494 2605 1527 2638 in
1543 2605 1699 2639 Studitae
1713 2615 1786 2638 rno-

346 2649 493 2683 nasterio
522 2649 682 2683 ecclesiae
706 2651 910 2694 praefectum
929 2651 1093 2695 designat.
1142 2654 1290 2685 emortuo
1305 2650 1352 2684 ita
1376 2662 1418 2684 ue
1432 2649 1633 2695 imperatore
1648 2649 1786 2692 Basilio,

347 2694 429 2728 et'in
444 2694 567 2738 templo
584 2694 716 2728 Ioannis
735 2696 964 2740 evangelistae
979 2702 1015 2730 et
1029 2696 1186 2738 theologi,
1211 2696 1299 2740 quod
1314 2662 1539 2729 inii-{ebdomo
1555 2699 1619 2738 est,
1641 2695 1786 2740 sepulto,

348 2739 583 2775 constantinus
599 2740 707 2773 frater
721 2741 908 2775 universam
923 2741 1049 2786 imperii
1064 2741 1266 2786 provinciam
1281 2741 1315 2774 in
1330 2752 1367 2774 se
1382 2740 1541 2783 contulit;
1567 2741 1621 2786 qui
1639 2751 1712 2774 cum
1726 2750 1785 2773 an-

348 2787 410 2819 no's
431 2784 643 2830 septuaginta
666 2785 825 2829 vixisset,
858 2787 1033 2821 triennium
1061 2798 1171 2820 mense
1193 2787 1297 2820 minus
1322 2786 1412 2820 solus
1433 2786 1650 2832 imperasset,
1673 2783 1784 2819 subito

349 2831 464 2865 morbo
489 2833 644 2876 arreptus
666 2830 926 2877 desperatusque
952 2843 974 2867 a
999 2832 1132 2867 medicis
1147 2831 1197 2866 sui
1211 2832 1284 2866 loco
1302 2832 1484 2867 Romanum
1500 2832 1666 2878 Argyrum
1679 2829 1787 2875 impe-
