1924 3242
294 180 391 226 280
673 179 1042 224 CONSTANTINI
1080 179 1339 223 MANASSLS

294 291 403 337 6585
427 293 493 334 καὶ
514 295 583 346 τῆς
602 291 740 340 κακίας
760 290 805 334 τὸ
829 290 993 347 στυγνὸν
1014 292 1080 334 καὶ
1100 290 1145 334 τὸ
1166 294 1239 333 τοῦ
1261 287 1418 347 φθόνου
1441 291 1556 347 νέφος

243 364 276 399 D
430 356 615 413 τοιαύτην
637 358 1000 415 λαμπροστόλιστον
1015 357 1250 416 ἠμαύρωσεν
1264 356 1428 415 ἡμέραν.

432 424 487 476 ὥς
507 426 583 482 γὰρ
605 423 626 471 ὅ,
646 427 808 482 Καῖσαρ
829 431 899 469 τοῦ
918 429 1101 484 δρασμοῦ
1118 427 1184 468 καὶ
1204 429 1276 480 τῆς
1295 429 1430 482 φυγῆς
1444 427 1648 482 κατῆρξεν,

431 492 580 551 ,ᾤχοντο
604 491 747 544 πάντες
766 492 954 545 ἐκποδών,
987 494 1054 536 τὸν
1072 492 1248 550 κράτορα
1267 491 1456 543 λιπόντες.

433 563 499 603 καὶ
519 560 708 615 ’βασιλεὺς
729 559 783 611 ὥς
803 561 956 612 κολοιὸς
976 556 1025 616 ἦν
1047 560 1366 614 ἄπεψιλωμένος,

301 625 409 669 6590
433 629 499 670 καὶ
523 630 616 684 τῇδε
637 629 861 685 περιέβλεπε
883 629 998 671 κᾶκεῖ
1012 626 1268 684 περιεσκόπει,

433 697 499 737 καὶ
520 693 642 749 μόνον
665 694 823 750 ἔβλεπεν
841 695 960 739 αὑτὸν
980 697 1021 738 ἔν
1037 694 1199 751 βρόχοις
1219 691 1486 746 ὃυσεκβάτοις,

434 762 614 806 ἐντεῦθεν
632 762 881 819 ἐπεπήδησαν
897 761 1147 820 πρωτόαρχοι
1164 760 1397 818 βαρβάρων,

436 831 707 887 συντρέχοντες
725 832 1014 889 προτρέχοντες,
1049 832 1236 887 ἐρίζοντες
1259 826 1444 882 ἀλλήλοις

432 899 491 947 τίς
515 897 563 939 ἂν
586 898 778 952 συλλάβοι
793 898 1002 953 “Ρωμανὸν
1025 900 1162 950 ζῶντα.
1230 899 1295 938 καὶ
1315 899 1536 938 τελευταῖον

300 961 410 1004 6595
435 966 636 1022 ζωγρεΐται
662 970 737 1022 φεῦ
758 965 778 1008 ὃ
799 966 987 1020 βασιλεὺς
1005 970 1273 1022 βαρβαρικαῖς
1291 961 1506 1016 παλάμαις,

435 1030 456 1074 ὃ
477 1033 574 1075 λέων
594 1031 706 1090 θήρα
727 1035 871 1089 γίνεται
891 1032 1111 1089 πανθήρων
1134 1029 1404 1086 λυσσητήρων,

433 1106 521 1149 ταῖς
539 1102 756 1157 νυκτερίσιν
777 1101 889 1150 ἀετὸς
911 1108 1109 1157 κρατεῖται
1127 1099 1413 1156 χρυσοπτέρυξ.

167 1165 194 1199 Ρ
215 1167 280 1206 134
433 1166 478 1208 τὸ
499 1167 599 1221 μετὰ
618 1172 744 1210 ταῦτα
764 1170 805 1210 τί
821 1170 887 1210 καὶ
909 1172 993 1218 πῶς
1012 1169 1078 1209 καὶ
1097 1169 1213 1221 μέχρι
1229 1169 1302 1207 τοῦ
1323 1165 1547 1220 προῆλθεν,-

435 1232 455 1275 ὃ
478 1233 688 1291 βάρβαρος
711 1234 732 1276 ὁ
756 1234 960 1292 φύλαρχος
981 1237 1123 1284 ἐκεῖνος
1143 1231 1163 1275 ὃ
1183 1230 1387 1288 ζωγρήσας

299 1299 410 1340 6600
432 1301 503 1355 τὴν
519 1301 843 1357 βαρβαρόθυμον
864 1302 1001 1355 ψυχὴν
1025 1302 1200 1350 ἀέλπτως
1221 1298 1450 1354 ἡμεροῦται,

430 1368 565 1421 βλέπει
585 1367 962 1424 φιλανθρωπότερον
983 1370 1070 1423 περὶ
1091 1368 1158 1409 τὸν
1176 1367 1367 1420 βασιλέα·
1454 1360 1463 1372 “

432 1436 610 1491 οῗκτείρει
627 1435 703 1491 γὰρ
726 1437 793 1477 καὶ
811 1434 1022 1491 βάρβαρος
1043 1434 1195 1477 ἄνακτα
1216 1435 1533 1489 ὃυσπραγοῦντα.

433 1502 579 1557 ἐλέγχει
599 1503 693 1553 τοὺς
715 1509 958 1558 ταυτογενεΐς
980 1506 1036 1559 τῷ
1055 1506 1219 1555 βασιλεῖ
1235 1499 1435 1557 προδότας

426 1567 654 1622 “Ρωμαιόυς
673 1568 694 1610 ὃ
713 1569 997 1626 τριβάρβαρος,
1033 1567 1259 1624 ἀλλόφυλος
1278 1565 1531 1623 συμφύλους·

298 1633 406 1675 6605
430 1637 574 1692 γίνεται
598 1639 924 1693 προμηθέστερος
944 1637 1055 1693 αὐτῷ
1074 1638 1138 1677 καὶ
1160 1639 1238 1677 τῶν
1262 1636 1429 1685 οἰκείων,

434 1705 500 1745 καὶ
523 1703 879 1761 κηὸεμονικώτερος
901 1704 1033 1745 αὐτῶν
1053 1707 1132 1745 τῶν
1153 1701 1358 1757 ὁμογνίων.

434 1771 655 1821 σπένδεται,
681 1763 1005 1822 καταλλάττεται,
1039 1768 1251 1824 σύμμαχον
1271 1770 1376 1822 νέμει
1392 1773 1522 1823 χεῖρα,

389 1886 479 1920 6590
492 1886 580 1931 τῆδε
594 1886 657 1921 καὶ
671 1886 907 1932 περίβλεπτος
919 1888 958 1922 Μ
1036 1887 1125 1922 6593
1139 1884 1422 1930 προστρέχοντες
1434 1884 1474 1919 Μ
1551 1882 1639 1917 6598
1654 1881 1741 1925 τοῦ]

389 1931 463 1965 ποῦ
487 1921 527 1965 Μ
616 1934 706 1967 6602
723 1931 762 1967 δὲ
780 1933 819 1967 Μ
909 1934 998 1968 6603
1019 1931 1090 1977 γὰρ
1115 1930 1321 1976 αὕτογενεῖς
1337 1931 1375 1964 Μ
1465 1929 1556 1968 6606
1569 1923 1684 1966 αὐτὸς
1698 1927 1737 1961 Μ

299 2032 406 2065 nubes
431 2032 530 2075 quasi
555 2034 720 2077 quaedam
750 2034 904 2068 invidiae
925 2034 1016 2068 diem
1038 2037 1108 2067 tam
1131 2032 1344 2079 splendidum
1369 2032 1532 2074 deturpat
1554 2031 1590 2063 et
1611 2029 1747 2079 obs-cua

298 2079 364 2110 rat.
412 2088 488 2114 nam
506 2078 566 2111 ubi
588 2080 718 2113 Caesar
738 2079 867 2123 primus
890 2079 1024 2113 initium
1045 2079 1149 2122 fugae
1172 2078 1332 2120 fecisset,
1357 2075 1510 2110 universi
1530 2073 1650 2109 relicto
1672 2084 1736 2105 lm·-

299 2124 459 2165 peratore
493 2127 602 2157 semet
631 2124 666 2157 in
697 2126 805 2169 pedes
836 2124 1078 2159 coniiciebant.
1125 2125 1190 2158 hoc
1219 2123 1318 2156 modo
1349 2122 1537 2165 imperator
1565 2118 1737 2152 denudato

298 2166 437 2209 graculo
459 2168 642 2203 consimilis
660 2171 771 2203 factus
794 2171 857 2204 hac
876 2168 958 2203 illac'
972 2170 1292 2214 circumspectabat,
1315 2178 1420 2210 seque
1444 2164 1552 2199 solum
1573 2164 1666 2197 intra
1685 2162 1738 2196 lu-

299 2222 405 2254 queos
429 2213 684 2248 inextricabiles
711 2215 859 2249 delatum
879 2215 1034 2249 videbat.
1081 2215 1265 2248 secundum
1293 2212 1378 2245 haec
1403 2209 1582 2255 praecipui
1609 2209 1736 2242 barba-

296 2266 412 2289 rorum
440 2268 603 2300 proceres
628 2259 665 2292 in
693 2271 768 2293 eum
791 2260 955 2294 ferociter
978 2259 1133 2302 irruunt,
1169 2270 1236 2292 una
1261 2261 1459 2298 currentes,
1490 2254 1577 2289 alter
1594 2253 1741 2290 alterum

298 2304 568 2346 antevertentes,
592 2304 682 2337 inter
699 2316 738 2338 se
759 2306 975 2339 decertantes
996 2304 1150 2348 quisnam
1171 2315 1214 2337 ex
1235 2301 1389 2335 omnibus
1408 2301 1599 2344 Diogenem
1620 2298 1738 2336 vivum

300 2356 396 2379 suam
417 2346 454 2379 in
476 2351 682 2391 potestatem
703 2349 892 2392 redigeret.
916 2351 960 2386 ad
982 2355 1169 2386 extremum
1192 2348 1292 2391 (heu)
1315 2348 1538 2385 barbarorum
1559 2344 1596 2378 in
1619 2353 1738 2379 manus

300 2390 487 2435 imperator
508 2392 622 2434 venit3
647 2394 701 2430 loo
720 2395 905 2428 furentium
921 2394 1163 2439 pantherarum
1188 2393 1319 2437 praeda
1338 2391 1399 2432 fit;
1422 2394 1558 2424 auratas
1581 2388 1652 2423 alas
1674 2389 1736 2422 ha,-

299 2436 386 2470 bens
408 2437 523 2480 aquila
546 2438 679 2482 capitur
699 2451 720 2475 a
738 2439 884 2473 noctuis.
931 2439 1014 2483 quid
1038 2438 1200 2482 deinceps
1222 2436 1367 2472 evenit?
1389 2447 1455 2480 quo
1478 2439 1580 2480 pacto
1598 2445 1655 2468 res
1672 2444 1737 2478 gem

301 2481 385 2514 sta?
410 2493 510 2525 quem
527 2482 654 2517 exitum
678 2484 826 2522 habuit?
872 2485 1038 2517 barbarus
1058 2482 1116 2516 ille
1134 2482 1248 2527 gentis
1263 2482 1443 2535 princeps,
1469 2479 1529 2526 qui
1546 2478 1737 2522 Diogenem

301 2525 423 2563 vivum'
438 2533 597 2572 ceperat,
629 2534 768 2573 praeter
796 2529 942 2567 omnium
971 2540 1067 2573 spem
1094 2529 1240 2564 animum
1261 2526 1464 2563 molentem
1491 2537 1532 2559 ac
1553 2526 1736 2559 barbarum

300 2581 376 2604 cum
393 2571 467 2606 miti
491 2578 691 2616 commutat,
726 2578 763 2608 et
778 2573 1019 2619 imperatorem
1037 2572 1291 2617 perhumaniter
1308 2572 1474 2610 intuetur.
1521 2569 1650 2615 quippe
1671 2568 1736 2602 ho-

302 2615 402 2655 minis
421 2617 523 2652 etiam
548 2618 689 2658 barbari
713 2630 807 2653 mens
831 2631 914 2663 ,erga
935 2630 1053 2662 regem
1075 2618 1229 2657 adversis
1253 2617 1417 2655 iactatum
1437 2615 1572 2651 casibus
1596 2612 1735 2649 commi-

301 2662 474 2696 seratione
496 2663 662 2707 tangitur.
708 2663 826 2709 itaque
844 2664 899 2699 vir
915 2663 1094 2708 ceteroqui
1115 2663 1336 2704 terbarbarus
1363 2666 1526 2706 cognatos
1547 2660 1734 2706 imperato-⁴

300 2706 350 2740 ris
371 2712 407 2741 et
426 2708 620 2752 Romanos,
646 2713 831 2747 extraneus
852 2709 946 2743 cives
969 2712 1005 2744 et
1021 2707 1167 2752 gentiles
1190 2705 1396 2752 proditionis
1421 2705 1596 2750 coarguit3
1627 2703 1734 2738 maio-

299 2762 372 2785 rem
396 2752 470 2788 eius
498 2754 641 2788 curandi
669 2754 880 2799 fovendique
902 2765 1005 2788 causa
1024 2753 1286 2798 sollicitudinem
1309 2751 1455 2796 suscipit
1475 2762 1576 2796 quam
1595 2748 1736 2794 ipshnot

300 2796 483 2834 familiares
501 2803 538 2834 et
557 2799 766 2845 propinqui3
801 2800 923 2841 foedus
944 2810 1019 2834 cum
1037 2811 1079 2833 eo
1101 2799 1206 2843 ferit,
1229 2797 1373 2843 gratiam
1391 2801 1540 2839 mutuam
1562 2792 1733 2838 conciliat,
