1924 3242
147 695 927 827 THEODORI
1018 752 1591 826 DOUSAE

513 933 1218 995 PRAEFATIO

724 1133 758 1137 —
809 1135 829 1138 ῃ
920 1129 922 1132 ,

145 1255 293 1346 Quod
317 1287 367 1328 de
388 1289 522 1329 Africa
547 1290 665 1340 olim,
701 1293 865 1330 mallem
888 1289 1008 1331 hodie
1036 1289 1086 1332 de
1109 1293 1271 1332 Graecia
1292 1291 1505 1343 diceretur,
1544 1299 1586 1332 ut

144 1384 194 1410 ea
221 1370 370 1410 scilicet
398 1369 514 1408 nobis
542 1368 695 1422 aliquid
716 1371 810 1408 novi
840 1369 1006 1408 subinde
1032 1369 1301 1424 suppeditaret
1336 1378 1587 1424 pareretque.

144 1448 254 1504 quod
281 1447 445 1502 quidem
469 1454 509 1486 te
535 1448 649 1486 iuxta
674 1458 833 1487 mecum
856 1456 1014 1501 optare,
1044 1448 1115 1502 qui
1133 1457 1223 1488 tuus
1245 1457 1304 1488 est
1325 1462 1418 1502 erga
1436 1451 1603 1489 litteras‘

144 1541 277 1578 amor,
310 1527 434 1565 lector
455 1524 643 1576 candide,
672 1533 777 1565 certo
797 1529 953 1566 certius.
1010 1542 1147 1567 eccum
1175 1530 1296 1580 igitur
1323 1529 1396 1566 tibi
1418 1523 1489 1567 sub
1509 1528 1586 1567 hoc

143 1608 276 1647 omine
302 1612 475 1658 votoque
506 1603 738 1643 historicum
768 1605 924 1644 mediae
953 1608 1091 1647 aetatis
1120 1609 1333 1657 Graecum,
1379 1618 1586 1661 nunquam

143 1692 235 1724 ante
257 1683 334 1724 hac
359 1682 529 1733 editum,
571 1694 624 1722 ex
641 1696 732 1721 mea
746 1684 988 1742 bibliotheca
1004 1687 1248 1739 postliminio
1266 1685 1464 1725 eductum.
1522 1700 1585 1724 re-

142 1770 299 1818 pertum
328 1763 424 1802 olim
444 1763 487 1800 in
514 1761 654 1800 Galata
683 1762 808 1816 (Pera
828 1763 973 1816 vulgo)
1006 1763 1331 1818 redemptumque
1365 1777 1389 1802 a
1415 1765 1583 1816 Georgio

143 1844 436 1891 Cantacuzeno,
462 1854 515 1879 ex
536 1841 646 1880 cuius
663 1841 764 1881 libro
783 1841 1054 1895 apographum
1077 1845 1353 1897 transcriptum
1368 1844 1444 1882 fuit
1461 1857 1582 1881 manu

142 1921 362 1962 Theodosii
379 1921 620 1972 Zygomalae
636 1921 797 1972 Nauplii
815 1934 868 1959 ex
887 1922 1077 1973 petitione
1102 1922 1253 1962 domini
1271 1924 1431 1974 Georgii
1450 1923 1581 1961 fratris

142 2002 223 2040 mei
249 2003 297 2040 P.
319 2001 396 2050 M.,
445 1999 515 2053 qui
542 2005 742 2037 auctorem
772 2000 886 2038 illum
914 2002 1017 2040 inter
1047 2003 1146 2041 alios
1173 2003 1286 2054 cpoli
1317 2002 1581 2053 superioribus

143 2081 256 2119 annis
273 2079 415 2118 attulit.
454 2075 521 2116 hic
541 2091 631 2116 cum
649 2091 673 2116 a
691 2091 757 2116 me
775 2080 951 2118 exercitii
975 2082 1098 2131 gratia
1118 2091 1189 2132 pro
1208 2082 1307 2119 meis
1331 2080 1477 2119 viribus
1499 2082 1580 2118 La-

143 2159 225 2197 fine
247 2158 458 2197 translatus
484 2163 607 2206 esset,
650 2157 720 2195 vix
738 2165 871 2196 tamen
890 2156 1097 2196 videbatur
1115 2156 1280 2196 idoneus
1298 2159 1365 2211 qui
1384 2172 1456 2210 per
1471 2160 1580 2197 viro-

143 2249 232 2276 rum
256 2249 324 2275 0ra
351 2235 563 2288 oculosque
587 2235 781 2275 volitaret.
838 2239 965 2276 versio
985 2235 1092 2275 rudis
1114 2243 1196 2274 erat
1214 2244 1253 2274 et
1273 2236 1452 2275 nondum
1468 2251 1580 2275 reco-

144 2315 275 2367 gnita3
305 2314 510 2367 exemplar
526 2313 632 2367 (quo
651 2315 769 2352 unico
783 2316 845 2353 usi
866 2314 1025 2367 sumus)
1043 2316 1098 2353 ita
1123 2321 1361 2366 corruptum,
1395 2322 1452 2354 tot
1473 2317 1583 2354 lacu-

143 2394 208 2432 nis
235 2399 274 2431 et
297 2394 461 2433 maculis
487 2394 712 2446 oppletum,
751 2401 835 2432 tam
879 2393 1049 2448 denique
1087 2394 1136 2432 ab
1175 2395 1284 2432 omni
1321 2401 1431 2446 parte
1470 2395 1585 2446 culpa

144 2473 394 2510 amanuensis
420 2472 508 2526 (qui
535 2480 574 2511 et
592 2474 679 2525 ipse
706 2480 885 2525 corrupto
910 2474 1131 2526 exemplari
1148 2486 1242 2512 usus
1259 2471 1358 2525 erat)
1385 2473 1584 2520 vitiosum,

143 2555 188 2587 ut
214 2547 317 2588 nihil
342 2550 472 2590 minus
497 2564 617 2604 quam
644 2549 808 2590 historia
838 2553 972 2605 aliqua
1000 2551 1094 2590 inde
1119 2552 1209 2590 elici
1234 2563 1352 2603 posse
1371 2550 1583 2588 videretur.

140 2640 222 2666 non
244 2609 435 2678 mentior,
474 2629 619 2668 lector:
656 2629 707 2668 ad
734 2632 890 2682 singula
916 2630 1204 2684 propemodum
1223 2629 1341 2668 verba
1363 2630 1582 2668 subsisten-

140 2704 237 2744 dum
270 2705 371 2746 mihi
408 2707 483 2746 fuit
517 2715 556 2746 et
588 2707 858 2748 divinandum.
918 2708 1014 2762 quid
1043 2710 1199 2762 quaeris
1233 2706 1434 2758 amplius?
1479 2707 1580 2757 fregi

138 2785 330 2836 glaciem,
372 2784 503 2839 quoad
525 2788 658 2839 potui,
696 2795 893 2826 auctorem
924 2788 1098 2825 lacerum
1123 2787 1384 2839 mutilumque
1411 2786 1579 2836 seposui,
