1898 3242
298 305 418 362 οὗτος
434 303 507 354 οὖν
522 311 656 354 πείθει
681 311 858 366 Μιχαὴλ
881 313 1107 370 εἴσποίητον
1130 314 1322 371 γενέσθαι

295 379 388 424 υἱὸν
401 377 472 423 τὸν
484 375 774 439 ’ἇδελφόπαιδα
795 384 898 438 Ζωῇ
918 386 971 438 τῇ
985 385 1219 441 βασιλίσσῃ.

293 442 346 505 ἦν
363 452 494 492 ταῦτα
520 451 588 491 καὶ
603 452 772 492 τοιαῦτα
791 450 865 505 μέν
873 481 887 501 ,
923 450 974 492 τὰ
992 451 1038 493 δ’
1069 454 1215 509 ἐφεξῆς
1235 450 1379 506 ὁποῖα,-

297 515 320 561 ὅ
339 517 536 573 βασιλεὺς
557 517 628 560 τὸν
645 517 822 574 Μιχαὴλ
843 516 971 574 (οὕτω
992 520 1072 576 γὰρ
1092 521 1290 575 ἐκαλεῖτο)

158 584 273 630 6140
288 590 342 644 τῇ
357 590 512 644 γαμετῇ
532 588 793 639 madescat,
827 589 895 630 καὶ
918 589 1133 646 Καίσαρος
1149 589 1338 647 στεφάνῳ

291 655 364 699 τὸν
379 657 705 712 κτηνωδέστατον
717 662 879 711 κοσμεῖ,
913 656 983 699 τὸν
1000 655 1188 714 ἄντικρυς
1200 655 1426 714 χοιρόνουν.
1460 704 1463 706 v

295 724 422 776 αὐτὸς
442 726 488 768 δὲ
507 724 828 781 συμπνιγόμενος
844 730 903 784 τῷ
919 724 1045 768 πάθει
1068 730 1126 785 τῷ
1146 725 1348 784 συμφύτῳ

294 794 549 849 καταστολὴν
568 793 749 837 ἐνδύεται
771 796 978 852 κρείττονα
995 796 1262 853 πορφυρίδος,

290 865 367 906 τοῦ
382 860 610 917 πνεύματος
625 868 684 921 τῷ
705 864 847 917 μέλανι
865 863 960 914 τοὺς
979 865 1155 914 πέπλους
1175 861 1436 918 μεταβάψας,

156 929 268 976 6145
292 932 362 974 καὶ
379 929 432 988 τῇ
454 929 610 988 γαλήνῃ
628 932 906 989 προσδραμὼν
931 934 976 974 ἐκ
1000 931 1233 975 πολι-σάλου
1253 934 1362 987 βίου,

289 999 360 1058 ἐφ’
385 998 495 1051 ὅλοις
513 999 639 1043 ἔτεσιν
661 999 761 1043 ἔπτὰ
782 1006 855 1056 τῆς
876 1003 1087 1056 βασιλείας
1103 1001 1242 1059 ἄρξας.

353 1067 566 1112 Ἐντεῦθεν
587 1067 614 1124 ὴ
633 1071 856 1124 βασίλισσα
891 1072 1089 1128 φροντίζει
1108 1075 1189 1113 τῶν
1208 1073 1283 1113 τοῦ
1304 1066 1493 1126 κράτους,

289 1137 360 1180 καὶ
383 1137 455 1181 τὸν
478 1137 868 1197 ἅνδραὸελφόπαιδα
887 1140 958 1182 τὸν
975 1139 1152 1195 Μιχαὴλ
1178 1140 1326 1181 ἐκεῖνον

289 1212 375 1257 τοῖς
393 1211 475 1250 τῶν
497 1206 680 1250 ἀνάκτων
699 1208 746 1250 οὗ
770 1212 906 1259 καλῶς
926 1205 1179 1263 κατακοσμεῖ
1195 1205 1431 1262 συμβόλοις,

152 1274 268 1319 6150
285 1273 508 1330 ἄνθρωπον
529 1278 832 1331 κακοδαίμονα,
863 1276 1048 1335 χοιρώὸη
1061 1309 1074 1329 ,
1109 1276 1403 1335 προβατόνουν,

291 1345 360 1386 καὶ
390 1343 510 1402 φύσει
532 1346 607 1399 μὲν
631 1346 870 1402 εῗσφέροντα
887 1344 1133 1401 σκαιότητας
1157 1344 1410 1402 συμφύτους,

288 1416 363 1467 τῆς
381 1414 426 1455 δὲ
445 1412 631 1469 νεότητος
650 1414 774 1456 αὐτὸν
804 1416 860 1464 εἷς
882 1415 1002 1457 πλέον
1024 1413 1295 1471 ἕκτρεπούσης

288 1480 583 1539 ἄποπτυστῆρα
601 1486 771 1536 χαλινοῦ
787 1486 924 1525 πῶλον
940 1485 1266 1540 παραζηλοῦντα,

289 1551 359 1592 καὶ
382 1551 542 1594 πωλικὰ
563 1549 819 1608 σκιρτήματα
837 1554 905 1593 καὶ
928 1552 1175 1606 λακτισμοῦς
1195 1548 1395 1599 ἀτάκτους

151 1617 264 1661 6155
289 1618 722 1677 ἀντιφιλοτιμούμενον
744 1625 794 1676 τῇ
815 1618 1040 1677 θηλασᾶσῃ
1062 1621 1252 1677 θρέπτρα

284 1687 391 1743 μετὰ
408 1688 455 1731 τὸ
479 1686 634 1731 σπάσαι
656 1693 730 1743 τῆς
749 1693 885 1743 θηλῆς
903 1691 971 1731 καὶ
991 1693 1064 1743 τῆς
1087 1693 1245 1746 τροφῆς
1269 1689 1325 1736 εἷς
1348 1683 1483 1742 κόρον.

287 1756 503 1800 κάνταῦθα
523 1756 649 1812 μόνον
670 1756 697 1813 ὴ
716 1756 815 1812 Ζωή
830 1790 843 1809 ,
874 1759 920 1800 τὸ
940 1763 1012 1813 τῆς
1034 1756 1251 1815 πορφύρας
1271 1756 1398 1813 ἔρνος,

285 1824 481 1882 ἠγνόησεν
498 1825 683 1883 ἀγνόημα
703 1828 873 1881 θλίψεις
887 1827 1042 1877 πολλὰς
1062 1824 1252 1883 κεράσαν,

289 1893 351 1941 ὅτι
371 1894 442 1938 τὸν
464 1893 560 1953 ὅφιν
580 1895 757 1939 ἕθαλπεν
778 1894 1014 1954 ἓγγάστριον
1034 1899 1194 1938 τιθεῖσα

242 2002 334 2038 6158
355 2002 480 2039 ταῦτα
501 2001 565 2038 καὶ
587 2002 637 2038 τὰ
661 2004 822 2040 τοιαῦτα
843 2005 910 2040 AR
1002 2005 1096 2040 6143
1118 2003 1329 2048 κρείττονος
1351 2002 1391 2037 Μ
1485 2013 1521 2035 v.
1539 2000 1632 2036 6146

242 2060 299 2084 om
313 2048 348 2084 R
485 2049 578 2087 6147
592 2048 641 2085 τὰ
666 2051 705 2086 Μ
855 2051 948 2087 6150
970 2047 1232 2096 κακομήχανον
1264 2049 1298 2083 R
1372 2045 1568 2092 χειρόνουν
1591 2047 1631 2081 Μ

240 2093 574 2188 ΞὲξΙθιὲτΞιέζῦἐους
595 2100 627 2132 A
764 2097 858 2142 6152
881 2094 1002 2133 αὐτοῦ
1026 2098 1058 2133 Α
1197 2096 1289 2131 6156
1311 2094 1379 2139 τῆς
1403 2094 1549 2140 τροφῆς
1566 2093 1630 2127 καὶ

149 2235 225 2270 luas
245 2245 329 2270 suas
353 2234 494 2270 leonum
523 2239 704 2271 curatores
738 2236 867 2272 solent.
915 2236 974 2271 hic
1002 2236 1108 2272 etiam
1128 2239 1250 2271 auctor
1274 2233 1342 2269 fuit
1376 2238 1416 2268 ut
1436 2230 1633 2268 Michaelus

149 2280 305 2326 quidam,
337 2280 561 2328 imperatoris
596 2295 640 2318 ex
666 2295 789 2318 sorore
812 2295 944 2329 nepos,
969 2284 1012 2318 ab
1038 2283 1262 2329 imperatrice
1293 2281 1370 2315 Zoa
1390 2280 1633 2325 adoptaretur.

148 2327 259 2372 igitur
273 2327 467 2374 imperator
487 2329 579 2364 hune
601 2330 743 2374 quidem
765 2331 1002 2375 adoptandum
1022 2330 1084 2364 dat
1105 2329 1258 2374 coniugi,
1277 2333 1314 2362 et
1331 2326 1505 2360 hominem
1526 2324 1631 2370 plane

148 2374 290 2408 brutum
310 2386 353 2409 ac
373 2387 482 2420 porco
514 2375 662 2411 similem
683 2376 847 2411 Caesaris
882 2388 1012 2411 corona
1032 2376 1162 2420 cingit:
1195 2376 1274 2420 ipse
1295 2385 1381 2408 vero
1402 2373 1524 2406 morbo
1545 2382 1628 2405 con-

148 2424 251 2454 sueto
273 2431 417 2466 pressus
443 2421 682 2457 indumentum
711 2434 869 2469 purpura
901 2423 1043 2466 melius,
1076 2422 1243 2457 vestitum
1268 2420 1406 2455 scilicet
1428 2418 1566 2463 nigrum
1590 2428 1631 2470 ac

149 2465 388 2512 spiritualem,
411 2478 476 2513 pro
501 2469 703 2504 turbulenta
719 2468 796 2504 vita
818 2468 1105 2515 tranquillitatem
1123 2468 1322 2513 amplexus,
1347 2465 1471 2509 sumit,
1493 2475 1570 2498 cuin
1593 2474 1628 2496 in

150 2511 299 2559 imperio
319 2518 454 2558 septem
472 2526 581 2550 annos
599 2515 791 2560 exegisset.

243 2559 442 2595 Secundum
462 2561 550 2596 haec
579 2561 845 2607 gubernationis
876 2572 993 2596 curam
1010 2560 1048 2595 in
1077 2572 1117 2595 se
1146 2560 1316 2594 transfert
1338 2555 1564 2603 imperatrix,
1591 2558 1628 2588 et

151 2604 270 2640 mariti
293 2605 349 2640 sui
376 2611 540 2661 nepotem
572 2620 618 2642 ex
649 2620 773 2643 sorore
803 2607 1015 2642 Michaelum
1046 2619 1117 2641 non
1134 2611 1234 2641 recte
1259 2605 1370 2650 signis
1389 2600 1627 2648 imperatoriis

151 2656 301 2688 exornat
314 2678 324 2696 ‚
345 2651 518 2688 hommem
539 2653 750 2689 diabolicum
764 2682 774 2699 ‚
796 2653 1008 2697 belluinum,
1041 2665 1062 2687 a
1081 2658 1206 2687 natura
1232 2651 1424 2696 proclivem
1448 2650 1493 2683 ad
1517 2659 1627 2693 quae-

151 2698 408 2743 viafacinora,
440 2703 477 2733 et
507 2701 553 2735 ob
580 2699 774 2735 iuventutis
795 2700 1018 2735 insolentiam
1042 2699 1136 2746 pullo
1167 2697 1379 2732 consimilem
1402 2697 1548 2747 frenum·
1569 2705 1627 2745 re-

152 2745 314 2792 spuenti,
347 2750 385 2779 et
415 2744 564 2780 insultus
596 2759 639 2781 ac
668 2747 971 2782 recalcitrationes
1002 2745 1202 2791 petulantes
1233 2743 1268 2777 ei
1302 2755 1366 2789 pro
1384 2742 1630 2777 nutricationis

152 2791 308 2838 praemio
341 2791 505 2825 reddenti
530 2802 621 2836 quae
648 2793 763 2838 ipsum
797 2793 896 2829 velut
926 2793 1095 2827 uberibus
1126 2791 1199 2826 suis
1227 2790 1381 2833 aluerat,
1402 2793 1631 2833 posteaquam

153 2837 291 2872 scilicet
310 2848 489 2872 mammam
512 2837 588 2872 eius
615 2839 770 2873 suxisset
787 2845 824 2874 et
844 2840 890 2874 ad
908 2839 1109 2874 satietatem
1132 2839 1176 2871 ab
1201 2848 1244 2871 ea
1268 2840 1388 2881 pastus
1411 2834 1562 2884 fuisset..
1577 2836 1632 2863 at-

154 2895 223 2930 que
247 2884 313 2920 ¹180
331 2880 472 2930 q'uidem
498 2883 535 2918 in
558 2889 659 2930 parte
683 2891 766 2920 nata
793 2886 831 2920 in
856 2897 1013 2932 purpura
1037 2885 1113 2919 Zoe
1141 2882 1314 2918 commisit
1347 2892 1390 2915 ex
1411 2879 1635 2924 ignoratione

520 194 902 244 COMPENDIUM
935 198 1287 245 CHRONIGUM.
1539 200 1635 246 261

1655 867 1683 900 P
1711 866 1776 901 125
