1924 3242
445 170 924 216 CHRONOGRAPHIA
958 166 1381 217 COMPENDIARIA.
1573 172 1638 221 59

183 285 341 343 ,ταύτην
349 283 646 344 πεπορθηκῶς,
671 287 738 329 καὶ
759 290 839 329 τῶν
858 292 1005 345 τριχῶν
1023 292 1097 331 τοῦ
1116 291 1341 344 βαπτιστοῦ
1354 284 1538 331 Ἰωάννου
1561 285 1638 342 βό-

183 351 364 414 ὠᾩυχον,
391 355 461 398 ἕνα
491 355 755 410 πεπιλημένον
784 356 937 410 αἵματι.
1008 351 1125 408 οὗτος
1143 356 1389 412 βασιλεύσας
1408 355 1475 413 ἴτη
1499 355 1533 407 ς’
1559 373 1639 414 φο-

186 423 340 474 νεύεται
369 423 411 466 ἐν
439 427 498 481 τῷ
528 425 710 482 παλατίῳ
735 427 869 481 βουλῇ
896 429 968 480 τῆς
993 428 1234 482 βασιλίσσης
1267 427 1504 485 Θεοφανοῦς
1523 425 1635 485 παρὰ
1659 440 1689 474 c

185 497 262 544 τοῦ
285 493 485 548 Τζιμισκῆ
506 493 574 535 καὶ
594 497 674 536 τῶν
693 492 819 535 αὐτοῦ
838 498 1093 548 συνωμοτῶν.

150 570 177 611 ,6
323 563 449 605 Μετὰ
470 562 515 603 δὲ
536 565 678 604 τοῦτον
698 559 899 616 βασιλεύει
917 561 1104 617 Ἰωάννης
1121 559 1142 603 ὅ
1164 563 1406 619 Τζιμισκῆς,
1437 566 1640 617 συμβασι-

179 627 376 681 Δλεῦοντοις
390 629 492 685 ἔχων
511 630 622 688 αὐτῷ
639 632 852 673 Βασίλειον
873 632 940 673 καὶ
963 632 1269 674 Κωνσταντῖνον
1289 632 1383 682 τούς
1409 631 1522 681 υἱοὺς
1538 629 1638 674 Ῥω-

184 703 331 754 μανοῦ.
378 698 514 756 ἄγεται
535 700 578 742 δὲ
594 706 761 755 γυναῖκα
784 698 1002 757 Θεοδώραν
1022 699 1094 755 τὴν
1115 699 1295 756 ἀδελφὴν
1304 698 1528 754 Ῥωμανοῦ,
1556 703 1639 742 θυ-

184 767 339 826 γατέρα
356 768 400 810 δὲ
421 772 495 810 τοῦ
516 766 889 826 πορφυρογεννήτου
913 769 1235 811 Κωνσταντίνου.
1303 769 1490 826 στέφεται
1518 769 1561 809 δὲ
1583 771 1643 825 τῷ

184 839 258 892 τῆς
283 838 495 891 βασιλείας
523 835 741 892 διαδήματι
769 836 880 894 παρὰ
900 835 1162 880 Πολυεύκτου
1185 835 1460 894 πατριάρχου,
1496 834 1642 893 πρότε-

130 913 258 961 1ορον
301 905 412 964 αὐτῷ
454 907 634 956 πεισθεὶς
667 907 734 948 καὶ
769 905 865 956 τοὺς
898 904 1138 963 Νικηφόρον
1170 902 1409 962 αὐτόχειρας
1440 905 1482 946 ἐκ
1514 905 1641 959 μέσου

183 971 377 1028 ποιήσας,
413 975 478 1016 καὶ
516 973 589 1029 τὴν
627 974 826 1032 Θεοφανώ
849 979 923 1017 τοῦ
943 976 1140 1017 παλατιόυ
1162 972 1445 1028 καταβιβάσας
1465 975 1530 1015 καὶ
1553 975 1641 1023 ἕξο-

181 1043 320 1098 ρίσας,
353 1044 421 1084 καὶ
452 1041 523 1084 τὸν
553 1040 677 1097 τόμον
706 1041 928 1101 διαρρήξας
956 1042 1001 1086 ὃν
1032 1044 1094 1086 ἐπὶ
1119 1041 1306 1099 συγχύσει
1328 1047 1409 1085 τῶν
1429 1043 1641 1096 ἐκκλησια-

178 1114 328 1153 ,στικῶν
352 1108 374 1152 ὃ
403 1112 554 1161 Φωκᾶς
574 1110 812 1169 Νικηφόρος
833 1113 1006 1163 ἐξέθετο.
1073 1112 1176 1167 μετὰ
1208 1112 1251 1153 δὲ
1275 1111 1348 1167 τὴν
1373 1109 1517 1154 τούτου
1539 1111 1641 1153 ἀνα-

181 1176 365 1236 γόρευσιν
397 1177 451 1221 λε’
478 1177 608 1234 μόνας
638 1178 792 1237 ἡμέρας
823 1179 844 1223 ὃ
870 1179 1129 1230 Πολύευκτος
1153 1180 1332 1234 ἐπιβιοὺς
1351 1181 1540 1223 κατέλυσε
1563 1179 1636 1234 τὴν
1657 1193 1689 1228 D

129 1257 172 1293 15
184 1246 300 1301 ζωήν,
335 1249 402 1289 καὶ
423 1249 708 1304 προχειρίζεται
728 1248 820 1290 ἀντ’
841 1249 967 1290 αὐτοῦ
985 1246 1238 1304 πατριάρχης
1254 1250 1468 1298 Βασίλειος
1488 1247 1509 1289 ὃ
1530 1251 1642 1290 Σκα-

181 1312 433 1373 μανδρηνός,
463 1314 508 1366 ὃς
537 1315 602 1357 ἐπ’
634 1317 781 1366 αἰτίαις
801 1318 879 1358 τισὶ
905 1318 1142 1371 διαβληθεὶς
1167 1317 1386 1366 συνοδικῶς
1410 1317 1642 1373 καθῃρέθη.

182 1380 421 1442 προεβλήθη
444 1384 488 1426 δὲ
506 1382 594 1426 ἀντ’
620 1383 747 1426 αὐτοῦ
758 1383 967 1435 Ἀντώνιος
987 1383 1008 1427 ὁ
1028 1386 1260 1439 Στουδίτης.
1314 1382 1335 1426 ὅ
1359 1385 1402 1426 δὲ
1422 1386 1643 1439 Τζιμισκῆς

180 1451 429 1508 βασιλεύσας
461 1451 528 1507 ἴτη
561 1450 595 1502 ς’
625 1454 691 1495 καὶ
719 1450 873 1510 ἡμέρας
900 1452 950 1506 λ’,
987 1451 1191 1510 φαρμάκῳ
1217 1455 1506 1510 κατεργασθεὶς
1530 1453 1645 1510 παρὰ

180 1523 399 1564 Βασιλείου
433 1525 508 1563 τοῦ
539 1514 924 1578 παράκοιμωμένου,
958 1520 1126 1577 θνήσκει
1160 1519 1375 1575 διαδόχους
1409 1521 1642 1565 καταλιπὼν

123 1591 397 1634 ΞΟΒασίλειον
418 1591 486 1631 καὶ
513 1591 820 1632 Κωνσταντῖνον
842 1590 937 1641 τοὺς
959 1592 1109 1641 παῖδας
1127 1589 1350 1644 Ῥωμανοῦ.

262 1695 264 1697 .
316 1657 443 1702 Μετὰ
475 1652 546 1700 οὖν
572 1657 642 1701 τὸν
666 1660 867 1714 Τζιμισκῆ
892 1663 1085 1716 κρατοῦσι
1108 1663 1180 1714 τῆς
1196 1659 1407 1713 βασιλείας
1427 1659 1642 1709 Βασίλειος

180 1727 248 1770 καὶ
273 1727 579 1776 Κωνσταντῖνος
602 1724 623 1768 ὃ
647 1728 1019 1784 πορφυρογὲννητος
1038 1726 1104 1782 ἔτη
1123 1725 1174 1783 γ’,
1210 1721 1265 1769 ιῖιν
1286 1725 1307 1769 ὃ
1332 1728 1406 1781 μὲν
1427 1728 1642 1776 Βασίλειος

180 1794 252 1837 τὸν
270 1793 306 1837 κ’
327 1793 423 1850 ἤνυε
445 1798 518 1849 τῆς
534 1792 691 1849 ἡλικίας
707 1794 879 1851 χρόνον,
914 1796 986 1839 τὸν
1007 1794 1054 1848 ιζ’
1078 1797 1121 1838 δὲ
1147 1793 1168 1837 ὃ
1188 1797 1506 1846 Κωνσταντῖνος.
1578 1795 1640 1838 διὸ

181 1865 249 1906 καὶ
271 1863 318 1906 τὸ
341 1867 414 1918 τῆς
431 1864 641 1916 βασιλείας
659 1862 787 1917 ὄνομα
809 1862 934 1918 μόνον
951 1863 1104 1907 τούτων
1124 1862 1296 1918 ἐχόντων
1313 1869 1449 1907 πᾶσαν
1469 1864 1541 1918 τὴν
1559 1868 1639 1906 τῶν
1663 1874 1693 1910 Ρ
1718 1877 1786 1911 182

179 1982 279 2007 manu
303 1982 520 2017 expressam,
543 1970 740 2016 Hierapoli,
763 1970 841 2005 dum
862 1971 978 2006 urbem
1004 1971 1141 2017 diripit,
1165 1974 1356 2016 repertam,
1382 1974 1417 2006 et
1442 1970 1638 2016 capillorum

179 2017 314 2052 loannis
330 2017 498 2063 baptistae
513 2017 698 2051 cincinnum
715 2028 836 2059 unum,
862 2018 968 2051 adhuc
987 2018 1149 2061 sanguine
1174 2018 1349 2051 madidum.
1398 2017 1453 2051 hic
1480 2028 1554 2051 cum
1579 2029 1638 2051 re-

178 2068 320 2109 gnasset
339 2074 447 2098 annos
465 2075 544 2105 sex,
569 2062 707 2097 consilio
726 2062 951 2109 imperatricis
966 2063 1232 2109 Theophanonis
1247 2074 1269 2097 a
1284 2063 1455 2098 Tzimisce
1471 2067 1506 2097 et
1520 2062 1638 2098 eoniu-

178 2109 263 2146 nti·
275 2110 310 2144 in
323 2109 449 2155 palatio
465 2110 695 2144 obtruncatur.

270 2156 355 2190 Post
368 2156 457 2190 bunc
471 2155 642 2200 imperium
659 2157 804 2200 occupat
818 2154 962 2188 Ioannes
978 2153 1182 2197 Tzimisces,
1204 2165 1273 2200 quo
1289 2165 1362 2189 cum
1379 2155 1474 2189 simul
1489 2155 1636 2200 impera-

179 2201 263 2237 bant
277 2201 421 2236 Basilius
437 2206 473 2236 et
488 2201 730 2236 Constantinus
748 2199 889 2234 Romani
905 2200 976 2236 filii.
1023 2200 1211 2236 Tzimisces
1227 2200 1292 2235 sibi
1307 2201 1517 2235 matrimonio
1532 2212 1571 2235 co
1597 2212 1638 2235 u-

178 2247 232 2283 lat
245 2247 460 2282 Theodoram
480 2247 620 2281 Romani
634 2258 795 2289 sororem,
821 2246 1033 2280 Constantini
1049 2246 1370 2292 Porphyrogenneti
1386 2247 1497 2281 filiam.
1533 2258 1555 2281 a
1595 2259 1638 2281 o-

179 2292 317 2338 lyeucto
340 2293 532 2338 patriarcba
554 2291 775 2338 imperatoriis
797 2292 981 2335 insignibus
999 2292 1166 2337 donatur,
1199 2304 1273 2327 cum
1290 2293 1382 2338 prius
1397 2292 1445 2327 illi
1462 2293 1639 2338 obtempe-

180 2337 290 2373 rasset
313 2339 401 2374 Nice
426 2339 565 2384 hon-ique
588 2338 773 2384 parricidas
789 2338 831 2371 de
847 2338 955 2372 medio
970 2338 1178 2381 sustulisset,
1200 2338 1488 2383 Theophanonem
1510 2338 1637 2384 palatio

181 2383 336 2419 eiecisset
359 2396 397 2419 so
411 2396 533 2430 umque
555 2391 692 2418 vertere
716 2384 890 2427 iussisset,
928 2390 1050 2419 tomum
1075 2389 1273 2430 praeterea,
1297 2395 1395 2429 quem
1420 2384 1637 2429 Nicephorus

179 2429 333 2472 Phocus,
355 2435 394 2465 ut
408 2442 464 2464 res
478 2430 723 2466 ecclesiasticas
741 2435 954 2464 transversas
969 2435 1097 2474 ageret,
1121 2429 1382 2474 conscripserat,
1405 2429 1636 2465 dilacerasset.

181 2480 262 2520 post
275 2474 372 2509 huius
385 2475 578 2511 electionem
595 2488 668 2510 cum
684 2475 821 2519 triginta
838 2475 982 2520 quinque
998 2479 1125 2510 tantum
1142 2476 1212 2510 dies
1228 2475 1470 2520 supervixisset
1485 2476 1637 2521 Polyeu-

180 2526 255 2555 ctus
270 2520 372 2555 vitum
388 2523 520 2567 posuit:
553 2523 587 2557 in
611 2523 719 2556 locum
735 2521 805 2555 eius
821 2522 986 2556 successit
1001 2522 1145 2555 Basilius
1162 2521 1450 2565 Scamandrenus,
1474 2522 1531 2566 qui
1547 2533 1637 2555 non-

180 2566 346 2601 nullorum
370 2566 538 2602 criminum
567 2579 644 2603 reus
675 2579 695 2601 a
721 2567 850 2612 synodo
878 2571 1064 2601 convocata
1081 2567 1237 2613 pellitur,
1261 2571 1296 2601 et
1312 2567 1477 2601 Antonius
1496 2567 1637 2601 studita

179 2611 410 2648 substituitur.
455 2613 640 2648 Tzimisces
665 2624 740 2647 cum
762 2613 963 2658 imperasset
984 2624 1090 2647 annos
1113 2625 1173 2647 sex
1191 2617 1226 2646 et
1241 2611 1313 2646 dies
1335 2612 1494 2656 triginta,
1522 2613 1637 2647 Basilii

179 2657 386 2739 {mihitur-ils
407 2657 536 2694 insidiis
557 2670 686 2694 veneno
707 2658 931 2704 extinguitur,
955 2658 1206 2694 successoribus
1222 2657 1349 2692 Basilio
1367 2663 1402 2692 et
1417 2658 1635 2692 Constantino

214 2705 322 2738 omani
338 2704 362 2738 fl
375 2703 430 2738 iis.

270 2750 357 2784 Post
381 2748 582 2783 Tzimiscem
608 2749 782 2795 imperium
807 2753 990 2784 tenuerunt
1005 2749 1150 2784 Basilius
1167 2752 1202 2784 et
1218 2749 1458 2784 Constantinus
1474 2748 1635 2793 Porphy-

177 2800 362 2840 rogenneta
389 2806 495 2829 annos
521 2795 774 2840 quinquaginta.
819 2795 964 2830 Basilius
991 2795 1114 2829 aetatis
1139 2805 1261 2830 annum
1285 2795 1500 2840 vigesimum,
1538 2795 1630 2827 Con-

177 2841 345 2883 stantinus
370 2840 533 2877 decimum
547 2841 720 2887 septimum
735 2841 869 2886 agebat.
916 2844 1125 2887 quapropter
1138 2840 1211 2876 solo
1227 2842 1357 2878 nomine
1372 2846 1470 2876 erant
1484 2840 1629 2885 impera-
