1832 3250
350 211 411 258 34
729 213 1099 258 CONSTANTINI
1137 214 1398 258 MANASSIS

373 332 456 372 720
482 326 573 370 ἀλλ’
597 325 686 368 οὔδ’
714 324 849 376 αὗτοΐς
865 326 1092 383 παρέμεινεν
1112 326 1204 384 ἄχρι
1221 331 1379 369 πολλῶν
1398 325 1519 382 ἡλίων

481 395 526 438 τὸ
547 392 691 450 κράτος
709 393 753 436 τὸ
769 395 983 447 βασίλειον,
1016 395 1108 436 ἀλλ’
1131 393 1307 451 ἀπερρύη
1324 398 1490 438 θᾶττον.

480 462 525 505 τὸ
546 459 691 517 κράτος
709 461 750 503 δ’
772 459 878 510 ὅπως
898 462 970 503 ἀπ’
991 462 1122 505 αὐτῶν
1139 466 1217 504 τῶν
1234 461 1396 517 Μήδων
1414 463 1621 518 ἓξαπέπτη,

481 527 751 584 ἓπιδρομάδην
768 530 833 570 καὶ
849 534 990 586 σαφῶς
1010 528 1031 571 ὃ
1051 529 1169 585 λόγος
1187 528 1396 586 ἱστορήσω.

548 595 736 653 Θυγάτηρ
755 591 804 650 ἦν
825 600 884 653 τῷ
902 601 1065 650 βασιλεῖ’
1080 602 1160 639 τῶν
1170 595 1330 651 Μήδων
1341 596 1570 653 Ἀστυάγει

371 665 452 708 725
479 662 734 720 εὐπρόσωπος
749 662 946 720 εὖπάρῃος
965 664 1130 720 εὕχρους
1149 663 1459 720 εὐπρεπεστάτη·

484 730 708 786 Μανδάνην
725 731 770 773 τὸ
789 730 976 788 κοράσιον
994 730 1196 785 ὠνόμασεν
1212 730 1232 773 ὃ
1252 732 1428 787 σπείρας.

479 799 580 855 πρὸς
596 798 743 853 ταύτην
761 800 892 841 τοίνυν
911 797 931 840 ὃ
951 799 1081 855 πατὴρ
1105 798 1191 852 ἴσχε
1212 800 1448 853 ζηλοτυπίαν

478 868 519 917 ἒξ
539 864 749 923 ὀνειράτων
770 868 967 922 θροηθεὶς
987 867 1183 922 νυκτέρων
1202 868 1395 917 ἐξαισίων.

477 935 674 991 οὗροῦσαν
693 934 851 987 βλέπειν
871 933 978 984 ἔδοξε
995 933 1066 988 τὴν
1084 933 1206 991 κόρην
1227 935 1299 989 τὴν
1321 931 1562 988 Μανδάνην,

366 1007 448 1047 730
475 1006 664 1044 τοσοῦτον
686 1001 726 1043 (5
750 999 846 1043 εἶναι
865 1001 909 1043 τὸ
925 1000 1091 1054 χυθὲντ
1070 1002 1191 1058 υγρὸν
1214 1019 1268 1052 ως
1286 1004 1489 1054 ἐξισχῦσαι

226 1078 256 1112 Ρ
277 1078 319 1114 16
477 1074 547 1123 τῆς
569 1074 640 1125 γῆς
661 1073 731 1123 τῆς
755 1067 993 1119 Ἀσιάτιὸος
1012 1069 1057 1111 τὸ
1079 1068 1290 1126 πρόσωπον
1311 1067 1504 1122 καλύψαι.

477 1154 593 1187 ουτος
615 1135 635 1178 ὃ
657 1141 812 1193 πρῶτος
833 1135 1001 1192 ὄνειρος,
1028 1135 1207 1197 δεύτερος
1230 1138 1270 1178 (5²
1296 1131 1417 1186 αυθις
1440 1131 1574 1186 ουτος·

475 1205 582 1255 ἔδοξε
602 1205 758 1258 βλέπειν
779 1202 994 1246 κάτωθεν
977 1222 1019 1246 εκ
1039 1210 1109 1258 τῆς
1130 1207 1267 1255 αἰδοῦ-’ς
1288 1203 1514 1258 Μανδάνης

477 1273 720 1329 ἇναφυεΐσαν
740 1271 927 1325 ἄμπελον,
960 1271 1037 1328 ὑφ’
1060 1290 1108 1326 ης
1129 1277 1262 1314 πᾶσαν
1276 1272 1428 1314 ΗΑσιαν

365 1341 445 1384 735
472 1343 538 1383 καὶ
558 1341 668 1396 γένος
686 1338 846 1394 Ζῑζῐήδων
865 1342 929 1381 καὶ
948 1342 1120 1396 Περσῶν
1142 1339 1355 1382 κατάσκιον
1375 1338 1573 1394 γενέσθαι.

475 1409 644 1451 τοιοῖσδε
665 1411 760 1462 γοῦν
786 1406 806 1448 ὃ
827 1407 1015 1460 βασιλεὺς
1035 1408 1296 1462 ἐκταραχθεὶς
1315 1404 1479 1461 ὂνείροις

470 1475 686 1531 υπέτρεφεν
707 1474 923 1527 ἀπέχθειαν
944 1471 1081 1531 λάθρα
1104 1473 1206 1515 κατὰ
1228 1471 1476 1527 ΖΠανὸάνης,

471 1541 644 1592 πολλοὺς
665 1542 708 1583 δὲ
730 1541 908 1597 στρέψας
926 1541 1138 1595 λογισμοὺς
1155 1543 1243 1595 περὶ
1264 1545 1335 1582 τοῦ
1355 1540 1538 1595 ποιητέου

472 1610 568 1666 ἔγνω
586 1610 940 1665 κατασοφίσασθαι
961 1609 1033 1662 τὴν
1052 1607 1173 1662 τύχην
1193 1610 1355 1649 ἕπιιοιά.

363 1679 446 1722 740
471 1679 545 1732 τὴν
565 1676 686 1733 κόρην
709 1677 839 1717 τοίνυν
861 1674 1098 1729 ζεύγνυσιν)
1076 1693 1124 1716 αν
1127 1677 1194 1731 ὁρί
1208 1693 1281 1716 τινι
1303 1671 1509 1729 Καμβυσῃ

325 1797 329 1799 4
474 1741 540 1826 ((ην
562 1745 602 1786 δ’
625 1761 645 1785 ο
666 1741 891 1796 Καμβύσης
909 1744 1008 1798 ‹lvoy
1010 1743 1096 1797 ενὴς
1117 1760 1181 1784 και
1203 1747 1282 1784 τῶν
1301 1737 1617 1798 ταπεινοτέρων),

289 1823 318 1858 Β
470 1812 525 1862 ὡς
546 1811 594 1854 ἂν
614 1810 659 1853 τὸ
680 1809 1042 1867 προσδοκώμενον
1026 1810 1290 1866 εξαμαυρώσῃ
1314 1810 1424 1859 κλέος
1434 1841 1447 1860 ,

472 1885 544 1922 τοῦ
560 1880 694 1935 γένους
713 1878 786 1933 τὴν
806 1875 1065 1934 λαμπρότητα
1081 1877 1271 1928 θολώσας
1286 1877 1500 1936 ὄυσγενειά.

425 1988 494 2023 722
516 1983 553 2029 ἐξ
575 1987 609 2020 R
763 1984 830 2019 724
852 1985 1007 2027 Δαρεῖος
1028 1983 1140 2040 μέγας
1165 1981 1184 2019 ὁ
1207 1982 1322 2025 πολυς
1342 1983 1462 2018 παῖδα
1483 1980 1638 2027 &nutem
1659 1980 1770 2015 τίκτει

426 2030 623 2114 {ggdffissv
633 2027 880 2111 Ιεἰῦπερόσωπον
895 2028 1046 2075 εὕχρουν
1062 2027 1355 2075 εὐπρεπεστάτην
1376 2030 1415 2063 Μ
1542 2028 1610 2062 737
1623 2025 1717 2094 τάχα
1730 2026 1769 2060 Μ

336 2169 394 2203 titi
411 2172 503 2202 sunt.
551 2178 669 2202 verum
696 2178 761 2201 nec
788 2167 879 2212 apud
908 2165 983 2200 illos
1010 2166 1122 2201 multis
1148 2166 1245 2202 annis
1273 2165 1406 2212 regium
1433 2167 1611 2213 imperium
1630 2166 1766 2211 mansit,

335 2216 399 2249 sed
416 2214 484 2247 cito
505 2213 663 2247 defluxit.

427 2260 506 2299 Quo
527 2264 640 2292 autem
661 2261 763 2302 pacto
793 2268 936 2301 regnum
962 2269 983 2291 a
1004 2257 1118 2291 Medis
1143 2257 1351 2303 avolaverit,
1385 2258 1540 2293 breviter
1560 2269 1601 2291 ac
1617 2256 1767 2291 dilucide

336 2305 488 2340 narratio
506 2310 626 2338 nostra
643 2308 805 2347 exponet.
851 2309 927 2336 erat
946 2303 1090 2347 Astyagi
1121 2304 1198 2347 regi
1219 2304 1398 2337 Medorum
1426 2304 1499 2337 filia
1526 2302 1766 2355 pulcherrima,

336 2362 436 2395 quam
460 2355 559 2394 pater
581 2348 817 2401 appellaverat
832 2349 1049 2382 Mandanem.
1096 2360 1179 2392 erga
1198 2349 1286 2382 hanc
1308 2349 1364 2383 ille
1385 2350 1529 2393 quadam
1546 2348 1720 2382 ardebat‘
1711 2360 1764 2381 in-

335 2396 449 2438 vidia,
481 2394 657 2429 nocturnis
678 2393 818 2427 somniis
838 2394 998 2428 infaustis
1015 2393 1172 2428 territus.
1217 2406 1293 2428 nam
1311 2395 1379 2428 sibi
1398 2395 1518 2428 videre
1535 2394 1630 2428 visus
1651 2394 1768 2426 fuerat

334 2442 539 2481 Mandanem
559 2440 662 2472 filiam
682 2439 874 2482 meientem,
894 2445 930 2473 et
946 2439 1081 2484 quidem
1098 2445 1226 2474 tantam
1243 2440 1363 2474 urinae
1381 2438 1511 2484 copiam
1529 2445 1568 2473 ut
1587 2450 1629 2472 ea
1647 2443 1767 2483 posset

334 2487 508 2521 Asiaticae
527 2491 642 2518 ter⁷rae
664 2495 767 2529 supe1
768 2485 879 2518 ficiem
899 2496 1036 2528 regere.
1073 2486 1137 2519 hoo
1159 2486 1302 2529 primum
1320 2486 1353 2519 ei
1377 2487 1491 2519 fuerat
1508 2484 1657 2518 oblatum
1674 2495 1765 2517 som—

333 2533 440 2567 nium.
487 2531 630 2565 alterum
661 2530 829 2563 habuerat
859 2531 1063 2564 huiusmodi.
1109 2531 1290 2565 videbatur
1309 2532 1377 2565 sibi
1398 2532 1518 2564 videre
1539 2531 1583 2564 de
1603 2528 1765 2563 verendis

334 2578 524 2612 Mandanes
546 2581 677 2609 enatam
696 2576 821 2618 vitem,
844 2587 865 2609 a
888 2587 955 2621 qua
972 2582 1046 2610 tota
1066 2576 1160 2619 Asia,
1180 2577 1357 2610 Medorum
1380 2576 1630 2620 Persarumque
1652 2574 1764 2608 natio-

335 2634 398 2657 nes
420 2623 707 2656 inumbrarentur.
754 2621 879 2654 talibus
909 2633 991 2665 ergo
1023 2622 1163 2656 somniis
1184 2633 1245 2655 rex
1265 2623 1406 2656 territus
1433 2623 1599 2656 adversus
1619 2621 1764 2654 Manda-

334 2679 411 2702 nem
431 2667 660 2701 clandestinas
681 2666 876 2700 inimicitias
898 2667 1024 2700 alebat.
1047 2678 1188 2713 cumque
1211 2669 1306 2702 varie
1327 2668 1515 2712 cogitasset
1532 2666 1615 2710 quid
1630 2665 1763 2698 facien-

333 2714 413 2747 dum
436 2719 547 2755 esset,
583 2711 722 2765 ingenio
743 2712 913 2745 fortunam
938 2711 1138 2747 eludendam
1157 2725 1233 2747 esse
1251 2714 1385 2747 statuit.
1433 2717 1645 2757 quapropter
1664 2709 1762 2754 puel-

332 2758 398 2792 lam
414 2759 490 2791 viro
512 2758 644 2792 cuidam
663 2757 789 2801 iungit,
824 2758 878 2790 cui
897 2758 1090 2800 Cambysae
1108 2770 1230 2792 nomen
1249 2764 1342 2792 esset
1363 2760 1457 2802 (erat
1477 2762 1589 2791 autem
1612 2756 1762 2797 Camby-
1795 2788 1797 2791 .

331 2815 387 2838 ses
408 2804 462 2836 hic
480 2802 642 2847 ignobilis
661 2808 697 2836 et
714 2803 903 2848 plebeius),
926 2809 964 2837 ut
982 2804 1171 2838 claritatem
1193 2810 1423 2849 exspectatam
1443 2803 1675 2844 imminueret,
1699 2811 1761 2843 ge-

330 2849 423 2883 neris
445 2849 627 2894 splendore
648 2859 712 2893 per
733 2846 983 2893 ignobilitatem
1002 2850 1140 2885 vitiato.
1188 2862 1261 2884 cum
1291 2855 1405 2885 autem
1430 2846 1658 2884 intellexisset
1686 2856 1763 2879 esse
