1872 3236
321 225 417 275 186
702 230 1077 276 CONSTANTINI
1117 233 1380 282 MANASSIS

450 339 574 399 ἥνπερ
596 340 804 398 ἡρμόσατο
822 345 1004 401 Χριστὸς
1022 344 1044 388 ὃ
1062 348 1247 405 καθαρὸς
1265 350 1461 407 νυμφίος,
1493 364 1495 366 ’

451 409 598 466 αἴφνης
619 408 806 467 ἁρπάσας
825 411 900 454 ἀπ’
924 414 1057 456 αὐτῶν
1075 420 1152 472 φεῦ
1167 421 1246 459 τῶν
1265 420 1546 476 παστοπηγίων

444 476 578 534 χήραν
600 477 751 535 ῥυσσην
769 479 945 532 ἀπέδειξε
963 484 1030 524 καὶ
1046 488 1420 539 μελανειμονοῦσαν.

448 545 520 599 τὴν
539 545 716 599 ἄμπελον
734 548 806 603 τὴν
826 547 1033 606 βρύουσαν
1048 552 1234 608 βοτρύων
1252 553 1501 612 καλλιράγων

311 614 420 658 4335
446 611 599 670 κάπρος
619 616 745 658 ποθὲν
766 617 845 659 ἀπὸ
870 620 1027 676 δρυμοῦ
1045 619 1230 675 πηὸησας
1244 621 1487 675 χαυλιόδους

445 681 679 740 αὐτόρριζον
702 683 907 742 ἐξώρυξεν,
935 686 1144 743 ἓλῄστευσε
1168 689 1214 731 τὸ
1237 688 1407 743 κάλλος,

444 751 631 806 ἐξέκοψεν
650 753 694 794 ἐκ
714 757 794 796 τῶν
809 759 917 797 ναῶν
933 755 1007 806 τὰς
1024 756 1133 813 ἱερὰς
1147 756 1391 814 μορφώσεις,

447 818 729 877 ἄντενεχάραξε
748 822 791 863 δ’
813 822 949 873 αὐτοῖς
963 822 1153 880 χρώμασι
1177 827 1244 867 καὶ
1265 833 1442 884 ψηφῖσιν

445 887 496 930 τὰ
514 890 613 944 φίλα
633 890 844 945 κυνηγέσια
866 892 933 932 καὶ
953 891 1027 942 τὰς
1047 893 1302 948 ἱππηλασίας.

253 960 285 995 D
315 951 424 998 4340
449 955 495 996 οὐ
514 960 642 998 ταῦτα
656 958 706 999 ’δὲ
728 957 945 1014 τετόλμητο
964 958 1070 1013 μόνα
1087 967 1143 1019 τῷ
1161 959 1391 1020 καταράτῳ,

191 1776 285 1813 Ρ89

445 1023 551 1065 ἀλλὰ
567 1026 634 1066 καὶ
654 1026 748 1076 τοὺς
762 1026 1008 1080 μονάζοντας
1027 1027 1082 1079 ὡς
1100 1028 1206 1072 κύων
1227 1028 1440 1085 ἀνιχνεύων

443 1090 500 1141 ὥς
520 1091 646 1149 ἄρνας
665 1098 743 1150 φεῦ
761 1097 956 1138 κατέθυεν
974 1098 1410 1154 ἓθελοσφαγουμένους.

443 1160 687 1210 ἐξεκενοῦντο
707 1168 918 1220 τοιγαροῦν
933 1162 1031 1207 οἶκοι
1048 1166 1405 1219 μελενδυτούντων,

445 1231 632 1282 σεμνείων
651 1225 701 1285 ἦν
722 1232 964 1288 κατασκαφὴ
983 1232 1170 1290 καθάπερ
1189 1236 1437 1290 λῃστηρίωνω

307 1292 418 1337 4345
442 1295 754 1354 ἕστενοχώρηντο
772 1302 946 1356 φρουραὶ
963 1307 1048 1351 τοῖς
1066 1301 1472 1357 ἓγκαθειργνυμὲνοις,

443 1366 509 1406 καὶ
526 1363 727 1407 πάντοθεν
747 1365 939 1420 ἠλαύνετο
961 1367 1007 1409 τὸ
1026 1369 1151 1420 μέλαν
1168 1368 1301 1424 ὥσπερ
1319 1366 1460 1422 μύσος.

509 1436 692 1475 Τοιαῦτα
712 1435 844 1476 τοίνυν
867 1439 1060 1491 καθορῶν
1069 1434 1346 1492 Ἀρτάβασὸος
1367 1437 1524 1486 ἐκεῖνος,

441 1498 487 1541 ὃν
504 1499 675 1556 φθάσας
695 1500 983 1559 προεγνώρισεν
1001 1501 1022 1544 ὃ
1043 1502 1194 1558 δρόμος
1213 1502 1234 1545 ὃ
1257 1508 1328 1546 τοῦ
1351 1502 1471 1559 λόγου

441 1570 496 1617 εἷς
515 1567 645 1624 γάμον
667 1568 947 1627 ἁρμοσάμενον
968 1575 1041 1613 τοῦ
1055 1572 1239 1622 Λέοντος
1256 1572 1329 1627 τὴν
1345 1574 1484 1623 παῖδα,

304 1635 415 1678 4350
438 1638 504 1678 καὶ
520 1638 594 1691 τὴν
616 1637 944 1695 ἀγριοβάρβαρον
959 1638 1135 1693 μισήσας
1148 1642 1388 1697 τυραννίδα,

439 1704 629 1748 συνάπτει
651 1705 824 1760 πόλεμον
845 1707 976 1764 αὐτῷ,
1012 1709 1182 1750 δείκνυσι
1204 1709 1419 1764 φυγαδιάν,

443 1775 510 1816 καὶ
527 1772 686 1831 κράτωρ
706 1775 981 1818 ἀναδείκνυται
997 1773 1205 1830 Ῥωμαίων
1225 1780 1298 1831 γῆς
1319 1773 1509 1825 αὖτάναξ.

437 1844 505 1884 καὶ
526 1840 645 1884 πάλιν
665 1841 1019 1900 ἄπαστράπτουσιν
1040 1844 1192 1895 ἀκτῖνες
1210 1844 1411 1898 εὐσεβείας

394 1958 486 1995 4334
502 1957 685 2003 γέμουσαν
707 1960 777 1994 ΑΜ
865 1958 957 1995 4336
980 1958 1169 2005 ἐξώρυξεν]
1191 1958 1364 2015 ἐξέκοψεν
1386 1960 1418 1994 Α
1506 1960 1599 1997 4337
1619 1959 1710 2006 ἒξωρ
1711 1975 1752 1997 υ-

393 2016 456 2061 ysv
470 2006 501 2041 A
591 2006 682 2041 4338
698 2003 967 2060 ἅντανεχάραξε
981 2007 1013 2040 Α
1102 2007 1194 2042 4340
1209 2004 1425 2050 τετόλμηται
1441 2005 1480 2040 Μ
1555 2008 1659 2045 4341
1676 1975 1754 2053 nevel]

392 2048 464 2095 γοὶρ
492 2050 532 2085 Μ
711 2051 804 2086 4342
830 2050 1028 2097 κατήσθιεν
1058 2052 1092 2086 R
1273 2051 1364 2088 4343
1393 2051 1696 2096 μελενδντοῦντες
1723 2054 1754 2088 Α

394 2095 739 2187 ἓξίὶέἒσῖοὲτῧὲῑτροφὴ
763 2098 798 2133 R
976 2097 1068 2133 4346
1088 2099 1195 2142 μῖσος
1215 2098 1249 2133 R.
1427 2096 1519 2132 4350
1538 2097 1686 2141 μυώσας
1709 2100 1754 2144 A,

303 2247 504 2279 exornatam
528 2255 613 2278 auro
636 2248 672 2278 et
694 2244 895 2288 delicatam,
921 2255 1022 2289 quam
1045 2243 1114 2278 sibi
1139 2243 1311 2287 Christus,
1335 2253 1482 2288 sponsus
1507 2242 1565 2278 ille
1588 2255 1693 2288 purus
1718 2250 1755 2280 et

302 2296 430 2332 castus,
453 2290 657 2334 despondit,
691 2290 763 2324 ab'
754 2290 840 2343 ipsis
861 2292 961 2334 (heu)
980 2290 1136 2324 thalamis
1158 2291 1336 2342 abreptam
1358 2288 1537 2332 viduavit,
1569 2289 1666 2333 rugis
1689 2291 1752 2324 de-

302 2335 478 2379 turpavit,
509 2335 666 2368 vestibus
687 2336 795 2378 nigris
815 2336 966 2380 operuit.
1014 2335 1238 2369 consimiliter
1269 2334 1376 2368 vitem
1406 2333 1645 2387 pulcherrimis
1673 2336 1752 2371 uvis

301 2382 467 2415 refertam
491 2392 554 2414 ceu
579 2380 764 2425 prosiliens
794 2393 879 2425 aper
904 2381 1060 2415 alicunde
1083 2380 1242 2425 quapiam
1271 2391 1291 2412 e
1319 2379 1408 2413 silva
1427 2379 1594 2414 radicitus
1618 2382 1753 2427 effodit,
1798 2383 1808 2392 “

302 2427 448 2470 eiusque
469 2432 687 2460 venustatem
707 2427 941 2479 depraedatus
964 2432 1193 2460 est.sac1as
1219 2437 1239 2458 e
1260 2424 1429 2469 templis
1418 2425 1586 2469 1magines
1609 2409 1753 2472 excidit,

301 2483 488 2517 earumque
512 2472 588 2505 loco
619 2472 718 2516 pingi
748 2472 927 2516 sculpique
957 2472 1092 2506 curavit
1114 2470 1308 2515 praeclaras
1331 2470 1465 2505 scilicet
1486 2471 1689 2508 venationes
1716 2478 1753 2508 et

300 2524 482 2563 equestres
500 2517 612 2552 ludos.
659 2529 724 2551 nec
742 2523 924 2550 contentus
946 2517 1042 2551 hisce
1060 2516 1272 2551 facinoribus
1291 2516 1347 2550 vir
1369 2517 1613 2562 exsecrabilis,
1647 2518 1752 2554 etiam

300 2564 397 2598 canis
416 2564 452 2597 in
474 2575 602 2597 morem
621 2563 863 2607 pervestigans
886 2562 1062 2597 solitariae
1083 2562 1178 2598 vitae
1196 2561 1353 2605 deditos,
1377 2567 1538 2616 tanquam
1558 2575 1665 2607 agnos
1685 2564 1751 2598 mi-

298 2610 391 2644 nime
423 2614 657 2654 repugnantes
691 2608 881 2652 iugulabat.
938 2608 1147 2642 monasteria
1176 2607 1285 2641 veluti
1315 2607 1554 2642 conventicula
1581 2609 1751 2644 latronum

299 2657 499 2690 evertebat.
543 2666 700 2689 carceres
736 2656 780 2688 ob
810 2653 1018 2687 inclusorum
1049 2654 1290 2688 monachorum
1323 2653 1575 2688 multitudinem
1608 2666 1750 2699 prorsus

296 2701 367 2737 arti
391 2706 509 2742 erant3
534 2700 663 2745 ubique
687 2700 788 2744 niger
809 2698 958 2734 vestitus
983 2711 1046 2733 ceu
1067 2699 1239 2753 piaculum
1262 2700 1432 2744 quoddam
1455 2699 1704 2753 expellebatur.

391 2747 491 2787 Quae
516 2758 591 2780 cum
608 2747 822 2780 Artabasdus
845 2745 924 2788 ille,
951 2756 1051 2789 quem
1075 2745 1144 2778 iam
1169 2749 1249 2779 ante
1272 2745 1421 2780 diximus
1445 2757 1586 2780 uxorem
1610 2745 1751 2780 duxisse

297 2792 429 2827 Leonis
453 2793 578 2834 filiam,
615 2792 811 2836 aspiceret,
846 2791 1065 2834 tyrannidem
1087 2790 1282 2825 immaniter
1303 2792 1486 2825 barbaram
1507 2802 1652 2836 perosus
1674 2790 1750 2825 bel-

298 2838 368 2872 lum
392 2819 621 2872 Constantino
654 2838 761 2881 facit,
796 2849 864 2882 quo
887 2837 972 2880 fuga
993 2836 1063 2870 sibi
1087 2836 1286 2870 consulente
1309 2837 1540 2871 Romanorum
1562 2837 1751 2889 imperator

298 2884 531 2921 renuntiatur.
578 2888 650 2919 tum
675 2895 767 2924 vero
797 2882 940 2930 pietatis
973 2882 1065 2919 radii
1092 2884 1137 2918 de
1166 2882 1304 2928 integro
1333 2882 1489 2929 fulgere,
1533 2880 1751 2918 venerabiles
