1924 3242
766 167 1018 213 ANNALES.
1538 163 1601 212 45

166 283 317 339 m
336 274 448 332 lentis·
483 276 627 337 ὅρκους
662 281 731 323 καὶ
764 283 1059 338 παρασπονδῶν
1083 286 1167 333 τοῖς
1195 280 1236 324 ἓν
1262 276 1464 337 γειτόνων,
1499 280 1602 323 κατὰ

134 390 142 400 ,
164 346 413 407 Βουλγᾶρων
437 355 583 406 χωρεῖ,
612 348 763 403 πολλὴν
789 351 1062 407 συναθροίσας
1084 350 1157 405 τὴν
1177 349 1368 407 στρατιὰν
1384 348 1427 392 ἴκ
1447 366 1488 392 τε
1501 347 1600 391 Ῥω-

154 413 296 474 ιριιιιίοινν
315 417 678 474 συγκεκροτημένην
696 418 764 460 καὶ
775 416 949 461 Ἰταλῶν.
996 420 1259 476 παραμείψας
1275 413 1346 461 οὖν
1359 417 1431 474 τὴν
1439 417 1602 475 {dcima-

164 490 238 530 νοῦ
253 487 316 528 ἐπὶ
333 485 385 529 τὰ
405 485 487 528 ἄνω
507 490 579 528 τοῦ
584 484 733 543 Ἕβρου
750 485 822 540 τὴν
839 487 1002 543 πορείαν
1019 488 1200 539 ἐποιεῖτο,
1218 490 1343 542 ζητῶν
1358 486 1462 541 μετὰ
1469 489 1606 529 Βουλ-

127 562 154 601 ,5
165 553 300 613 γάρων
321 557 515 612 συρρῆξαι
537 552 720 608 πόλεμον.
762 552 884 609 ἐζήτει
902 555 945 596 δὲ
963 553 1044 610 ἄρα
1062 555 1130 597 τὸν
1149 555 1274 598 αὐτοῦ
1291 555 1474 613 ὄλεθρον.
1516 552 1606 597 ἐδό-

163 641 221 667 κει
243 623 407 681 καὶγὰρ
429 621 484 673 ὥς
509 622 598 664 οὐδ’
623 622 726 673 ὅλως
750 622 788 664 οἱ
810 620 1039 679 Βοῦλγαροι
1063 621 1358 678 ὖποπτήξαντες
1381 624 1455 679 τὴν
1479 621 1607 680 ὁρμὴν

163 695 230 735 καὶ
258 689 387 746 μόνην
415 695 487 747 τῆς
515 695 707 748 στρατιᾶς
733 690 859 733 αὐτοῦ
888 689 1113 734 ὑποσταῖεν.
1184 691 1258 746 οὐχ
1289 691 1392 733 οὕτω
1415 693 1458 734 δὲ
1481 695 1547 733 καὶ
1570 691 1609 733 οἳ

162 757 391 817 Βούλγαροι
399 792 415 812 ,
439 759 532 802 ἀλλ’
559 757 580 801 ὃ
599 759 720 803 Ἀσὰν
738 758 922 814 Ἰωάννης
942 766 1030 809 ταΐς
1047 754 1264 817 ε’πιορκιάις
1281 761 1346 801 καὶ
1362 766 1451 809 ταῖς
1469 777 1603 816 παρα-
1624 770 1657 805 D

161 826 400 882 σπονδήσεσι
428 832 502 870 τοῦ
526 827 706 883 Ἀγγέλου
742 827 956 886 Θεοδώρου
985 832 1142 881 μᾶλλον
1173 827 1436 886 τεθαρρηκὼς
1465 826 1493 883 ἢ
1521 834 1608 877 ταῖς

103 896 373 954 ’1Οσφετέραις
402 894 636 949 δυνάμεσιν,
675 895 806 951 ὀλίγον
834 913 873 939 τι
904 896 1158 950 συμμαχικὸν
1182 896 1260 938 ἀπὸ
1291 898 1466 938 Σκυθῶν
1496 897 1603 951 εἴλη-

160 963 272 1022 φῶς,
299 964 373 1006 οὐκ
405 966 460 1014 εἷς
487 965 644 1017 χιλίους
671 962 959 1020 μετρούμενον,
993 963 1327 1022 θαρραλεώτερον
1351 967 1407 1015 εἷς
1426 964 1499 1020 τὴν
1519 962 1602 1018 μά-

155 1049 233 1087 χην
257 1032 419 1090 ἐφέρετο
430 1064 444 1084 ,
479 1030 534 1082 ὥς
558 1034 663 1088 φασί
683 1049 804 1085 τινες,
839 1035 906 1075 καὶ
930 1036 981 1090 τῇ
1002 1035 1155 1094 σημαία
1175 1033 1244 1076 τὸν
1264 1033 1463 1090 ἔγγραφον
1484 1030 1603 1090 ὅρκον

155 1105 230 1143 τοῦ
255 1098 469 1158 Θεοδώρου
500 1098 773 1158 ἀπαιωρήσας.
843 1104 909 1144 καὶ
932 1101 982 1156 δὴ
999 1103 1093 1159 περί
1107 1118 1184 1144 που
1207 1102 1276 1144 τὸν
1296 1103 1514 1158 παρέβριον
1533 1099 1602 1143 τό·-

155 1185 231 1212 πον
265 1170 603 1225 (Κλοκοτινίτζαν
634 1169 755 1211 αὐτὸν
781 1168 1048 1223 ὀνομάζουσι)
1084 1169 1360 1224 ξυμβάλλουσι
1393 1170 1445 1212 τὰ
1476 1187 1601 1227 στρα-

103 1242 146 1278 15
155 1235 358 1291 τεύματα,
385 1239 452 1279 καὶ
477 1235 532 1286 ὥς
550 1238 591 1282 ἐν
606 1241 738 1294 μικρῷ
760 1237 806 1279 τὸ
827 1242 907 1281 πᾶν
927 1243 1205 1294 παραστῆσαι,
1241 1238 1344 1281 κατὰ
1370 1236 1517 1295 κράτος
1540 1256 1601 1280 νι-

155 1309 275 1347 κᾶται
302 1304 415 1361 παρὰ
446 1309 525 1347 τῶν
556 1303 804 1361 Βουλγάρων
833 1308 899 1347 καὶ
929 1310 1008 1348 τῶν
1032 1309 1207 1348 Σκυθῶν
1225 1305 1246 1348 ὅ
1274 1304 1506 1362 Θεόδωρος,
1535 1308 1604 1348 καὶ

155 1371 479 1427 συλλαμβάνεται
506 1373 579 1426 μὲν
609 1372 720 1430 παρὰ
740 1377 820 1415 τῶν
841 1375 1039 1428 πολεμίων
1060 1368 1196 1426 οὗτος,
1233 1373 1305 1415 οὐκ
1325 1373 1449 1429 ὀλίγοι
1472 1375 1515 1416 δὲ
1535 1376 1603 1416 καὶ

151 1445 235 1484 τῶν
263 1445 491 1499 προσγενῶν
518 1440 645 1483 αὐτοῦ
670 1442 737 1482 καὶ
763 1445 843 1483 τῶν
873 1443 914 1483 ἓν
944 1443 1042 1484 τέλει
1073 1459 1114 1484 τε
1139 1444 1205 1484 καὶ
1231 1440 1433 1497 λογάδων,
1461 1443 1527 1484 καὶ
1550 1442 1604 1484 τὰ

153 1509 310 1552 ἐκείνων
336 1508 469 1552 πάντα
491 1510 578 1551 λεία
602 1515 686 1558 τοῖς
706 1507 958 1567 Βουλγᾶροις
980 1511 1141 1565 ἐγένετο.
1211 1511 1604 1568 φιλανθρωποτέρους

96 1578 198 1620 md&
228 1578 319 1635 περὶ
349 1577 396 1620 τὸ
433 1575 593 1619 ἆλωθὲν
625 1581 786 1631 πλῆθος
812 1576 833 1619 ὅ
853 1578 977 1620 Ἀσοὶν
1000 1580 1200 1628 διατεθεὶς
1223 1578 1316 1628 τοὺς
1340 1580 1500 1629 πλείους
1523 1583 1604 1622 τῶν

240 1686 266 1720 2
283 1681 425 1729 πολλὴν
441 1703 488 1710 -
505 1680 654 1719 Ἰταλῶν
673 1694 726 1718 om
744 1683 777 1718 D
901 1685 925 1719 4
946 1684 1030 1729 περὶ
1049 1685 1151 1729 vulgo
1277 1685 1299 1720 5
1323 1683 1439 1729 ἐζήτει
1457 1707 1502 1713 -
1524 1682 1601 1722 ὄλε-

240 1731 340 1787 θρον
367 1741 420 1764 om
445 1730 478 1764 D
661 1728 724 1764 καὶ
766 1727 886 1765 ἐδόκει
922 1726 973 1769 ὥς
1012 1730 1049 1764 οὶ
1087 1729 1293 1774 Βούλγαροι
1323 1728 1604 1775 ὑποπτήξαντες

242 1773 331 1811 ουδὲ
351 1774 421 1821 τὴν
443 1772 563 1820 ὁρμὴν
579 1775 646 1820 τῆς
659 1775 691 1809 D
798 1777 820 1811 7
844 1772 912 1819 οὐχ
930 1794 975 1801 -
993 1774 1201 1820 Βουλγαροι
1221 1787 1274 1809 om
1294 1776 1325 1810 D
1435 1778 1457 1811 8
1481 1773 1602 1812 Ἰωοὶν-

240 1833 308 1866 νης
327 1833 381 1856 om
407 1821 440 1855 D
597 1819 660 1856 καὶ
678 1822 761 1860 ταῖς
783 1840 828 1847 -
852 1823 896 1856 10
912 1819 1130 1867 δυνάμεσιν]
1155 1819 1292 1856 τούτου
1314 1820 1552 1866 τεθαρρηκώς
1568 1823 1602 1857 D

240 1870 286 1903 10
306 1879 343 1901 τι
367 1876 421 1901 om
444 1866 477 1900 D
637 1863 714 1900 οἷπό
735 1866 811 1900 τῶν
835 1867 901 1901 Σκ.
923 1867 955 1901 Ι)
1118 1871 1159 1902 11
1185 1865 1253 1903 ov’n
1271 1888 1316 1912 Ἶ-
1336 1870 1381 1904 12
1396 1866 1481 1912 καὶ]
1506 1865 1544 1901 ἐν
1564 1868 1598 1902 D

240 1913 285 1948 13
306 1912 375 1947 τοῦ
397 1909 614 1957 Θεοδώρου]
641 1909 777 1946 τούτου
797 1912 829 1946 D
1016 1910 1061 1957 δὴ
1083 1924 1135 1946 om
1151 1913 1183 1947 D
1368 1914 1412 1948 14
1436 1909 1481 1948 ὃν
1501 1915 1597 1948 Κλο-

235 1957 407 1999 κονίτζαν
425 1955 527 2001 ὄνομ.
544 1958 576 1991 D
714 1957 756 1992 15
780 1954 831 1997 ὥς
846 1976 892 1982 -
907 1955 1043 2000 κράτος
1061 1970 1113 1992 om
1132 1958 1166 1992 D
1305 1961 1347 1994 16
1369 1956 1472 2003 παρὰ
1487 1978 1533 1984 —
1551 1956 1595 2004 ὁ]

239 1999 262 2039 ὁ
283 1998 455 2047 Ἀγγελος
479 2002 562 2043 νέος
591 2003 623 2037 D
780 2001 842 2036 καὶ
868 2005 965 2038 συλλ.
990 2023 1034 2029 -
1064 2005 1107 2039 18
1125 2004 1356 2049 προσγενῶν]
1382 1999 1424 2043 ὃς
1443 2006 1594 2048 συλλαμ-

238 2045 393 2094 βάνεται
427 2048 489 2083 καὶ
526 2046 595 2083 οὐκ
631 2046 745 2091 ὀλίγοι
769 2049 845 2083 τῶν
874 2049 1055 2093 συγγενῶν
1077 2050 1109 2083 D
1295 2050 1339 2084 19
1370 2046 1538 2093 ἐγένοντο
1560 2050 1593 2085 D

234 2095 281 2130 20
301 2094 445 2140 περὶ-
459 2094 607 2140 πλῆθος
621 2105 674 2129 om
692 2095 736 2130 D.

145 2186 334 2232 negligeret
357 2186 525 2231 fidemque
549 2186 714 2230 violaret,
743 2186 777 2220 in
802 2186 922 2221 affines
936 2185 1101 2230 Bulgaros
1118 2185 1235 2232 pedem
1251 2188 1384 2229 movet,
1409 2189 1445 2220 et
1460 2198 1503 2222 ex
1517 2186 1591 2222 Ro-

145 2233 252 2268 manis
279 2236 381 2278 atque
408 2232 504 2266 Italis
534 2232 699 2277 ingentem
727 2232 863 2266 militem
892 2237 1095 2276 exaggerat,
1120 2236 1155 2266 et
1173 2232 1423 2278 Adrianopolim
1438 2237 1593 2277 praeter-²

147 2288 283 2322 gressus
305 2278 339 2312 in
363 2278 569 2323 superiorem
591 2283 721 2324 partem
747 2278 854 2312 Hebri
880 2279 1013 2322 agmine
1033 2278 1135 2312 ducto
1153 2289 1226 2311 cum
1240 2278 1398 2322 Bulgaris
1415 2279 1592 2323 poscebat,

145 2323 205 2357 ned
230 2323 367 2358 exitium
389 2324 451 2358 sibi
473 2334 655 2368 quaerens,
685 2323 758 2357 acie
781 2323 973 2367 confligere.
1020 2323 1199 2357 videbatur
1223 2323 1310 2358 enim
1336 2323 1399 2357 sibi
1421 2323 1593 2368 Bulgaros

145 2367 266 2403 timore
290 2369 436 2414 percitos
461 2379 668 2414 nequaquam
695 2369 751 2403 vel
773 2369 878 2403 solum
903 2370 953 2403 sui
975 2369 1143 2403 exercitus
1157 2369 1317 2414 impetum
1331 2369 1508 2404 sustinere.
1556 2374 1592 2403 at

146 2425 215 2448 non
236 2413 285 2448 sic
307 2414 465 2459 uulgari,
489 2416 547 2449 sed
573 2418 704 2450 Asanus
730 2415 873 2448 Ioannes
894 2414 1036 2459 perfidia
1051 2425 1092 2448 ac
1109 2414 1250 2448 foedere
1265 2415 1307 2448 ab
1323 2415 1453 2458 Angelo
1473 2415 1593 2449 Theo-

147 2459 233 2493 doro
246 2460 358 2494 fracto
372 2460 483 2505 potius
498 2472 596 2505 quam
614 2461 758 2506 propriis
772 2461 899 2494 viribus
915 2461 1024 2495 fretus
1034 2488 1044 2504 ‚
1068 2471 1176 2505 parva
1201 2460 1263 2494 sibi
1289 2460 1441 2494 auxiliari
1456 2471 1553 2494 manu
1571 2473 1591 2494 e

148 2504 287 2549 Scythis
310 2505 493 2550 conducta,
524 2518 566 2540 ne
591 2518 727 2540 numero
754 2506 886 2551 quidem
914 2506 1070 2548 millenis,
1094 2506 1313 2540 confidentius
1336 2506 1371 2539 in
1398 2506 1591 2540 conflictum
1620 2502 1627 2510 ⁶

145 2551 312 2594 agebatur
324 2575 336 2592 ,
356 2549 453 2594 signo
470 2551 568 2585 etiam
583 2552 738 2593 militari,
760 2557 800 2586 ut
814 2563 835 2585 a
849 2552 1014 2585 nonnullis
1029 2551 1205 2585 memoriae
1220 2551 1387 2597 proditum
1404 2556 1456 2585 est
1466 2579 1475 2595 ,
1498 2552 1591 2586 iure-

145 2596 286 2630 iurando
309 2595 481 2629 Theodori
502 2597 627 2643 scripto
653 2609 812 2643 appenso.
861 2602 896 2631 et
921 2599 1011 2631 forte
1026 2597 1116 2631 circa
1131 2597 1241 2630 locum
1256 2597 1373 2631 Hebro
1388 2596 1588 2642 proximum,

146 2652 243 2687 quem
267 2640 565 2682 cloeotinitzam‚a
590 2643 736 2688 pellant,
757 2643 878 2677 milites
901 2643 1052 2676 adversis
1078 2642 1181 2685 signis
1206 2642 1356 2683 irruunt,
1380 2648 1415 2676 et
1430 2647 1468 2676 ut
1483 2643 1588 2676 verbo

145 2687 278 2731 singula
304 2686 504 2731 cupi-imam,
527 2687 571 2721 de
596 2688 717 2722 ellatur
743 2700 764 2723 a
790 2688 946 2732 Bulgaris
961 2693 997 2722 et
1012 2687 1148 2731 Scythis
1164 2687 1382 2729 Theodorus,
1414 2693 1451 2722 et
1466 2689 1508 2722 ab
1525 2688 1588 2721 ho-

145 2733 255 2768 stibus
277 2743 344 2766 una
368 2742 441 2766 cum
464 2743 504 2765 eo
528 2743 594 2766 non
616 2734 714 2778 pauci
736 2734 826 2768 iuius
839 2735 960 2768 affines
975 2738 1010 2767 et
1025 2733 1191 2777 dignitate
1206 2733 1374 2778 conspicui
1391 2738 1427 2767 et
1440 2734 1587 2767 illustres

144 2778 228 2823 viri,
272 2780 384 2812 e'orum
408 2777 613 2823 supellectile
634 2790 655 2812 a
678 2779 830 2824 Bulgaris
852 2779 1073 2825 depopulata,
1109 2777 1298 2824 capiuntur.
1354 2780 1484 2813 Asanus
1512 2789 1586 2811 cum

144 2823 357 2859 multitudine
381 2830 482 2869 capta
505 2823 679 2859 humanius
701 2836 740 2859 se
763 2835 884 2870 gerens
907 2825 1072 2870 potiorem
1102 2824 1272 2870 copiarum
1296 2829 1444 2871 partem,
1475 2828 1509 2857 et
1527 2833 1586 2856 eos
