<?xml version="1.0" encoding="UTF-8"?>
<!DOCTYPE html PUBLIC "-//W3C//DTD XHTML 1.0 Transitional//EN"
    "http://www.w3.org/TR/xhtml1/DTD/xhtml1-transitional.dtd">
<html xmlns="http://www.w3.org/1999/xhtml" xml:lang="en" lang="en">
 <head>
  <title>
</title>
<meta http-equiv="Content-Type" content="text/html;charset=utf-8" />
  <meta name='ocr-system' content='tesseract 3.04.00' />
  <meta name='ocr-capabilities' content='ocr_page ocr_carea ocr_par ocr_line ocrx_word'/>
</head>
<body>
  <div class='ocr_page' id='page_1' title='image "./corpusscriptorum06niebuoft_0467.png"; bbox 0 0 1924 3242; ppageno 0'>
   <div class='ocr_carea' id='block_1_1' title="bbox 0 0 106 92">
    <p class='ocr_par' dir='ltr' id='par_1_1' title="bbox 0 0 106 92">
     <span class='ocr_line' id='line_1_1' title="bbox 0 0 106 92; baseline 0 3150"><span class='ocrx_word' id='word_1_1' title='bbox 0 0 106 92; x_wconf 95' lang='lat' dir='ltr'><em> </em></span> 
     </span>
    </p>
   </div>
   <div class='ocr_carea' id='block_1_2' title="bbox 757 207 1612 262">
    <p class='ocr_par' dir='ltr' id='par_1_2' title="bbox 757 207 1612 262">
     <span class='ocr_line' id='line_1_2' title="bbox 757 207 1612 262; baseline 0.007 -6"><span class='ocrx_word' id='word_1_2' title='bbox 757 214 1010 259; x_wconf 80' lang='lat' dir='ltr'><strong>ANNALES.</strong></span> <span class='ocrx_word' id='word_1_3' title='bbox 1548 207 1612 262; x_wconf 81' lang='lat'><em>65</em></span> 
     </span>
    </p>
   </div>
   <div class='ocr_carea' id='block_1_3' title="bbox 99 318 1737 1815">
    <p class='ocr_par' dir='ltr' id='par_1_3' title="bbox 173 318 1664 594">
     <span class='ocr_line' id='line_1_3' title="bbox 179 318 1664 384; baseline 0.003 -15"><span class='ocrx_word' id='word_1_4' title='bbox 179 318 469 384; x_wconf 54' lang='grc' dir='ltr'><em>ὣξένοῧτως,</em></span> <span class='ocrx_word' id='word_1_5' title='bbox 504 323 527 368; x_wconf 80' lang='grc' dir='ltr'><strong><em>ὃ</em></strong></span> <span class='ocrx_word' id='word_1_6' title='bbox 562 326 606 369; x_wconf 77' lang='grc' dir='ltr'><em>δὲ</em></span> <span class='ocrx_word' id='word_1_7' title='bbox 630 327 818 382; x_wconf 81' lang='grc' dir='ltr'><em>βασιλεὺς</em></span> <span class='ocrx_word' id='word_1_8' title='bbox 837 326 1023 383; x_wconf 78' lang='grc' dir='ltr'><em>Ἰωάννης</em></span> <span class='ocrx_word' id='word_1_9' title='bbox 1044 329 1112 371; x_wconf 77' lang='grc' dir='ltr'><em>καὶ</em></span> <span class='ocrx_word' id='word_1_10' title='bbox 1135 320 1258 379; x_wconf 65' lang='grc' dir='ltr'><em>αὖθις</em></span> <span class='ocrx_word' id='word_1_11' title='bbox 1275 329 1378 383; x_wconf 78' lang='grc' dir='ltr'><em>μετὰ</em></span> <span class='ocrx_word' id='word_1_12' title='bbox 1395 332 1468 373; x_wconf 78' lang='grc' dir='ltr'><em>τοῦ</em></span> <span class='ocrx_word' id='word_1_13' title='bbox 1488 333 1610 384; x_wconf 86' lang='grc' dir='ltr'><em>βασι-</em></span> <span class='ocrx_word' id='word_1_14' title='bbox 1630 336 1664 372; x_wconf 90' lang='lat' dir='ltr'>D</span> 
     </span>
     <span class='ocr_line' id='line_1_4' title="bbox 178 384 1614 458; baseline 0.001 -18"><span class='ocrx_word' id='word_1_15' title='bbox 178 384 414 447; x_wconf 66' lang='grc' dir='ltr'><em>λὲωςἍσᾶν</em></span> <span class='ocrx_word' id='word_1_16' title='bbox 434 391 591 452; x_wconf 80' lang='grc' dir='ltr'><em>εἲρήνην</em></span> <span class='ocrx_word' id='word_1_17' title='bbox 611 393 708 450; x_wconf 80' lang='grc' dir='ltr'><em>εἶχε,</em></span> <span class='ocrx_word' id='word_1_18' title='bbox 742 397 807 438; x_wconf 80' lang='grc' dir='ltr'><em>καὶ</em></span> <span class='ocrx_word' id='word_1_19' title='bbox 829 401 880 453; x_wconf 81' lang='grc' dir='ltr'><em>τῇ</em></span> <span class='ocrx_word' id='word_1_20' title='bbox 901 399 1101 458; x_wconf 68' lang='grc' dir='ltr'><em>συγγενείᾳ</em></span> <span class='ocrx_word' id='word_1_21' title='bbox 1123 399 1189 440; x_wconf 87' lang='grc' dir='ltr'><em>καὶ</em></span> <span class='ocrx_word' id='word_1_22' title='bbox 1210 396 1335 455; x_wconf 75' lang='grc' dir='ltr'><em>ἄμφω</em></span> <span class='ocrx_word' id='word_1_23' title='bbox 1352 399 1614 450; x_wconf 80' lang='grc' dir='ltr'><em>συνεδέδεντο,</em></span> 
     </span>
     <span class='ocr_line' id='line_1_5' title="bbox 173 456 1612 524; baseline 0.001 -16"><span class='ocrx_word' id='word_1_24' title='bbox 173 464 251 508; x_wconf 59' lang='lat' dir='ltr'><strong>&#39;inin</strong></span> <span class='ocrx_word' id='word_1_25' title='bbox 269 463 448 522; x_wconf 69' lang='grc' dir='ltr'><em>ἀκριβῶς</em></span> <span class='ocrx_word' id='word_1_26' title='bbox 461 464 535 518; x_wconf 73' lang='grc' dir='ltr'><em>μέν</em></span> <span class='ocrx_word' id='word_1_27' title='bbox 550 467 623 506; x_wconf 82' lang='grc' dir='ltr'><em>τοῦ</em></span> <span class='ocrx_word' id='word_1_28' title='bbox 637 463 764 507; x_wconf 77' lang='grc' dir='ltr'><em>Ἀσὰν</em></span> <span class='ocrx_word' id='word_1_29' title='bbox 776 464 850 515; x_wconf 83' lang='grc' dir='ltr'><em>τὰς</em></span> <span class='ocrx_word' id='word_1_30' title='bbox 868 463 1054 522; x_wconf 74' lang='grc' dir='ltr'><em>ἐνόρκους</em></span> <span class='ocrx_word' id='word_1_31' title='bbox 1070 467 1305 524; x_wconf 79' lang='grc' dir='ltr'><em>συμφωνίας</em></span> <span class='ocrx_word' id='word_1_32' title='bbox 1322 456 1612 523; x_wconf 85' lang='grc' dir='ltr'><em>φυλάττοντος·</em></span> 
     </span>
     <span class='ocr_line' id='line_1_6' title="bbox 176 522 1614 594; baseline 0.001 -18"><span class='ocrx_word' id='word_1_33' title='bbox 176 530 259 576; x_wconf 58' lang='grc' dir='ltr'><em>ἔστι</em></span> <span class='ocrx_word' id='word_1_34' title='bbox 276 522 353 590; x_wconf 76' lang='grc' dir='ltr'><em>γὰρ</em></span> <span class='ocrx_word' id='word_1_35' title='bbox 374 530 438 575; x_wconf 82' lang='grc' dir='ltr'><em>ὅτε</em></span> <span class='ocrx_word' id='word_1_36' title='bbox 457 531 525 574; x_wconf 81' lang='grc' dir='ltr'><em>διὰ</em></span> <span class='ocrx_word' id='word_1_37' title='bbox 545 532 688 590; x_wconf 86' lang='grc' dir='ltr'><em>μικρὸν</em></span> <span class='ocrx_word' id='word_1_38' title='bbox 707 533 846 590; x_wconf 77' lang='grc' dir='ltr'><em>κέρδος</em></span> <span class='ocrx_word' id='word_1_39' title='bbox 865 532 1139 590; x_wconf 76' lang='grc' dir='ltr'><em>παρεσπόνδει.</em></span> <span class='ocrx_word' id='word_1_40' title='bbox 1195 534 1293 584; x_wconf 68' lang='grc' dir='ltr'><em>τέως</em></span> <span class='ocrx_word' id='word_1_41' title='bbox 1311 536 1352 577; x_wconf 79' lang='grc' dir='ltr'><em>ἒν</em></span> <span class='ocrx_word' id='word_1_42' title='bbox 1373 539 1431 593; x_wconf 78' lang='grc' dir='ltr'><em>τῷ</em></span> <span class='ocrx_word' id='word_1_43' title='bbox 1454 539 1614 594; x_wconf 71' lang='grc' dir='ltr'><em>φανερῷ</em></span> 
     </span>
    </p>

    <p class='ocr_par' dir='ltr' id='par_1_4' title="bbox 140 590 1478 658">
     <span class='ocr_line' id='line_1_7' title="bbox 140 590 1478 658; baseline 0.001 -14"><span class='ocrx_word' id='word_1_44' title='bbox 140 593 167 645; x_wconf 93' lang='lat'><strong>5</strong></span> <span class='ocrx_word' id='word_1_45' title='bbox 177 590 244 643; x_wconf 76' lang='grc' dir='ltr'><em>καὶ</em></span> <span class='ocrx_word' id='word_1_46' title='bbox 265 605 477 650; x_wconf 80' lang='grc' dir='ltr'><em>πλατυκῶς</em></span> <span class='ocrx_word' id='word_1_47' title='bbox 498 599 652 658; x_wconf 63' lang='grc' dir='ltr'><em>ἔστεργε</em></span> <span class='ocrx_word' id='word_1_48' title='bbox 672 601 744 656; x_wconf 84' lang='grc' dir='ltr'><em>τὴν</em></span> <span class='ocrx_word' id='word_1_49' title='bbox 769 599 924 657; x_wconf 79' lang='grc' dir='ltr'><em>ἀγάπην</em></span> <span class='ocrx_word' id='word_1_50' title='bbox 942 602 1008 643; x_wconf 83' lang='grc' dir='ltr'><em>καὶ</em></span> <span class='ocrx_word' id='word_1_51' title='bbox 1025 601 1076 643; x_wconf 81' lang='grc' dir='ltr'><em>τὰ</em></span> <span class='ocrx_word' id='word_1_52' title='bbox 1095 605 1175 643; x_wconf 77' lang='grc' dir='ltr'><em>τῶν</em></span> <span class='ocrx_word' id='word_1_53' title='bbox 1197 603 1324 658; x_wconf 89' lang='grc' dir='ltr'><em>φίλων</em></span> <span class='ocrx_word' id='word_1_54' title='bbox 1346 604 1478 645; x_wconf 73' lang='grc' dir='ltr'><em>ἐποίει.</em></span> 
     </span>
    </p>

    <p class='ocr_par' dir='ltr' id='par_1_5' title="bbox 175 663 1634 931">
     <span class='ocr_line' id='line_1_8' title="bbox 311 663 1634 728; baseline -0.001 -14"><span class='ocrx_word' id='word_1_55' title='bbox 311 669 390 714; x_wconf 85' lang='grc'><em>38.</em></span> <span class='ocrx_word' id='word_1_56' title='bbox 451 666 500 711; x_wconf 87' lang='grc' dir='ltr'><strong>Ὅ</strong></span> <span class='ocrx_word' id='word_1_57' title='bbox 521 670 594 722; x_wconf 79' lang='grc' dir='ltr'><em>μὲν</em></span> <span class='ocrx_word' id='word_1_58' title='bbox 616 663 685 712; x_wconf 73' lang='grc' dir='ltr'><em>οὖν</em></span> <span class='ocrx_word' id='word_1_59' title='bbox 694 669 815 712; x_wconf 78' lang='grc' dir='ltr'><em>Ἀσιὶν</em></span> <span class='ocrx_word' id='word_1_60' title='bbox 830 667 1016 724; x_wconf 82' lang='grc' dir='ltr'><em>Ἰωάννης</em></span> <span class='ocrx_word' id='word_1_61' title='bbox 1035 673 1106 723; x_wconf 82' lang='grc' dir='ltr'><em>τῆς</em></span> <span class='ocrx_word' id='word_1_62' title='bbox 1124 667 1292 725; x_wconf 80' lang='grc' dir='ltr'><em>συζύγου</em></span> <span class='ocrx_word' id='word_1_63' title='bbox 1309 673 1530 727; x_wconf 74' lang='grc' dir='ltr'><em>στερηθείς,</em></span> <span class='ocrx_word' id='word_1_64' title='bbox 1565 669 1614 725; x_wconf 78' lang='grc' dir='ltr'><em>ἢν</em></span> <span class='ocrx_word' id='word_1_65' title='bbox 1631 726 1634 728; x_wconf 15' lang='lat' dir='ltr'>v</span> 
     </span>
     <span class='ocr_line' id='line_1_9' title="bbox 176 735 1615 795; baseline 0 -16"><span class='ocrx_word' id='word_1_66' title='bbox 176 736 219 788; x_wconf 75' lang='grc' dir='ltr'><em>ἓξ</em></span> <span class='ocrx_word' id='word_1_67' title='bbox 244 736 444 794; x_wconf 80' lang='grc' dir='ltr'><em>Οὗγγρίας</em></span> <span class='ocrx_word' id='word_1_68' title='bbox 463 735 560 779; x_wconf 76' lang='grc' dir='ltr'><em>εἶναι</em></span> <span class='ocrx_word' id='word_1_69' title='bbox 583 735 604 779; x_wconf 85' lang='grc' dir='ltr'><strong>ὅ</strong></span> <span class='ocrx_word' id='word_1_70' title='bbox 623 735 739 794; x_wconf 85' lang='grc' dir='ltr'><em>λόγος</em></span> <span class='ocrx_word' id='word_1_71' title='bbox 756 736 924 795; x_wconf 72' lang='grc' dir='ltr'><em>φθάσας</em></span> <span class='ocrx_word' id='word_1_72' title='bbox 941 735 1159 794; x_wconf 78' lang='grc' dir='ltr'><em>ἱστόρησεν,</em></span> <span class='ocrx_word' id='word_1_73' title='bbox 1186 735 1352 792; x_wconf 75' lang='grc' dir='ltr'><em>ἠγάγετο</em></span> <span class='ocrx_word' id='word_1_74' title='bbox 1373 741 1428 788; x_wconf 78' lang='grc' dir='ltr'><em>εἷς</em></span> <span class='ocrx_word' id='word_1_75' title='bbox 1447 745 1615 794; x_wconf 80' lang='grc' dir='ltr'><em>γυναῖκα</em></span> 
     </span>
     <span class='ocr_line' id='line_1_10' title="bbox 175 803 1614 862; baseline -0.001 -15"><span class='ocrx_word' id='word_1_76' title='bbox 175 803 248 859; x_wconf 82' lang='grc' dir='ltr'><em>τὴν</em></span> <span class='ocrx_word' id='word_1_77' title='bbox 278 805 486 862; x_wconf 76' lang='grc' dir='ltr'><em>θυγατέρα</em></span> <span class='ocrx_word' id='word_1_78' title='bbox 516 810 590 848; x_wconf 81' lang='grc' dir='ltr'><em>τοῦ</em></span> <span class='ocrx_word' id='word_1_79' title='bbox 612 805 795 862; x_wconf 75' lang='grc' dir='ltr'><em>Ἅγγέλου</em></span> <span class='ocrx_word' id='word_1_80' title='bbox 831 804 1044 862; x_wconf 76' lang='grc' dir='ltr'><em>Θεοδώρου</em></span> <span class='ocrx_word' id='word_1_81' title='bbox 1078 805 1150 860; x_wconf 87' lang='grc' dir='ltr'><em>τὴν</em></span> <span class='ocrx_word' id='word_1_82' title='bbox 1177 803 1352 862; x_wconf 77' lang='grc' dir='ltr'><em>Εἰρήνην</em></span> <span class='ocrx_word' id='word_1_83' title='bbox 1364 837 1378 858; x_wconf 96' lang='grc'><em>,</em></span> <span class='ocrx_word' id='word_1_84' title='bbox 1413 806 1537 859; x_wconf 84' lang='grc' dir='ltr'><em>καλὴν</em></span> <span class='ocrx_word' id='word_1_85' title='bbox 1568 806 1614 847; x_wconf 86' lang='grc' dir='ltr'><em>τὸ</em></span> 
     </span>
     <span class='ocr_line' id='line_1_11' title="bbox 175 870 1617 931; baseline 0.001 -17"><span class='ocrx_word' id='word_1_86' title='bbox 175 870 279 924; x_wconf 72' lang='grc' dir='ltr'><em>εἶδος</em></span> <span class='ocrx_word' id='word_1_87' title='bbox 306 875 374 916; x_wconf 87' lang='grc' dir='ltr'><em>καὶ</em></span> <span class='ocrx_word' id='word_1_88' title='bbox 404 873 621 929; x_wconf 77' lang='grc' dir='ltr'><em>εὐμεγέθη,</em></span> <span class='ocrx_word' id='word_1_89' title='bbox 651 875 755 928; x_wconf 80' lang='grc' dir='ltr'><em>μηδὲ</em></span> <span class='ocrx_word' id='word_1_90' title='bbox 785 874 831 916; x_wconf 85' lang='grc' dir='ltr'><em>τὸ</em></span> <span class='ocrx_word' id='word_1_91' title='bbox 861 878 933 916; x_wconf 82' lang='grc' dir='ltr'><em>τοῦ</em></span> <span class='ocrx_word' id='word_1_92' title='bbox 958 875 1210 931; x_wconf 79' lang='grc' dir='ltr'><em>αὖταδέλφου</em></span> <span class='ocrx_word' id='word_1_93' title='bbox 1233 877 1305 916; x_wconf 86' lang='grc' dir='ltr'><em>τοῦ</em></span> <span class='ocrx_word' id='word_1_94' title='bbox 1325 873 1476 930; x_wconf 84' lang='grc' dir='ltr'><em>πατρὸς</em></span> <span class='ocrx_word' id='word_1_95' title='bbox 1493 874 1617 927; x_wconf 79' lang='grc' dir='ltr'><em>αὐτῆς</em></span> 
     </span>
    </p>

    <p class='ocr_par' dir='ltr' id='par_1_6' title="bbox 119 939 1618 1203">
     <span class='ocr_line' id='line_1_12' title="bbox 119 939 1616 998; baseline 0 -15"><span class='ocrx_word' id='word_1_96' title='bbox 119 947 163 984; x_wconf 87' lang='grc'><em>10</em></span> <span class='ocrx_word' id='word_1_97' title='bbox 174 942 296 996; x_wconf 85' lang='grc' dir='ltr'><em>κῆδος</em></span> <span class='ocrx_word' id='word_1_98' title='bbox 314 939 487 992; x_wconf 78' lang='grc' dir='ltr'><em>ὖπιδιόν,</em></span> <span class='ocrx_word' id='word_1_99' title='bbox 533 939 667 998; x_wconf 81' lang='grc' dir='ltr'><em>ὅτιπερ</em></span> <span class='ocrx_word' id='word_1_100' title='bbox 686 946 737 998; x_wconf 84' lang='grc' dir='ltr'><em>τῇ</em></span> <span class='ocrx_word' id='word_1_101' title='bbox 755 943 797 984; x_wconf 77' lang='grc' dir='ltr'><em>ἐκ</em></span> <span class='ocrx_word' id='word_1_102' title='bbox 815 943 1058 992; x_wconf 84' lang='grc' dir='ltr'><em>παλλακίδος</em></span> <span class='ocrx_word' id='word_1_103' title='bbox 1079 942 1204 984; x_wconf 76' lang='grc' dir='ltr'><em>αὐτοῦ</em></span> <span class='ocrx_word' id='word_1_104' title='bbox 1220 943 1396 998; x_wconf 76' lang='grc' dir='ltr'><em>θυγατρὶ</em></span> <span class='ocrx_word' id='word_1_105' title='bbox 1417 940 1616 996; x_wconf 86' lang='grc' dir='ltr'><em>συνηυνά-</em></span> 
     </span>
     <span class='ocr_line' id='line_1_13' title="bbox 172 1003 1617 1068; baseline 0 -17"><span class='ocrx_word' id='word_1_106' title='bbox 172 1010 270 1060; x_wconf 84' lang='grc' dir='ltr'><em>ζετο.</em></span> <span class='ocrx_word' id='word_1_107' title='bbox 337 1003 443 1064; x_wconf 77' lang='grc' dir='ltr'><em>ἦσαν</em></span> <span class='ocrx_word' id='word_1_108' title='bbox 465 1009 508 1051; x_wconf 78' lang='grc' dir='ltr'><em>δὲ</em></span> <span class='ocrx_word' id='word_1_109' title='bbox 526 1013 585 1066; x_wconf 74' lang='grc' dir='ltr'><em>τῷ</em></span> <span class='ocrx_word' id='word_1_110' title='bbox 598 1009 767 1067; x_wconf 75' lang='grc' dir='ltr'><em>Ἀγγέλῳ</em></span> <span class='ocrx_word' id='word_1_111' title='bbox 791 1009 991 1068; x_wconf 79' lang='grc' dir='ltr'><em>Θεοδώρῳ</em></span> <span class='ocrx_word' id='word_1_112' title='bbox 1010 1012 1149 1060; x_wconf 77' lang='grc' dir='ltr'><em>παῖδες</em></span> <span class='ocrx_word' id='word_1_113' title='bbox 1171 1009 1332 1067; x_wconf 76' lang='grc' dir='ltr'><em>ἄρρενες</em></span> <span class='ocrx_word' id='word_1_114' title='bbox 1357 1008 1453 1062; x_wconf 81' lang='grc' dir='ltr'><em>δύο,</em></span> <span class='ocrx_word' id='word_1_115' title='bbox 1478 1008 1617 1052; x_wconf 81' lang='grc' dir='ltr'><em>Ἰωάν-</em></span> 
     </span>
     <span class='ocr_line' id='line_1_14' title="bbox 170 1075 1618 1135; baseline 0.001 -17"><span class='ocrx_word' id='word_1_116' title='bbox 170 1093 242 1131; x_wconf 84' lang='grc' dir='ltr'><em>νης</em></span> <span class='ocrx_word' id='word_1_117' title='bbox 271 1077 338 1118; x_wconf 88' lang='grc' dir='ltr'><em>καὶ</em></span> <span class='ocrx_word' id='word_1_118' title='bbox 364 1075 622 1134; x_wconf 84' lang='grc' dir='ltr'><em>Δημήτριος,</em></span> <span class='ocrx_word' id='word_1_119' title='bbox 648 1080 715 1120; x_wconf 86' lang='grc' dir='ltr'><em>καὶ</em></span> <span class='ocrx_word' id='word_1_120' title='bbox 733 1077 895 1133; x_wconf 76' lang='grc' dir='ltr'><em>θήλειαι</em></span> <span class='ocrx_word' id='word_1_121' title='bbox 919 1078 1012 1131; x_wconf 81' lang='grc' dir='ltr'><em>δύο,</em></span> <span class='ocrx_word' id='word_1_122' title='bbox 1039 1077 1201 1133; x_wconf 75' lang='grc' dir='ltr'><em>ἡἌννα</em></span> <span class='ocrx_word' id='word_1_123' title='bbox 1221 1080 1287 1120; x_wconf 85' lang='grc' dir='ltr'><em>καὶ</em></span> <span class='ocrx_word' id='word_1_124' title='bbox 1304 1076 1330 1133; x_wconf 79' lang='grc' dir='ltr'><strong><em>ἦ</em></strong></span> <span class='ocrx_word' id='word_1_125' title='bbox 1350 1077 1521 1135; x_wconf 73' lang='grc' dir='ltr'><em>ῥηθεΐσα</em></span> <span class='ocrx_word' id='word_1_126' title='bbox 1545 1079 1618 1119; x_wconf 85' lang='grc' dir='ltr'><em>Εἷ-</em></span> 
     </span>
     <span class='ocr_line' id='line_1_15' title="bbox 171 1139 1618 1203; baseline -0.001 -16"><span class='ocrx_word' id='word_1_127' title='bbox 171 1142 294 1202; x_wconf 80' lang='grc' dir='ltr'><em>ρήνη,</em></span> <span class='ocrx_word' id='word_1_128' title='bbox 338 1145 439 1199; x_wconf 71' lang='grc' dir='ltr'><em>μεθ’</em></span> <span class='ocrx_word' id='word_1_129' title='bbox 472 1139 521 1200; x_wconf 62' lang='grc' dir='ltr'><em>’ἧς</em></span> <span class='ocrx_word' id='word_1_130' title='bbox 551 1144 571 1187; x_wconf 83' lang='grc' dir='ltr'><strong><em>ὃ</em></strong></span> <span class='ocrx_word' id='word_1_131' title='bbox 599 1146 721 1189; x_wconf 79' lang='grc' dir='ltr'><em>Ἆσάν</em></span> <span class='ocrx_word' id='word_1_132' title='bbox 756 1149 905 1197; x_wconf 82' lang='grc' dir='ltr'><em>παῖδας</em></span> <span class='ocrx_word' id='word_1_133' title='bbox 928 1144 1134 1203; x_wconf 46' lang='grc' dir='ltr'><em>’γεγέννηκε</em></span> <span class='ocrx_word' id='word_1_134' title='bbox 1165 1153 1292 1203; x_wconf 79' lang='grc' dir='ltr'><em>τρεῖς,</em></span> <span class='ocrx_word' id='word_1_135' title='bbox 1326 1146 1396 1188; x_wconf 84' lang='grc' dir='ltr'><em>τὸν</em></span> <span class='ocrx_word' id='word_1_136' title='bbox 1428 1144 1618 1200; x_wconf 83' lang='grc' dir='ltr'><em>Μιχαήλ,</em></span> 
     </span>
    </p>

    <p class='ocr_par' dir='ltr' id='par_1_7' title="bbox 130 1211 1619 1273">
     <span class='ocr_line' id='line_1_16' title="bbox 130 1211 1619 1273; baseline 0 -18"><span class='ocrx_word' id='word_1_137' title='bbox 130 1268 132 1270; x_wconf 66' lang='lat'>‚</span> <span class='ocrx_word' id='word_1_138' title='bbox 170 1212 243 1268; x_wconf 81' lang='grc' dir='ltr'><em>τὴν</em></span> <span class='ocrx_word' id='word_1_139' title='bbox 273 1211 490 1270; x_wconf 82' lang='grc' dir='ltr'><em>Θεοδώραν</em></span> <span class='ocrx_word' id='word_1_140' title='bbox 515 1215 582 1256; x_wconf 82' lang='grc' dir='ltr'><em>καὶ</em></span> <span class='ocrx_word' id='word_1_141' title='bbox 605 1214 678 1269; x_wconf 86' lang='grc' dir='ltr'><em>τὴν</em></span> <span class='ocrx_word' id='word_1_142' title='bbox 698 1217 884 1273; x_wconf 85' lang='grc' dir='ltr'><em>Μαρίαν.</em></span> <span class='ocrx_word' id='word_1_143' title='bbox 954 1213 1137 1270; x_wconf 73' lang='grc' dir='ltr'><em>ἀπελύθη</em></span> <span class='ocrx_word' id='word_1_144' title='bbox 1156 1219 1252 1270; x_wconf 79' lang='grc' dir='ltr'><em>γοῦν</em></span> <span class='ocrx_word' id='word_1_145' title='bbox 1268 1218 1348 1256; x_wconf 81' lang='grc' dir='ltr'><em>τῶν</em></span> <span class='ocrx_word' id='word_1_146' title='bbox 1370 1216 1528 1268; x_wconf 81' lang='grc' dir='ltr'><em>δεσμῶν</em></span> <span class='ocrx_word' id='word_1_147' title='bbox 1550 1211 1619 1255; x_wconf 81' lang='grc' dir='ltr'><em>διά</em></span> 
     </span>
    </p>

    <p class='ocr_par' dir='ltr' id='par_1_8' title="bbox 118 1279 1737 1611">
     <span class='ocr_line' id='line_1_17' title="bbox 118 1279 1737 1339; baseline 0 -16"><span class='ocrx_word' id='word_1_148' title='bbox 118 1287 160 1323; x_wconf 86' lang='grc'><em>15</em></span> <span class='ocrx_word' id='word_1_149' title='bbox 173 1297 234 1323; x_wconf 87' lang='grc' dir='ltr'><em>τοι</em></span> <span class='ocrx_word' id='word_1_150' title='bbox 256 1285 374 1323; x_wconf 83' lang='grc' dir='ltr'><em>τοῦτο</em></span> <span class='ocrx_word' id='word_1_151' title='bbox 393 1279 610 1336; x_wconf 75' lang='grc' dir='ltr'><em>ὃῖΆγγελος</em></span> <span class='ocrx_word' id='word_1_152' title='bbox 637 1281 869 1339; x_wconf 83' lang='grc' dir='ltr'><em>Θεόδωρος,</em></span> <span class='ocrx_word' id='word_1_153' title='bbox 904 1284 970 1325; x_wconf 85' lang='grc' dir='ltr'><em>καὶ</em></span> <span class='ocrx_word' id='word_1_154' title='bbox 994 1284 1211 1326; x_wconf 77' lang='grc' dir='ltr'><em>συναινέσει</em></span> <span class='ocrx_word' id='word_1_155' title='bbox 1233 1287 1306 1324; x_wconf 81' lang='grc' dir='ltr'><em>τοῦ</em></span> <span class='ocrx_word' id='word_1_156' title='bbox 1329 1286 1517 1339; x_wconf 82' lang='grc' dir='ltr'><em>γαμβροῦ</em></span> <span class='ocrx_word' id='word_1_157' title='bbox 1541 1282 1615 1323; x_wconf 82' lang='grc' dir='ltr'><em>αὗ-</em></span> <span class='ocrx_word' id='word_1_158' title='bbox 1639 1288 1668 1322; x_wconf 88' lang='grc' dir='ltr'>Ρ</span> <span class='ocrx_word' id='word_1_159' title='bbox 1691 1288 1737 1323; x_wconf 85' lang='grc'><em>33</em></span> 
     </span>
     <span class='ocr_line' id='line_1_18' title="bbox 170 1344 1619 1406; baseline 0.001 -16"><span class='ocrx_word' id='word_1_160' title='bbox 170 1352 246 1390; x_wconf 76' lang='grc' dir='ltr'><em>τοῦ</em></span> <span class='ocrx_word' id='word_1_161' title='bbox 262 1352 335 1391; x_wconf 84' lang='grc' dir='ltr'><strong><em>τοῦ</em></strong></span> <span class='ocrx_word' id='word_1_162' title='bbox 349 1348 471 1391; x_wconf 80' lang='grc' dir='ltr'><em>Ἀσὰν</em></span> <span class='ocrx_word' id='word_1_163' title='bbox 495 1349 688 1406; x_wconf 67' lang='grc' dir='ltr'><em>ἐγκρατὴς</em></span> <span class='ocrx_word' id='word_1_164' title='bbox 714 1351 899 1406; x_wconf 72' lang='grc' dir='ltr'><em>γενέσθαι</em></span> <span class='ocrx_word' id='word_1_165' title='bbox 923 1354 995 1404; x_wconf 84' lang='grc' dir='ltr'><em>τῆς</em></span> <span class='ocrx_word' id='word_1_166' title='bbox 1018 1351 1314 1404; x_wconf 80' lang='grc' dir='ltr'><em>Θεσσαλονίκης</em></span> <span class='ocrx_word' id='word_1_167' title='bbox 1333 1352 1399 1391; x_wconf 88' lang='grc' dir='ltr'><em>καὶ</em></span> <span class='ocrx_word' id='word_1_168' title='bbox 1420 1349 1552 1405; x_wconf 83' lang='grc' dir='ltr'><em>πάσης</em></span> <span class='ocrx_word' id='word_1_169' title='bbox 1569 1344 1619 1404; x_wconf 66' lang='grc' dir='ltr'><em>ἧς</em></span> 
     </span>
     <span class='ocr_line' id='line_1_19' title="bbox 171 1411 1620 1475; baseline 0.001 -17"><span class='ocrx_word' id='word_1_170' title='bbox 171 1414 364 1473; x_wconf 86' lang='grc' dir='ltr'><em>πρότερον</em></span> <span class='ocrx_word' id='word_1_171' title='bbox 391 1411 489 1473; x_wconf 79' lang='grc' dir='ltr'><em>ἦρχε</em></span> <span class='ocrx_word' id='word_1_172' title='bbox 515 1415 656 1474; x_wconf 83' lang='grc' dir='ltr'><em>χώρας</em></span> <span class='ocrx_word' id='word_1_173' title='bbox 685 1418 872 1473; x_wconf 73' lang='grc' dir='ltr'><em>ἠθέλησε.</em></span> <span class='ocrx_word' id='word_1_174' title='bbox 940 1419 1007 1460; x_wconf 87' lang='grc' dir='ltr'><em>καὶ</em></span> <span class='ocrx_word' id='word_1_175' title='bbox 1037 1416 1086 1472; x_wconf 84' lang='grc' dir='ltr'><em>δή</em></span> <span class='ocrx_word' id='word_1_176' title='bbox 1108 1435 1219 1467; x_wconf 89' lang='grc' dir='ltr'><em>τινας</em></span> <span class='ocrx_word' id='word_1_177' title='bbox 1241 1418 1397 1473; x_wconf 79' lang='grc' dir='ltr'><em>ὀλίγους</em></span> <span class='ocrx_word' id='word_1_178' title='bbox 1419 1418 1530 1475; x_wconf 81' lang='grc' dir='ltr'><em>παρὰ</em></span> <span class='ocrx_word' id='word_1_179' title='bbox 1547 1422 1620 1460; x_wconf 84' lang='grc' dir='ltr'><em>τοῦ</em></span> 
     </span>
     <span class='ocr_line' id='line_1_20' title="bbox 166 1483 1620 1543; baseline 0.001 -17"><span class='ocrx_word' id='word_1_180' title='bbox 166 1483 286 1526; x_wconf 81' lang='grc' dir='ltr'><em>Ἀσὰν</em></span> <span class='ocrx_word' id='word_1_181' title='bbox 304 1483 643 1541; x_wconf 80' lang='grc' dir='ltr'><em>προσλαβόμενος,</em></span> <span class='ocrx_word' id='word_1_182' title='bbox 660 1487 741 1528; x_wconf 70' lang='grc' dir='ltr'><em>ἐπεὶ</em></span> <span class='ocrx_word' id='word_1_183' title='bbox 761 1489 944 1543; x_wconf 78' lang='grc' dir='ltr'><em>φανερῶς</em></span> <span class='ocrx_word' id='word_1_184' title='bbox 960 1490 1118 1541; x_wconf 82' lang='grc' dir='ltr'><em>κινῆσαι</em></span> <span class='ocrx_word' id='word_1_185' title='bbox 1133 1484 1268 1540; x_wconf 82' lang='grc' dir='ltr'><em>μάχην</em></span> <span class='ocrx_word' id='word_1_186' title='bbox 1286 1485 1390 1528; x_wconf 77' lang='grc' dir='ltr'><em>κατὰ</em></span> <span class='ocrx_word' id='word_1_187' title='bbox 1408 1490 1482 1528; x_wconf 83' lang='grc' dir='ltr'><em>τοῦ</em></span> <span class='ocrx_word' id='word_1_188' title='bbox 1500 1486 1620 1528; x_wconf 77' lang='grc' dir='ltr'><em>ἀδελ-</em></span> 
     </span>
     <span class='ocr_line' id='line_1_21' title="bbox 170 1552 1619 1611; baseline 0.002 -18"><span class='ocrx_word' id='word_1_189' title='bbox 170 1556 254 1609; x_wconf 84' lang='grc' dir='ltr'><em>φοῦ</em></span> <span class='ocrx_word' id='word_1_190' title='bbox 273 1552 399 1594; x_wconf 78' lang='grc' dir='ltr'><em>αὐτοῦ</em></span> <span class='ocrx_word' id='word_1_191' title='bbox 413 1553 619 1607; x_wconf 82' lang='grc' dir='ltr'><em>Μανουὴλ</em></span> <span class='ocrx_word' id='word_1_192' title='bbox 640 1554 712 1596; x_wconf 75' lang='grc' dir='ltr'><em>οὐκ</em></span> <span class='ocrx_word' id='word_1_193' title='bbox 730 1553 918 1609; x_wconf 77' lang='grc' dir='ltr'><em>ἠδύνατο,</em></span> <span class='ocrx_word' id='word_1_194' title='bbox 941 1552 1078 1611; x_wconf 80' lang='grc' dir='ltr'><em>κρύφα</em></span> <span class='ocrx_word' id='word_1_195' title='bbox 1098 1558 1326 1609; x_wconf 79' lang='grc' dir='ltr'><em>μηχανᾶται</em></span> <span class='ocrx_word' id='word_1_196' title='bbox 1347 1554 1420 1608; x_wconf 80' lang='grc' dir='ltr'><em>τὴν</em></span> <span class='ocrx_word' id='word_1_197' title='bbox 1441 1555 1496 1604; x_wconf 78' lang='grc' dir='ltr'><em>εἷς</em></span> <span class='ocrx_word' id='word_1_198' title='bbox 1513 1554 1619 1597; x_wconf 85' lang='grc' dir='ltr'><em>Θεσ-</em></span> 
     </span>
    </p>

    <p class='ocr_par' dir='ltr' id='par_1_9' title="bbox 99 1610 1622 1815">
     <span class='ocr_line' id='line_1_22' title="bbox 99 1610 1620 1678; baseline 0.002 -17"><span class='ocrx_word' id='word_1_199' title='bbox 99 1610 381 1675; x_wconf 54' lang='grc' dir='ltr'><em>’ὥσαλονίκην</em></span> <span class='ocrx_word' id='word_1_200' title='bbox 399 1619 568 1672; x_wconf 72' lang='grc' dir='ltr'><em>εἴσοδον,</em></span> <span class='ocrx_word' id='word_1_201' title='bbox 583 1637 588 1641; x_wconf 76' lang='grc'><strong>’</strong></span> <span class='ocrx_word' id='word_1_202' title='bbox 603 1621 740 1676; x_wconf 72' lang='grc' dir='ltr'><em>εὐτελῆ</em></span> <span class='ocrx_word' id='word_1_203' title='bbox 761 1622 850 1664; x_wconf 81' lang='grc' dir='ltr'><em>τινὰ</em></span> <span class='ocrx_word' id='word_1_204' title='bbox 868 1620 1176 1678; x_wconf 78' lang='grc' dir='ltr'><em>ἀμφιασάμενος</em></span> <span class='ocrx_word' id='word_1_205' title='bbox 1194 1620 1314 1678; x_wconf 85' lang='grc' dir='ltr'><em>ῥάκια</em></span> <span class='ocrx_word' id='word_1_206' title='bbox 1333 1624 1399 1663; x_wconf 82' lang='grc' dir='ltr'><em>καὶ</em></span> <span class='ocrx_word' id='word_1_207' title='bbox 1418 1623 1491 1677; x_wconf 87' lang='grc' dir='ltr'><em>τὴν</em></span> <span class='ocrx_word' id='word_1_208' title='bbox 1513 1621 1620 1665; x_wconf 81' lang='grc' dir='ltr'><em>εἶ’σο-</em></span> 
     </span>
     <span class='ocr_line' id='line_1_23' title="bbox 169 1686 1619 1747; baseline 0.001 -17"><span class='ocrx_word' id='word_1_209' title='bbox 169 1690 240 1730; x_wconf 81' lang='grc' dir='ltr'><em>δον</em></span> <span class='ocrx_word' id='word_1_210' title='bbox 271 1686 505 1742; x_wconf 68' lang='grc' dir='ltr'><em>ὑποκλέψας</em></span> <span class='ocrx_word' id='word_1_211' title='bbox 526 1693 598 1744; x_wconf 83' lang='grc' dir='ltr'><em>τῆς</em></span> <span class='ocrx_word' id='word_1_212' title='bbox 619 1687 783 1740; x_wconf 85' lang='grc' dir='ltr'><em>πόλεως.</em></span> <span class='ocrx_word' id='word_1_213' title='bbox 853 1691 934 1731; x_wconf 75' lang='grc' dir='ltr'><em>ἐπεὶ</em></span> <span class='ocrx_word' id='word_1_214' title='bbox 960 1691 1003 1732; x_wconf 80' lang='grc' dir='ltr'><em>δὲ</em></span> <span class='ocrx_word' id='word_1_215' title='bbox 1030 1688 1150 1747; x_wconf 78' lang='grc' dir='ltr'><em>εῗσῄει</em></span> <span class='ocrx_word' id='word_1_216' title='bbox 1172 1691 1243 1732; x_wconf 84' lang='grc' dir='ltr'><em>καί</em></span> <span class='ocrx_word' id='word_1_217' title='bbox 1261 1706 1363 1732; x_wconf 88' lang='grc' dir='ltr'><em>τισιν</em></span> <span class='ocrx_word' id='word_1_218' title='bbox 1385 1689 1619 1745; x_wconf 70' lang='grc' dir='ltr'><em>ἐπεγνώσθη</em></span> 
     </span>
     <span class='ocr_line' id='line_1_24' title="bbox 169 1754 1622 1815; baseline 0.001 -17"><span class='ocrx_word' id='word_1_219' title='bbox 169 1762 253 1806; x_wconf 73' lang='grc' dir='ltr'><em>τοῖς</em></span> <span class='ocrx_word' id='word_1_220' title='bbox 270 1754 330 1806; x_wconf 77' lang='grc' dir='ltr'><em>οἷς</em></span> <span class='ocrx_word' id='word_1_221' title='bbox 350 1754 535 1811; x_wconf 69' lang='grc' dir='ltr'><em>ἐβούλετο</em></span> <span class='ocrx_word' id='word_1_222' title='bbox 543 1789 558 1810; x_wconf 94' lang='grc'><em>,</em></span> <span class='ocrx_word' id='word_1_223' title='bbox 594 1756 663 1808; x_wconf 75' lang='grc' dir='ltr'><em>οὓς</em></span> <span class='ocrx_word' id='word_1_224' title='bbox 684 1756 747 1800; x_wconf 83' lang='grc' dir='ltr'><em>ὅτε</em></span> <span class='ocrx_word' id='word_1_225' title='bbox 771 1755 922 1812; x_wconf 75' lang='grc' dir='ltr'><em>εὐτύχει</em></span> <span class='ocrx_word' id='word_1_226' title='bbox 945 1758 1139 1815; x_wconf 78' lang='grc' dir='ltr'><em>ἓφίλειστε</em></span> <span class='ocrx_word' id='word_1_227' title='bbox 1162 1759 1230 1799; x_wconf 83' lang='grc' dir='ltr'><em>καὶ</em></span> <span class='ocrx_word' id='word_1_228' title='bbox 1254 1757 1451 1814; x_wconf 79' lang='grc' dir='ltr'><em>εὗηργέτει</em></span> <span class='ocrx_word' id='word_1_229' title='bbox 1461 1789 1474 1810; x_wconf 96' lang='grc'><em>,</em></span> <span class='ocrx_word' id='word_1_230' title='bbox 1513 1759 1622 1812; x_wconf 75' lang='grc' dir='ltr'><em>μεθ’,</em></span> 
     </span>
    </p>
   </div>
   <div class='ocr_carea' id='block_1_4' title="bbox 257 1857 1659 2091">
    <p class='ocr_par' dir='ltr' id='par_1_10' title="bbox 257 1857 1659 2091">
     <span class='ocr_line' id='line_1_25' title="bbox 261 1857 1621 1911; baseline 0 -12"><span class='ocrx_word' id='word_1_231' title='bbox 261 1863 281 1899; x_wconf 89' lang='grc'>1</span> <span class='ocrx_word' id='word_1_232' title='bbox 305 1861 481 1908; x_wconf 78' lang='grc' dir='ltr'><em>βασιλέως</em></span> <span class='ocrx_word' id='word_1_233' title='bbox 507 1875 559 1898; x_wconf 90' lang='lat' dir='ltr'><em>om</em></span> <span class='ocrx_word' id='word_1_234' title='bbox 584 1863 618 1898; x_wconf 91' lang='lat' dir='ltr'>D</span> <span class='ocrx_word' id='word_1_235' title='bbox 753 1865 777 1900; x_wconf 77' lang='lat'><strong>2</strong></span> <span class='ocrx_word' id='word_1_236' title='bbox 799 1860 933 1911; x_wconf 73' lang='grc' dir='ltr'><em>ἄμφω]</em></span> <span class='ocrx_word' id='word_1_237' title='bbox 958 1857 1072 1904; x_wconf 77' lang='grc' dir='ltr'><em>αὖθις</em></span> <span class='ocrx_word' id='word_1_238' title='bbox 1100 1865 1132 1898; x_wconf 93' lang='lat' dir='ltr'>D</span> <span class='ocrx_word' id='word_1_239' title='bbox 1269 1866 1293 1901; x_wconf 83' lang='lat'><strong>3</strong></span> <span class='ocrx_word' id='word_1_240' title='bbox 1317 1862 1386 1899; x_wconf 74' lang='grc' dir='ltr'><em>οὔκ</em></span> <span class='ocrx_word' id='word_1_241' title='bbox 1414 1884 1460 1892; x_wconf 94' lang='grc'>-</span> <span class='ocrx_word' id='word_1_242' title='bbox 1487 1864 1512 1900; x_wconf 86' lang='grc'>4</span> <span class='ocrx_word' id='word_1_243' title='bbox 1535 1860 1621 1910; x_wconf 74' lang='grc' dir='ltr'><em>ὅτε]</em></span> 
     </span>
     <span class='ocr_line' id='line_1_26' title="bbox 261 1905 1620 1950; baseline 0.001 -8"><span class='ocrx_word' id='word_1_244' title='bbox 261 1905 344 1943; x_wconf 71' lang='grc' dir='ltr'><em>ἀλλ’</em></span> <span class='ocrx_word' id='word_1_245' title='bbox 364 1906 383 1943; x_wconf 81' lang='grc' dir='ltr'>ὁ</span> <span class='ocrx_word' id='word_1_246' title='bbox 399 1906 503 1943; x_wconf 80' lang='grc' dir='ltr'><em>Ἀσάν</em></span> <span class='ocrx_word' id='word_1_247' title='bbox 520 1907 616 1943; x_wconf 80' lang='grc' dir='ltr'><em>ἔστιν</em></span> <span class='ocrx_word' id='word_1_248' title='bbox 632 1905 695 1944; x_wconf 77' lang='grc' dir='ltr'><em>ὅτε</em></span> <span class='ocrx_word' id='word_1_249' title='bbox 714 1910 776 1944; x_wconf 80' lang='grc' dir='ltr'><em>καὶ</em></span> <span class='ocrx_word' id='word_1_250' title='bbox 795 1911 827 1944; x_wconf 91' lang='lat' dir='ltr'>D</span> <span class='ocrx_word' id='word_1_251' title='bbox 933 1912 956 1945; x_wconf 85' lang='lat'>4</span> <span class='ocrx_word' id='word_1_252' title='bbox 978 1909 1126 1950; x_wconf 81' lang='grc' dir='ltr'><em>τέως-</em></span> <span class='ocrx_word' id='word_1_253' title='bbox 1138 1908 1255 1944; x_wconf 72' lang='grc' dir='ltr'><em>ἐποίει</em></span> <span class='ocrx_word' id='word_1_254' title='bbox 1269 1922 1320 1945; x_wconf 92' lang='lat' dir='ltr'><em>om</em></span> <span class='ocrx_word' id='word_1_255' title='bbox 1333 1910 1365 1944; x_wconf 93' lang='lat' dir='ltr'>D</span> <span class='ocrx_word' id='word_1_256' title='bbox 1479 1911 1502 1945; x_wconf 90' lang='lat'>6</span> <span class='ocrx_word' id='word_1_257' title='bbox 1523 1906 1620 1944; x_wconf 80' lang='lat'><em>‘0—</em></span> 
     </span>
     <span class='ocr_line' id='line_1_27' title="bbox 257 1950 1659 1999; baseline 0.001 -9"><span class='ocrx_word' id='word_1_258' title='bbox 257 1955 282 1990; x_wconf 86' lang='lat'><strong>7</strong></span> <span class='ocrx_word' id='word_1_259' title='bbox 297 1950 476 1999; x_wconf 76' lang='grc' dir='ltr'><em>ἠγάγετο]</em></span> <span class='ocrx_word' id='word_1_260' title='bbox 502 1951 660 1999; x_wconf 79' lang='grc' dir='ltr'><em>ἠγάγετο</em></span> <span class='ocrx_word' id='word_1_261' title='bbox 679 1953 718 1990; x_wconf 78' lang='grc' dir='ltr'><em>δὲ</em></span> <span class='ocrx_word' id='word_1_262' title='bbox 742 1953 761 1991; x_wconf 88' lang='grc' dir='ltr'>ὁ</span> <span class='ocrx_word' id='word_1_263' title='bbox 781 1953 883 1992; x_wconf 82' lang='grc' dir='ltr'><em>Ἀσάν</em></span> <span class='ocrx_word' id='word_1_264' title='bbox 902 1956 934 1989; x_wconf 95' lang='lat' dir='ltr'>D</span> <span class='ocrx_word' id='word_1_265' title='bbox 1080 1958 1101 1992; x_wconf 92' lang='lat'>8</span> <span class='ocrx_word' id='word_1_266' title='bbox 1124 1954 1242 1999; x_wconf 82' lang='grc' dir='ltr'><em>καλὴν</em></span> <span class='ocrx_word' id='word_1_267' title='bbox 1260 1976 1300 1981; x_wconf 90' lang='grc'>-</span> <span class='ocrx_word' id='word_1_268' title='bbox 1322 1953 1502 1998; x_wconf 77' lang='grc' dir='ltr'><em>εὐμεγέθη</em></span> <span class='ocrx_word' id='word_1_269' title='bbox 1522 1955 1619 1989; x_wconf 91' lang='lat' dir='ltr'><em>omD</em></span> <span class='ocrx_word' id='word_1_270' title='bbox 1656 1986 1659 1991; x_wconf 92' lang='lat'><em>.</em></span> 
     </span>
     <span class='ocr_line' id='line_1_28' title="bbox 259 1995 1619 2044; baseline -0.002 -9"><span class='ocrx_word' id='word_1_271' title='bbox 259 2001 304 2035; x_wconf 89' lang='lat'><em>11</em></span> <span class='ocrx_word' id='word_1_272' title='bbox 336 1995 486 2044; x_wconf 73' lang='grc' dir='ltr'><em>ἄρρενες</em></span> <span class='ocrx_word' id='word_1_273' title='bbox 518 1998 588 2035; x_wconf 77' lang='grc' dir='ltr'><em>δύο</em></span> <span class='ocrx_word' id='word_1_274' title='bbox 618 2012 671 2034; x_wconf 89' lang='lat' dir='ltr'><em>om</em></span> <span class='ocrx_word' id='word_1_275' title='bbox 694 2001 726 2034; x_wconf 93' lang='lat' dir='ltr'>D</span> <span class='ocrx_word' id='word_1_276' title='bbox 876 2002 918 2036; x_wconf 81' lang='lat'><em>12</em></span> <span class='ocrx_word' id='word_1_277' title='bbox 950 1999 1100 2044; x_wconf 74' lang='grc' dir='ltr'><em>θήλειαι</em></span> <span class='ocrx_word' id='word_1_278' title='bbox 1122 1997 1233 2035; x_wconf 78' lang='lat' dir='ltr'><em>&#39;&#39;Avvoc</em></span> <span class='ocrx_word' id='word_1_279' title='bbox 1261 2011 1300 2034; x_wconf 83' lang='grc' dir='ltr'><em>τε</em></span> <span class='ocrx_word' id='word_1_280' title='bbox 1327 1999 1390 2034; x_wconf 81' lang='grc' dir='ltr'><em>καὶ</em></span> <span class='ocrx_word' id='word_1_281' title='bbox 1420 1997 1561 2044; x_wconf 82' lang='grc' dir='ltr'><em>Εἰρήνη</em></span> <span class='ocrx_word' id='word_1_282' title='bbox 1586 2000 1619 2032; x_wconf 93' lang='lat' dir='ltr'>D</span> 
     </span>
     <span class='ocr_line' id='line_1_29' title="bbox 258 2042 1618 2091; baseline 0 -11"><span class='ocrx_word' id='word_1_283' title='bbox 258 2043 303 2080; x_wconf 85' lang='lat'><em>15</em></span> <span class='ocrx_word' id='word_1_284' title='bbox 325 2057 384 2080; x_wconf 83' lang='grc' dir='ltr'><em>τοι</em></span> <span class='ocrx_word' id='word_1_285' title='bbox 400 2057 452 2080; x_wconf 86' lang='lat' dir='ltr'><em>om</em></span> <span class='ocrx_word' id='word_1_286' title='bbox 472 2045 505 2079; x_wconf 91' lang='lat' dir='ltr'>D</span> <span class='ocrx_word' id='word_1_287' title='bbox 630 2042 674 2090; x_wconf 81' lang='grc' dir='ltr'><em>ὁ]</em></span> <span class='ocrx_word' id='word_1_288' title='bbox 699 2044 762 2080; x_wconf 80' lang='grc' dir='ltr'><em>καὶ</em></span> <span class='ocrx_word' id='word_1_289' title='bbox 783 2043 802 2081; x_wconf 87' lang='grc' dir='ltr'>ὁ</span> <span class='ocrx_word' id='word_1_290' title='bbox 820 2046 851 2080; x_wconf 94' lang='lat' dir='ltr'>D</span> <span class='ocrx_word' id='word_1_291' title='bbox 979 2048 1021 2083; x_wconf 90' lang='grc'><em>17</em></span> <span class='ocrx_word' id='word_1_292' title='bbox 1046 2044 1115 2091; x_wconf 80' lang='grc' dir='ltr'><em>εἶχε</em></span> <span class='ocrx_word' id='word_1_293' title='bbox 1134 2047 1167 2081; x_wconf 90' lang='lat' dir='ltr'>D</span> <span class='ocrx_word' id='word_1_294' title='bbox 1285 2047 1327 2081; x_wconf 89' lang='lat'><em>18</em></span> <span class='ocrx_word' id='word_1_295' title='bbox 1348 2042 1468 2090; x_wconf 76' lang='grc' dir='ltr'><em>μάχην</em></span> <span class='ocrx_word' id='word_1_296' title='bbox 1487 2045 1555 2080; x_wconf 87' lang='lat' dir='ltr'><em>add</em></span> <span class='ocrx_word' id='word_1_297' title='bbox 1573 2045 1618 2080; x_wconf 88' lang='lat' dir='ltr'><em>D.</em></span> 
     </span>
    </p>
   </div>
   <div class='ocr_carea' id='block_1_5' title="bbox 166 2135 1620 2911">
    <p class='ocr_par' dir='ltr' id='par_1_11' title="bbox 166 2135 1620 2364">
     <span class='ocr_line' id='line_1_30' title="bbox 167 2135 1618 2183; baseline 0 -13"><span class='ocrx_word' id='word_1_298' title='bbox 167 2135 367 2171; x_wconf 81' lang='lat' dir='ltr'><strong>retulerunt.</strong></span> <span class='ocrx_word' id='word_1_299' title='bbox 413 2138 448 2171; x_wconf 86' lang='lat' dir='ltr'><em>et</em></span> <span class='ocrx_word' id='word_1_300' title='bbox 467 2136 551 2170; x_wconf 88' lang='lat' dir='ltr'><strong>haec</strong></span> <span class='ocrx_word' id='word_1_301' title='bbox 574 2136 707 2181; x_wconf 89' lang='lat' dir='ltr'><strong>quidem</strong></span> <span class='ocrx_word' id='word_1_302' title='bbox 722 2136 772 2170; x_wconf 86' lang='lat' dir='ltr'><em>ita</em></span> <span class='ocrx_word' id='word_1_303' title='bbox 787 2147 825 2171; x_wconf 88' lang='lat' dir='ltr'><strong>se</strong></span> <span class='ocrx_word' id='word_1_304' title='bbox 841 2137 999 2171; x_wconf 81' lang='lat' dir='ltr'>habuere.</span> <span class='ocrx_word' id='word_1_305' title='bbox 1044 2136 1225 2183; x_wconf 87' lang='lat' dir='ltr'><strong>imperator</strong></span> <span class='ocrx_word' id='word_1_306' title='bbox 1242 2148 1326 2171; x_wconf 85' lang='lat' dir='ltr'><strong>vero</strong></span> <span class='ocrx_word' id='word_1_307' title='bbox 1342 2135 1487 2172; x_wconf 86' lang='lat' dir='ltr'><strong>Ioannes</strong></span> <span class='ocrx_word' id='word_1_308' title='bbox 1500 2146 1618 2170; x_wconf 85' lang='lat' dir='ltr'><strong>rursus</strong></span> 
     </span>
     <span class='ocr_line' id='line_1_31' title="bbox 167 2182 1619 2227; baseline -0.001 -11"><span class='ocrx_word' id='word_1_309' title='bbox 167 2183 241 2216; x_wconf 69' lang='lat' dir='ltr'><strong>cum</strong></span> <span class='ocrx_word' id='word_1_310' title='bbox 256 2182 369 2216; x_wconf 76' lang='lat' dir='ltr'><strong>Asana</strong></span> <span class='ocrx_word' id='word_1_311' title='bbox 384 2193 502 2226; x_wconf 88' lang='lat' dir='ltr'><strong>pacem</strong></span> <span class='ocrx_word' id='word_1_312' title='bbox 517 2183 648 2224; x_wconf 80' lang='lat' dir='ltr'>sanxit,</span> <span class='ocrx_word' id='word_1_313' title='bbox 673 2187 708 2216; x_wconf 85' lang='lat' dir='ltr'><em>et</em></span> <span class='ocrx_word' id='word_1_314' title='bbox 731 2182 898 2217; x_wconf 78' lang='lat' dir='ltr'><strong>affinitate</strong></span> <span class='ocrx_word' id='word_1_315' title='bbox 913 2183 1010 2216; x_wconf 90' lang='lat' dir='ltr'><strong>ambo</strong></span> <span class='ocrx_word' id='word_1_316' title='bbox 1025 2183 1268 2217; x_wconf 80' lang='lat' dir='ltr'>vinciebantur.</span> <span class='ocrx_word' id='word_1_317' title='bbox 1314 2183 1446 2216; x_wconf 84' lang='lat' dir='ltr'><strong>Asanus</strong></span> <span class='ocrx_word' id='word_1_318' title='bbox 1469 2182 1619 2227; x_wconf 88' lang='lat' dir='ltr'><strong>quamvis</strong></span> 
     </span>
     <span class='ocr_line' id='line_1_32' title="bbox 167 2226 1619 2273; baseline -0.001 -12"><span class='ocrx_word' id='word_1_319' title='bbox 167 2237 242 2261; x_wconf 78' lang='lat' dir='ltr'><strong>cum</strong></span> <span class='ocrx_word' id='word_1_320' title='bbox 255 2226 468 2262; x_wconf 81' lang='lat' dir='ltr'><strong>iureiurando</strong></span> <span class='ocrx_word' id='word_1_321' title='bbox 486 2228 625 2262; x_wconf 78' lang='lat' dir='ltr'><strong>foedera</strong></span> <span class='ocrx_word' id='word_1_322' title='bbox 641 2228 826 2273; x_wconf 86' lang='lat' dir='ltr'><strong>composita</strong></span> <span class='ocrx_word' id='word_1_323' title='bbox 842 2239 907 2262; x_wconf 88' lang='lat' dir='ltr'><em>non</em></span> <span class='ocrx_word' id='word_1_324' title='bbox 924 2228 1018 2262; x_wconf 90' lang='lat' dir='ltr'><strong>nimis</strong></span> <span class='ocrx_word' id='word_1_325' title='bbox 1033 2229 1132 2262; x_wconf 83' lang='lat' dir='ltr'>anxie</span> <span class='ocrx_word' id='word_1_326' title='bbox 1148 2229 1366 2270; x_wconf 79' lang='lat' dir='ltr'><strong>observaret,</strong></span> <span class='ocrx_word' id='word_1_327' title='bbox 1390 2233 1545 2272; x_wconf 75' lang='lat' dir='ltr'><strong>tanquam</strong></span> <span class='ocrx_word' id='word_1_328' title='bbox 1560 2226 1619 2271; x_wconf 90' lang='lat' dir='ltr'><em>qui</em></span> 
     </span>
     <span class='ocr_line' id='line_1_33' title="bbox 166 2272 1620 2318; baseline 0 -12"><span class='ocrx_word' id='word_1_329' title='bbox 166 2272 225 2306; x_wconf 81' lang='lat' dir='ltr'><strong>vel</strong></span> <span class='ocrx_word' id='word_1_330' title='bbox 251 2273 382 2307; x_wconf 86' lang='lat' dir='ltr'><strong>minimo</strong></span> <span class='ocrx_word' id='word_1_331' title='bbox 409 2273 631 2308; x_wconf 87' lang='lat' dir='ltr'><strong>emolumento</strong></span> <span class='ocrx_word' id='word_1_332' title='bbox 655 2274 719 2308; x_wconf 84' lang='lat' dir='ltr'>sibi</span> <span class='ocrx_word' id='word_1_333' title='bbox 745 2274 915 2318; x_wconf 85' lang='lat' dir='ltr'><strong>proposito</strong></span> <span class='ocrx_word' id='word_1_334' title='bbox 939 2274 1012 2307; x_wconf 85' lang='lat' dir='ltr'><strong>iura</strong></span> <span class='ocrx_word' id='word_1_335' title='bbox 1037 2274 1198 2315; x_wconf 81' lang='lat' dir='ltr'><strong>violaret,</strong></span> <span class='ocrx_word' id='word_1_336' title='bbox 1222 2274 1256 2307; x_wconf 93' lang='lat' dir='ltr'><strong>in</strong></span> <span class='ocrx_word' id='word_1_337' title='bbox 1279 2278 1400 2318; x_wconf 86' lang='lat' dir='ltr'><strong>aperto</strong></span> <span class='ocrx_word' id='word_1_338' title='bbox 1415 2278 1452 2307; x_wconf 84' lang='lat' dir='ltr'><em>et</em></span> <span class='ocrx_word' id='word_1_339' title='bbox 1467 2272 1620 2307; x_wconf 85' lang='lat' dir='ltr'><strong>simulate</strong></span> 
     </span>
     <span class='ocr_line' id='line_1_34' title="bbox 167 2316 1242 2364; baseline 0.003 -13"><span class='ocrx_word' id='word_1_340' title='bbox 167 2316 347 2352; x_wconf 69' lang='lat' dir='ltr'><strong>amicitiam</strong></span> <span class='ocrx_word' id='word_1_341' title='bbox 362 2319 496 2354; x_wconf 84' lang='lat' dir='ltr'><strong>colebat</strong></span> <span class='ocrx_word' id='word_1_342' title='bbox 507 2345 518 2362; x_wconf 90' lang='lat'>,</span> <span class='ocrx_word' id='word_1_343' title='bbox 543 2323 578 2354; x_wconf 86' lang='lat' dir='ltr'><em>et</em></span> <span class='ocrx_word' id='word_1_344' title='bbox 593 2330 678 2364; x_wconf 85' lang='lat' dir='ltr'><strong>quae</strong></span> <span class='ocrx_word' id='word_1_345' title='bbox 695 2320 874 2353; x_wconf 83' lang='lat' dir='ltr'><strong>amicorum</strong></span> <span class='ocrx_word' id='word_1_346' title='bbox 891 2325 987 2353; x_wconf 86' lang='lat' dir='ltr'><strong>erant</strong></span> <span class='ocrx_word' id='word_1_347' title='bbox 1002 2320 1242 2364; x_wconf 85' lang='lat' dir='ltr'><strong>exequebatur.</strong></span> 
     </span>
    </p>

    <p class='ocr_par' dir='ltr' id='par_1_12' title="bbox 166 2362 1619 2911">
     <span class='ocr_line' id='line_1_35' title="bbox 257 2362 1619 2410; baseline -0.002 -12"><span class='ocrx_word' id='word_1_348' title='bbox 257 2362 314 2398; x_wconf 78' lang='lat'><em>58.</em></span> <span class='ocrx_word' id='word_1_349' title='bbox 358 2364 426 2398; x_wconf 76' lang='lat' dir='ltr'><em>Hic</em></span> <span class='ocrx_word' id='word_1_350' title='bbox 452 2376 534 2409; x_wconf 81' lang='lat' dir='ltr'><strong>ergo</strong></span> <span class='ocrx_word' id='word_1_351' title='bbox 558 2376 683 2407; x_wconf 85' lang='lat' dir='ltr'><strong>uxore,</strong></span> <span class='ocrx_word' id='word_1_352' title='bbox 706 2376 805 2410; x_wconf 86' lang='lat' dir='ltr'><strong>quam</strong></span> <span class='ocrx_word' id='word_1_353' title='bbox 821 2366 995 2409; x_wconf 86' lang='lat' dir='ltr'><strong>Ungaram</strong></span> <span class='ocrx_word' id='word_1_354' title='bbox 1014 2366 1117 2399; x_wconf 83' lang='lat' dir='ltr'><strong>fuisse</strong></span> <span class='ocrx_word' id='word_1_355' title='bbox 1132 2363 1441 2410; x_wconf 58' lang='lat' dir='ltr'><strong>praenarrafimus,</strong></span> <span class='ocrx_word' id='word_1_356' title='bbox 1465 2363 1619 2409; x_wconf 82' lang='lat' dir='ltr'><strong>privatus</strong></span> 
     </span>
     <span class='ocr_line' id='line_1_36' title="bbox 168 2406 1618 2456; baseline -0.001 -14"><span class='ocrx_word' id='word_1_357' title='bbox 168 2406 272 2442; x_wconf 81' lang='lat' dir='ltr'><strong>filiam</strong></span> <span class='ocrx_word' id='word_1_358' title='bbox 301 2408 423 2454; x_wconf 82' lang='lat' dir='ltr'><strong>Angeli</strong></span> <span class='ocrx_word' id='word_1_359' title='bbox 451 2410 627 2445; x_wconf 83' lang='lat' dir='ltr'><strong>Theodori</strong></span> <span class='ocrx_word' id='word_1_360' title='bbox 654 2411 806 2455; x_wconf 89' lang='lat' dir='ltr'><strong>lrenem,</strong></span> <span class='ocrx_word' id='word_1_361' title='bbox 842 2412 950 2445; x_wconf 86' lang='lat' dir='ltr'><strong>forma</strong></span> <span class='ocrx_word' id='word_1_362' title='bbox 976 2411 1190 2456; x_wconf 77' lang='lat' dir='ltr'><strong>conspicuam</strong></span> <span class='ocrx_word' id='word_1_363' title='bbox 1214 2414 1249 2444; x_wconf 84' lang='lat' dir='ltr'><em>et</em></span> <span class='ocrx_word' id='word_1_364' title='bbox 1267 2421 1412 2455; x_wconf 89' lang='lat' dir='ltr'><strong>corpore</strong></span> <span class='ocrx_word' id='word_1_365' title='bbox 1432 2421 1618 2455; x_wconf 81' lang='lat' dir='ltr'><strong>proceram,</strong></span> 
     </span>
     <span class='ocr_line' id='line_1_37' title="bbox 167 2452 1618 2502; baseline 0 -15"><span class='ocrx_word' id='word_1_366' title='bbox 167 2452 287 2487; x_wconf 69' lang='lat' dir='ltr'><strong>fmtds</strong></span> <span class='ocrx_word' id='word_1_367' title='bbox 311 2454 444 2499; x_wconf 80' lang='lat' dir='ltr'><strong>paterni</strong></span> <span class='ocrx_word' id='word_1_368' title='bbox 469 2455 788 2501; x_wconf 77' lang='lat' dir='ltr'><strong>consanguinitatem</strong></span> <span class='ocrx_word' id='word_1_369' title='bbox 802 2482 812 2498; x_wconf 92' lang='lat'>‚</span> <span class='ocrx_word' id='word_1_370' title='bbox 845 2456 902 2501; x_wconf 90' lang='lat' dir='ltr'><em>qui</em></span> <span class='ocrx_word' id='word_1_371' title='bbox 917 2467 988 2490; x_wconf 87' lang='lat' dir='ltr'><strong>cum</strong></span> <span class='ocrx_word' id='word_1_372' title='bbox 1005 2456 1076 2490; x_wconf 89' lang='lat' dir='ltr'><strong>filia</strong></span> <span class='ocrx_word' id='word_1_373' title='bbox 1089 2467 1152 2490; x_wconf 87' lang='lat' dir='ltr'><em>sua</em></span> <span class='ocrx_word' id='word_1_374' title='bbox 1167 2468 1186 2489; x_wconf 88' lang='lat' dir='ltr'><strong>e</strong></span> <span class='ocrx_word' id='word_1_375' title='bbox 1200 2456 1322 2502; x_wconf 78' lang='lat' dir='ltr'><strong>pellice</strong></span> <span class='ocrx_word' id='word_1_376' title='bbox 1337 2459 1497 2500; x_wconf 85' lang='lat' dir='ltr'><strong>suscepta</strong></span> <span class='ocrx_word' id='word_1_377' title='bbox 1513 2455 1618 2488; x_wconf 80' lang='lat' dir='ltr'><strong>cuba-</strong></span> 
     </span>
     <span class='ocr_line' id='line_1_38' title="bbox 167 2498 1619 2546; baseline 0 -14"><span class='ocrx_word' id='word_1_378' title='bbox 167 2499 251 2540; x_wconf 80' lang='lat' dir='ltr'><strong>bat,</strong></span> <span class='ocrx_word' id='word_1_379' title='bbox 283 2498 373 2533; x_wconf 85' lang='lat' dir='ltr'><strong>haud</strong></span> <span class='ocrx_word' id='word_1_380' title='bbox 396 2501 580 2544; x_wconf 76' lang='lat' dir='ltr'><strong>reveritus,</strong></span> <span class='ocrx_word' id='word_1_381' title='bbox 612 2502 677 2536; x_wconf 88' lang='lat' dir='ltr'><strong>sibi</strong></span> <span class='ocrx_word' id='word_1_382' title='bbox 703 2501 912 2536; x_wconf 82' lang='lat' dir='ltr'><strong>matrimonio</strong></span> <span class='ocrx_word' id='word_1_383' title='bbox 931 2501 1050 2546; x_wconf 85' lang='lat' dir='ltr'><strong>iungit.</strong></span> <span class='ocrx_word' id='word_1_384' title='bbox 1099 2506 1195 2536; x_wconf 88' lang='lat' dir='ltr'><strong>erant</strong></span> <span class='ocrx_word' id='word_1_385' title='bbox 1210 2501 1394 2536; x_wconf 88' lang='lat' dir='ltr'><strong>Theodoro</strong></span> <span class='ocrx_word' id='word_1_386' title='bbox 1416 2500 1544 2544; x_wconf 85' lang='lat' dir='ltr'><strong>Angelo</strong></span> <span class='ocrx_word' id='word_1_387' title='bbox 1560 2499 1619 2532; x_wconf 80' lang='lat' dir='ltr'><strong>filii</strong></span> 
     </span>
     <span class='ocr_line' id='line_1_39' title="bbox 168 2543 1619 2591; baseline 0.001 -14"><span class='ocrx_word' id='word_1_388' title='bbox 168 2543 307 2578; x_wconf 72' lang='lat' dir='ltr'><strong>masculi</strong></span> <span class='ocrx_word' id='word_1_389' title='bbox 330 2544 417 2589; x_wconf 77' lang='lat' dir='ltr'><strong>duc,</strong></span> <span class='ocrx_word' id='word_1_390' title='bbox 439 2545 580 2581; x_wconf 77' lang='lat' dir='ltr'><strong>Ioannes</strong></span> <span class='ocrx_word' id='word_1_391' title='bbox 599 2552 634 2581; x_wconf 89' lang='lat' dir='ltr'><em>et</em></span> <span class='ocrx_word' id='word_1_392' title='bbox 648 2547 841 2581; x_wconf 83' lang='lat' dir='ltr'><strong>Demetrius</strong></span> <span class='ocrx_word' id='word_1_393' title='bbox 856 2573 865 2590; x_wconf 88' lang='lat'>‚</span> <span class='ocrx_word' id='word_1_394' title='bbox 892 2551 926 2582; x_wconf 86' lang='lat' dir='ltr'><em>et</em></span> <span class='ocrx_word' id='word_1_395' title='bbox 941 2548 1026 2581; x_wconf 89' lang='lat' dir='ltr'><strong>duae</strong></span> <span class='ocrx_word' id='word_1_396' title='bbox 1044 2547 1184 2581; x_wconf 77' lang='lat' dir='ltr'><strong>feminae</strong></span> <span class='ocrx_word' id='word_1_397' title='bbox 1196 2575 1206 2591; x_wconf 90' lang='lat'>‚</span> <span class='ocrx_word' id='word_1_398' title='bbox 1230 2549 1326 2581; x_wconf 85' lang='lat' dir='ltr'><strong>Anna</strong></span> <span class='ocrx_word' id='word_1_399' title='bbox 1342 2551 1378 2580; x_wconf 88' lang='lat' dir='ltr'><em>et</em></span> <span class='ocrx_word' id='word_1_400' title='bbox 1392 2546 1483 2579; x_wconf 87' lang='lat' dir='ltr'><strong>dicta</strong></span> <span class='ocrx_word' id='word_1_401' title='bbox 1501 2546 1619 2583; x_wconf 84' lang='lat' dir='ltr'><strong>Ireue;</strong></span> 
     </span>
     <span class='ocr_line' id='line_1_40' title="bbox 168 2590 1619 2637; baseline 0.001 -15"><span class='ocrx_word' id='word_1_402' title='bbox 168 2599 309 2634; x_wconf 83' lang='lat' dir='ltr'><strong>quacum</strong></span> <span class='ocrx_word' id='word_1_403' title='bbox 325 2590 456 2625; x_wconf 81' lang='lat' dir='ltr'><strong>Asanus</strong></span> <span class='ocrx_word' id='word_1_404' title='bbox 470 2591 556 2626; x_wconf 87' lang='lat' dir='ltr'><strong>filios</strong></span> <span class='ocrx_word' id='word_1_405' title='bbox 571 2592 687 2627; x_wconf 77' lang='lat' dir='ltr'><strong>habuit</strong></span> <span class='ocrx_word' id='word_1_406' title='bbox 701 2597 782 2634; x_wconf 79' lang='lat' dir='ltr'><strong>tres,</strong></span> <span class='ocrx_word' id='word_1_407' title='bbox 801 2593 1001 2627; x_wconf 89' lang='lat' dir='ltr'><strong>Michaelem</strong></span> <span class='ocrx_word' id='word_1_408' title='bbox 1016 2593 1232 2627; x_wconf 86' lang='lat' dir='ltr'><strong>Theodoram</strong></span> <span class='ocrx_word' id='word_1_409' title='bbox 1248 2592 1402 2627; x_wconf 86' lang='lat' dir='ltr'><strong>Mariam.</strong></span> <span class='ocrx_word' id='word_1_410' title='bbox 1437 2602 1499 2637; x_wconf 86' lang='lat' dir='ltr'><em>pro</em></span> <span class='ocrx_word' id='word_1_411' title='bbox 1526 2595 1619 2624; x_wconf 84' lang='lat' dir='ltr'><strong>terea</strong></span> 
     </span>
     <span class='ocr_line' id='line_1_41' title="bbox 167 2634 1619 2683; baseline 0.001 -15"><span class='ocrx_word' id='word_1_412' title='bbox 167 2634 311 2669; x_wconf 71' lang='lat' dir='ltr'><strong>vinculis</strong></span> <span class='ocrx_word' id='word_1_413' title='bbox 325 2635 453 2670; x_wconf 68' lang='lat' dir='ltr'><strong>solutus</strong></span> <span class='ocrx_word' id='word_1_414' title='bbox 470 2637 618 2681; x_wconf 77' lang='lat' dir='ltr'><strong>Angelus</strong></span> <span class='ocrx_word' id='word_1_415' title='bbox 633 2638 851 2680; x_wconf 86' lang='lat' dir='ltr'><strong>Theodorus,</strong></span> <span class='ocrx_word' id='word_1_416' title='bbox 875 2639 924 2673; x_wconf 87' lang='lat' dir='ltr'><em>ita</em></span> <span class='ocrx_word' id='word_1_417' title='bbox 939 2650 1065 2683; x_wconf 85' lang='lat' dir='ltr'><strong>genero</strong></span> <span class='ocrx_word' id='word_1_418' title='bbox 1083 2639 1153 2672; x_wconf 88' lang='lat' dir='ltr'><strong>eius</strong></span> <span class='ocrx_word' id='word_1_419' title='bbox 1169 2639 1283 2671; x_wconf 88' lang='lat' dir='ltr'><strong>Asano</strong></span> <span class='ocrx_word' id='word_1_420' title='bbox 1300 2643 1479 2679; x_wconf 85' lang='lat' dir='ltr'><strong>annuente,</strong></span> <span class='ocrx_word' id='word_1_421' title='bbox 1541 2637 1619 2669; x_wconf 89' lang='lat' dir='ltr'><strong>hes-</strong></span> 
     </span>
     <span class='ocr_line' id='line_1_42' title="bbox 167 2680 1618 2731; baseline -0.001 -16"><span class='ocrx_word' id='word_1_422' title='bbox 167 2680 335 2715; x_wconf 81' lang='lat' dir='ltr'><strong>salonicae</strong></span> <span class='ocrx_word' id='word_1_423' title='bbox 357 2686 390 2714; x_wconf 83' lang='lat' dir='ltr'><em>et</em></span> <span class='ocrx_word' id='word_1_424' title='bbox 412 2681 590 2717; x_wconf 78' lang='lat' dir='ltr'><strong>universae</strong></span> <span class='ocrx_word' id='word_1_425' title='bbox 604 2684 771 2728; x_wconf 80' lang='lat' dir='ltr'><strong>regionis,</strong></span> <span class='ocrx_word' id='word_1_426' title='bbox 796 2685 848 2718; x_wconf 90' lang='lat' dir='ltr'><em>cui</em></span> <span class='ocrx_word' id='word_1_427' title='bbox 863 2684 934 2731; x_wconf 90' lang='lat' dir='ltr'><strong>ipse</strong></span> <span class='ocrx_word' id='word_1_428' title='bbox 948 2684 1042 2730; x_wconf 85' lang='lat' dir='ltr'><strong>prius</strong></span> <span class='ocrx_word' id='word_1_429' title='bbox 1057 2684 1262 2728; x_wconf 78' lang='lat' dir='ltr'><strong>imperabat,</strong></span> <span class='ocrx_word' id='word_1_430' title='bbox 1284 2682 1458 2729; x_wconf 76' lang='lat' dir='ltr'><strong>imperium</strong></span> <span class='ocrx_word' id='word_1_431' title='bbox 1474 2693 1618 2725; x_wconf 88' lang='lat' dir='ltr'><strong>recupe-</strong></span> 
     </span>
     <span class='ocr_line' id='line_1_43' title="bbox 166 2725 1616 2774; baseline -0.001 -14"><span class='ocrx_word' id='word_1_432' title='bbox 166 2737 246 2760; x_wconf 87' lang='lat' dir='ltr'><strong>rare</strong></span> <span class='ocrx_word' id='word_1_433' title='bbox 270 2725 414 2760; x_wconf 85' lang='lat' dir='ltr'><strong>animum</strong></span> <span class='ocrx_word' id='word_1_434' title='bbox 436 2725 584 2772; x_wconf 86' lang='lat' dir='ltr'><strong>induxit,</strong></span> <span class='ocrx_word' id='word_1_435' title='bbox 606 2730 790 2774; x_wconf 82' lang='lat' dir='ltr'><strong>paucisque</strong></span> <span class='ocrx_word' id='word_1_436' title='bbox 816 2730 860 2764; x_wconf 90' lang='lat' dir='ltr'><em>ab</em></span> <span class='ocrx_word' id='word_1_437' title='bbox 887 2732 998 2764; x_wconf 85' lang='lat' dir='ltr'><strong>Asano</strong></span> <span class='ocrx_word' id='word_1_438' title='bbox 1022 2729 1187 2773; x_wconf 87' lang='lat' dir='ltr'><strong>acceptis,</strong></span> <span class='ocrx_word' id='word_1_439' title='bbox 1213 2739 1286 2762; x_wconf 87' lang='lat' dir='ltr'><strong>curn</strong></span> <span class='ocrx_word' id='word_1_440' title='bbox 1302 2728 1413 2774; x_wconf 79' lang='lat' dir='ltr'><strong>palam</strong></span> <span class='ocrx_word' id='word_1_441' title='bbox 1427 2728 1462 2761; x_wconf 90' lang='lat' dir='ltr'><strong>in</strong></span> <span class='ocrx_word' id='word_1_442' title='bbox 1477 2729 1616 2761; x_wconf 84' lang='lat' dir='ltr'><strong>fratrem</strong></span> 
     </span>
     <span class='ocr_line' id='line_1_44' title="bbox 166 2771 1614 2821; baseline -0.002 -15"><span class='ocrx_word' id='word_1_443' title='bbox 166 2771 356 2806; x_wconf 85' lang='lat' dir='ltr'><strong>Manuelem</strong></span> <span class='ocrx_word' id='word_1_444' title='bbox 380 2783 472 2806; x_wconf 83' lang='lat' dir='ltr'><strong>arma</strong></span> <span class='ocrx_word' id='word_1_445' title='bbox 494 2784 615 2819; x_wconf 84' lang='lat' dir='ltr'><strong>capere</strong></span> <span class='ocrx_word' id='word_1_446' title='bbox 636 2786 702 2809; x_wconf 90' lang='lat' dir='ltr'><em>non</em></span> <span class='ocrx_word' id='word_1_447' title='bbox 729 2779 864 2821; x_wconf 82' lang='lat' dir='ltr'><strong>posset,</strong></span> <span class='ocrx_word' id='word_1_448' title='bbox 888 2775 970 2810; x_wconf 89' lang='lat' dir='ltr'><strong>clam</strong></span> <span class='ocrx_word' id='word_1_449' title='bbox 994 2775 1177 2818; x_wconf 83' lang='lat' dir='ltr'><strong>ingressum</strong></span> <span class='ocrx_word' id='word_1_450' title='bbox 1192 2774 1454 2808; x_wconf 79' lang='lat' dir='ltr'><strong>Thessalonicae</strong></span> <span class='ocrx_word' id='word_1_451' title='bbox 1468 2772 1614 2806; x_wconf 89' lang='lat' dir='ltr'><strong>molitur.</strong></span> 
     </span>
     <span class='ocr_line' id='line_1_45' title="bbox 167 2816 1616 2864; baseline -0.002 -13"><span class='ocrx_word' id='word_1_452' title='bbox 167 2816 216 2853; x_wconf 79' lang='lat' dir='ltr'><strong>sic</strong></span> <span class='ocrx_word' id='word_1_453' title='bbox 229 2817 376 2852; x_wconf 74' lang='lat' dir='ltr'><strong>sordidis</strong></span> <span class='ocrx_word' id='word_1_454' title='bbox 391 2817 510 2862; x_wconf 81' lang='lat' dir='ltr'><strong>pannis</strong></span> <span class='ocrx_word' id='word_1_455' title='bbox 526 2819 666 2854; x_wconf 81' lang='lat' dir='ltr'><strong>vestitus</strong></span> <span class='ocrx_word' id='word_1_456' title='bbox 681 2821 796 2855; x_wconf 88' lang='lat' dir='ltr'><strong>urbem</strong></span> <span class='ocrx_word' id='word_1_457' title='bbox 812 2820 937 2854; x_wconf 81' lang='lat' dir='ltr'><strong>furtive</strong></span> <span class='ocrx_word' id='word_1_458' title='bbox 953 2819 1149 2864; x_wconf 85' lang='lat' dir='ltr'><strong>ingreditur.</strong></span> <span class='ocrx_word' id='word_1_459' title='bbox 1198 2830 1272 2853; x_wconf 90' lang='lat' dir='ltr'><strong>cum</strong></span> <span class='ocrx_word' id='word_1_460' title='bbox 1298 2831 1379 2854; x_wconf 90' lang='lat' dir='ltr'><strong>vero</strong></span> <span class='ocrx_word' id='word_1_461' title='bbox 1396 2818 1516 2863; x_wconf 90' lang='lat' dir='ltr'><strong>quibus</strong></span> <span class='ocrx_word' id='word_1_462' title='bbox 1533 2827 1616 2849; x_wconf 90' lang='lat' dir='ltr'><strong>con-</strong></span> 
     </span>
     <span class='ocr_line' id='line_1_46' title="bbox 169 2860 1613 2911; baseline -0.001 -15"><span class='ocrx_word' id='word_1_463' title='bbox 169 2862 341 2908; x_wconf 71' lang='lat' dir='ltr'><strong>cupierat,</strong></span> <span class='ocrx_word' id='word_1_464' title='bbox 364 2862 430 2897; x_wconf 83' lang='lat' dir='ltr'><strong>illis</strong></span> <span class='ocrx_word' id='word_1_465' title='bbox 453 2863 581 2898; x_wconf 84' lang='lat' dir='ltr'><strong>scilicet</strong></span> <span class='ocrx_word' id='word_1_466' title='bbox 606 2875 689 2909; x_wconf 89' lang='lat' dir='ltr'><strong>quos</strong></span> <span class='ocrx_word' id='word_1_467' title='bbox 703 2866 776 2911; x_wconf 86' lang='lat' dir='ltr'><strong>ipse</strong></span> <span class='ocrx_word' id='word_1_468' title='bbox 795 2865 829 2900; x_wconf 89' lang='lat' dir='ltr'><strong>in</strong></span> <span class='ocrx_word' id='word_1_469' title='bbox 844 2866 945 2901; x_wconf 82' lang='lat' dir='ltr'><strong>rebus</strong></span> <span class='ocrx_word' id='word_1_470' title='bbox 959 2864 1129 2911; x_wconf 79' lang='lat' dir='ltr'><strong>prosperis</strong></span> <span class='ocrx_word' id='word_1_471' title='bbox 1144 2863 1208 2900; x_wconf 85' lang='lat' dir='ltr'><strong>sibi</strong></span> <span class='ocrx_word' id='word_1_472' title='bbox 1223 2869 1257 2900; x_wconf 91' lang='lat' dir='ltr'><em>et</em></span> <span class='ocrx_word' id='word_1_473' title='bbox 1270 2875 1383 2900; x_wconf 87' lang='lat' dir='ltr'><strong>amore</strong></span> <span class='ocrx_word' id='word_1_474' title='bbox 1401 2868 1434 2897; x_wconf 89' lang='lat' dir='ltr'><em>et</em></span> <span class='ocrx_word' id='word_1_475' title='bbox 1451 2860 1613 2897; x_wconf 88' lang='lat' dir='ltr'><strong>beneficio</strong></span> 
     </span>
    </p>
   </div>
   <div class='ocr_carea' id='block_1_6' title="bbox 222 2911 1337 2962">
    <p class='ocr_par' dir='ltr' id='par_1_13' title="bbox 222 2911 1337 2962">
     <span class='ocr_line' id='line_1_47' title="bbox 222 2911 1337 2962; baseline 0.002 -13"><span class='ocrx_word' id='word_1_476' title='bbox 222 2915 350 2961; x_wconf 82' lang='lat' dir='ltr'><strong>Georg.</strong></span> <span class='ocrx_word' id='word_1_477' title='bbox 382 2917 539 2962; x_wconf 74' lang='lat' dir='ltr'><strong>Acropol.</strong></span> <span class='ocrx_word' id='word_1_478' title='bbox 568 2917 693 2951; x_wconf 84' lang='lat' dir='ltr'><strong>Annal.</strong></span> <span class='ocrx_word' id='word_1_479' title='bbox 1314 2911 1337 2951; x_wconf 85' lang='lat'><strong>5</strong></span> 
     </span>
    </p>
   </div>
  </div>
 </body>
</html>
