1924 3242
731 232 984 277 ANNALES.
1142 224 1143 227 ¹
1521 234 1584 280 67

149 343 410 403 τᾷν’.’σῖκείων
430 349 614 402 ’γραφαῖς
639 343 713 400 τὴν
742 344 868 389 αὐτοῦ’
890 342 1183 404 παρασημάνας
1219 344 1394 404 ἔφοδον,
1419 347 1512 397 τοὺς
1540 347 1584 390 δὲ

147 405 375 465 ὗποθέλξας
404 419 493 464 ταῖς
520 411 800 468 ὑποσχέσεσιν,
846 414 893 457 οὗ
921 415 989 457 διὰ
1021 418 1179 457 πολλῶν
1213 416 1465 472 συνηθροίκει
1495 417 1583 472 περὶ

150 481 272 526 αῧτὸν
290 478 519 539 στράτευμα
527 513 542 534 ,
571 476 669 539 ἦρξέ
687 499 728 525 τε
751 480 981 539 Φαρσάλων
999 484 1066 524 καὶ
1089 485 1307 540 Λαρίσσης
1327 485 1394 525 καὶ
1413 485 1583 536 Πλατα-

147 554 282 606 μῶνος
299 552 365 592 καὶ
385 553 465 592 τῶν
482 552 572 607 περὶ
589 554 730 593 ταῦτα.
772 548 855 593 εἶτα
875 551 918 592 δὲ
935 550 1112 600 σπονδὰς
1127 550 1392 605 ποιησάμενος
1410 555 1584 606 συνῆλθε

116 616 293 661 &rodum
320 624 404 669 τοῖς
424 617 615 679 ἀδελφοῖς
622 651 636 670 ,
670 622 729 677 τῷ
748 636 789 662 τε
808 619 1099 676 Κωνσταντίνῳ
1121 620 1186 660 καὶ
1215 618 1433 677 Θεοδώρῳ·
1469 617 1490 661 ὅ
1512 620 1584 674 μὲν

147 686 226 743 γὰρ
246 682 548 737 Κωνσταντῒνος
568 685 761 742 δεσπότης
767 720 781 740 ,
809 685 864 738 ὥς
881 686 1052 744 ἔφημεν,
1087 684 1142 727 ὢν
1158 681 1278 742 ἦρχεν
1296 681 1351 728 ὧν
1371 685 1585 743 εἰρήκειμεν

149 754 308 811 ἄρχειν,
346 752 368 797 ὃ
402 754 446 796 δὲ
477 752 693 812 Θεόδωρος·
717 750 767 810 ἦν
795 753 816 797 ὃ
847 759 920 798 τοῦ
951 754 1218 812 φημιζομὲνου
1248 755 1290 795 ἐν
1315 754 1587 812 Θεσσαλονίκῃ

143 820 328 865 Ἰωάννου
349 820 495 879 πατήρ.
529 823 610 865 ἐπεὶ
630 823 673 865 δὲ
694 821 902 880 συνῄεσαν,
918 825 1104 865 πείθουσι
1125 823 1191 863 καὶ
1209 819 1333 878 ἄμφω
1348 821 1405 864 τὼ
1425 822 1581 879 ἀδελφά

146 889 217 933 τὸν
239 889 444 945 Μανουὴλ
462 894 542 932 τῶν
562 893 744 933 σπονδῶν
766 892 949 946 ἐκστῆναι
967 895 1048 934 τῶν
1068 890 1167 947 πρὸς
1183 889 1252 932 τὸν
1269 890 1439 943 βασιλέα
1451 889 1586 932 Ἰωάν-

93 968 230 1013 1ονην.
299 955 321 999 ὃ
351 958 396 1000 δὲ
425 956 525 1000 ἑκὼν
561 958 708 1011 ἀέκων,
734 957 788 1009 ὥς
821 958 998 1016 ἔφασκον
1029 959 1066 1000 οἱ
1097 956 1392 1014 παρατυχόντες
1413 961 1479 1001 καὶ
1500 960 1588 1015 περὶ

145 1030 226 1068 τῶν
247 1023 438 1068 τοιούτων
469 1024 615 1076 εἰδότες
622 1058 635 1078 ,
665 1025 873 1083 συνῄνεσεν
895 1026 1028 1070 αὐτῶν
1048 1032 1132 1076 τοῖς
1149 1024 1418 1080 βουλεύμασι,
1452 1030 1518 1069 καὶ
1541 1027 1587 1069 τὸ
1610 1034 1637 1069 Ρ
1661 1036 1706 1072 34

145 1093 224 1136 ἀπὸ
258 1095 376 1136 τοῦδε
409 1091 589 1151 Ιὕπῆρχον
621 1096 916 1149 συνδεδεμένοι,
959 1101 1048 1144 ταῖς
1079 1094 1288 1151 σφετέραις
1317 1093 1473 1151 χώραις
1502 1102 1590 1144 ταῖς

143 1161 449 1219 μεμερισμέναις
483 1162 618 1212 αὐτοῖς
652 1161 889 1220 ἀρκούμενοι
897 1196 912 1217 ,
942 1165 1007 1205 καὶ
1028 1162 1131 1217 μετὰ
1151 1166 1230 1204 τῶν
1250 1163 1291 1204 ἐν
1315 1161 1589 1222 Πελοπονησῳ

145 1231 212 1272 καὶ
232 1230 396 1288 Εὐρίπῳ
413 1231 607 1272 Λατίνων
628 1229 848 1285 συμβάσεις
868 1231 1022 1286 ἔχοντες
1043 1228 1251 1288 εἰρηνικάς.

92 1299 136 1345 15
283 1297 362 1342 39.
434 1298 495 1339 Οῧ
516 1298 642 1347 πολὺς
661 1298 866 1356 παρερρύη
884 1297 1030 1356 χρόνος
1040 1330 1066 1352 ,,
1096 1300 1161 1340 καὶ
1184 1296 1204 1339 ὅ
1229 1297 1433 1351 Μανουὴλ
1455 1297 1497 1347 ἓξ
1519 1297 1590 1339 ἄν·

145 1362 326 1422 θρῶπων
348 1365 495 1425 ἐγένετο
507 1397 520 1417 ,
567 1363 812 1424 μετάμελος,
856 1365 911 1416 ὡς
932 1365 1063 1421 ἔλεγον
1072 1397 1085 1418 ,
1127 1369 1208 1407 τῶν
1225 1363 1494 1422 παραβάσεων
1512 1369 1605 1407 τῶν

83 1481 93 1492 ⁸
147 1434 248 1491 πρὸς
265 1433 335 1475 τὸν
355 1433 525 1487 βασιλέα
543 1431 761 1489 γενόμενος.
829 1432 995 1489 θνήσκει
1025 1434 1068 1475 ὁέ
1094 1435 1160 1474 καὶ
1188 1431 1214 1487 ἡ
1246 1434 1405 1486 βασιλὶς
1425 1431 1591 1489 Εἰρήνη,

145 1501 244 1557 γυνὴ
273 1499 504 1558 σωφρονική
529 1518 571 1543 τε
604 1503 670 1543 καὶ
698 1502 842 1558 ἀρχικὴ
873 1504 938 1544 καὶ
960 1501 1061 1543 πολὺ
1082 1501 1128 1543 τὸ
1147 1505 1354 1556 μεγαλεῖον
1374 1501 1591 1543 ἐπιδεικνυ-

145 1569 243 1623 μένη
269 1569 315 1611 τὸ
344 1570 562 1622 βασίλειον.
630 1569 761 1627 ἔχαιρε
790 1571 834 1612 δὲ
862 1572 927 1612 καὶ
957 1568 1089 1624 λόγοις
1132 1571 1198 1610 καὶ
1237 1573 1375 1626 σοφῶν
1416 1569 1591 1625 ἠκροᾶτο

90 1636 248 1691 2ομεθ’
281 1634 442 1692 ἡδονῆς.
510 1636 626 1690 ε’τίμα
659 1638 703 1679 δὲ
735 1636 903 1687 τούτους
932 1635 1263 1694 ὑπερβαλλόντως
1271 1669 1284 1688 ,
1332 1634 1387 1685 ὡς
1413 1635 1518 1678 ἴστιν
1550 1638 1594 1678 ἐκ

145 1703 289 1747 τούτου
310 1708 468 1760 γνῶναι.
538 1705 604 1746 καὶ
625 1704 701 1762 γὰρ
726 1705 938 1760 ἐκλείψεως
957 1706 1166 1761 γενομένης
1183 1702 1297 1758 ἡλίου
1318 1704 1387 1746 τὸν
1409 1706 1594 1760 καρκίνον
1614 1714 1644 1749 Β

148 1770 396 1823 διοδεύοντος
416 1773 504 1829 περὶ
522 1775 790 1831 μεσημβρίαν,
826 1774 981 1830 ἐπείπερ
1000 1772 1122 1822 αὐτὸς
1142 1771 1246 1814 οὕτω
1269 1771 1430 1826 συμβὰν
1452 1773 1493 1815 ἓν
1512 1779 1596 1822 τοῖς

237 1903 260 1938 3
283 1901 492 1945 Φαρσαλίοις
514 1902 547 1937 D
669 1902 694 1938 4
717 1901 779 1937 καὶ
800 1903 877 1938 τῶν
891 1922 937 1929 -
954 1899 1202 1947 ποιησάμενος
1223 1901 1291 1935 add
1316 1901 1347 1936 D
1469 1901 1491 1937 5
1513 1903 1595 1936 τοῖν

236 1946 415 1989 ἀδελφοῖν
437 1948 469 1982 D
595 1949 618 1983 6
639 1949 917 1989 Κωνσταντῖνος
939 1945 1032 1983 ὥστε
1054 1946 1120 1991 μὲν
1143 1948 1245 1982 δεσπ.
1266 1947 1299 1982 D
1423 1941 1531 1991 ἦρχεν
1550 1966 1595 1973 -·

236 2005 273 2040 p.
296 1993 341 2028 35
364 1993 394 2027 Β
418 1998 504 2028 extr.
526 1991 752 2038 καλούμενος
772 2005 825 2028 om
843 1994 889 2029 D.

145 2119 188 2143 ac
205 2106 422 2143 familiaribus
437 2106 480 2141 ad
497 2106 558 2141 hos
572 2106 679 2141 literis
704 2106 790 2141 datis
817 2116 909 2140 suum
936 2105 1163 2150 significasset
1185 2104 1383 2148 adventum,
1403 2104 1488 2139 alios
1512 2115 1595 2150 pro-

146 2153 356 2188 missionibus
370 2153 604 2192 demulxisset,
628 2152 718 2186 nullo
736 2152 874 2196 negotio
895 2153 1009 2197 copias
1029 2151 1184 2195 collegit,
1206 2151 1457 2196 Pharsalosque
1474 2154 1509 2184 et
1525 2151 1595 2185 La-

145 2198 264 2234 rissam
279 2203 315 2233 et
330 2197 557 2233 Platamonem
572 2197 637 2232 sibi
654 2197 880 2242 comparavit,
906 2197 1129 2242 convenitque
1144 2207 1216 2230 cum
1233 2196 1396 2229 fratribus
1413 2196 1594 2230 Theodoro

148 2248 186 2279 et
209 2243 441 2279 Constantino.
487 2255 561 2278 nam
584 2243 843 2286 Constantinus,
868 2247 907 2277 ut
920 2242 1080 2285 diximus,
1105 2242 1269 2287 despota,
1295 2253 1380 2286 quae
1396 2252 1594 2276 commemo-

146 2289 314 2334 ravimus,
337 2289 590 2332 dominabatur,
618 2289 821 2323 Tbeodorus
846 2292 920 2322 erat
943 2288 1093 2329 Ioannis,
1117 2288 1174 2332 qui
1201 2287 1463 2320 Thessalonicae
1483 2288 1595 2321 accla-

147 2334 319 2377 mabatur,
343 2339 453 2381 pater.
500 2346 574 2370 cum
598 2335 851 2376 convenissent,
875 2334 970 2368 ambo
995 2334 1118 2367 fratres
1142 2332 1291 2366 Manueli
1305 2333 1447 2366 suadent
1462 2337 1500 2365 ut
1516 2344 1598 2366 cou-

148 2380 297 2414 diciones
319 2386 355 2415 et
378 2380 574 2425 pactiones,
610 2391 692 2425 quas
719 2391 794 2413 cum
818 2379 1021 2425 imperatore
1044 2378 1170 2411 Ioanne
1192 2377 1334 2420 inierat,
1369 2379 1595 2423 perturbaret.

149 2425 207 2459 ille
235 2425 354 2460 volens
382 2425 519 2467 nolens,
552 2430 591 2460 ut
613 2426 671 2470 qui
694 2426 918 2459 interfuerant
941 2428 975 2458 et
997 2433 1107 2457 rerum
1130 2424 1245 2457 harum
1267 2423 1365 2468 periti
1389 2425 1596 2466 asserebant,

150 2470 289 2504 consilio
305 2481 420 2504 eorum
434 2471 626 2516 acquievit3
648 2471 793 2516 indeque
808 2471 895 2504 inter
916 2481 974 2503 eos
990 2468 1138 2503 amicitia
1152 2480 1192 2502 ac
1208 2468 1435 2502 familiaritate
1449 2470 1596 2502 interce-

149 2515 271 2559 dente,
296 2515 412 2550 divisis
435 2516 573 2551 urbibus
597 2517 766 2560 contenti,
789 2526 863 2550 cum
887 2515 1038 2558 Latinis,
1062 2515 1121 2560 qui
1137 2514 1170 2548 in
1186 2514 1316 2559 Euripo
1332 2520 1433 2559 atque
1449 2514 1596 2560 Pelopo-

147 2572 229 2595 neso
245 2565 341 2595 erant
381 2561 518 2595 foedere
530 2561 764 2606 iungebantur.

238 2606 295 2641 39.
340 2588 417 2640 &ec
432 2605 487 2639 diu
502 2612 583 2652 post
596 2608 744 2649 Manuel,
766 2617 840 2641 cum
856 2610 1042 2652 pactorum,
1058 2615 1147 2650 quae
1163 2615 1235 2637 cum
1251 2603 1454 2648 imperatore
1469 2604 1598 2637 Ioanne

148 2651 345 2698 pepigerat,
377 2650 567 2686 violationis
586 2653 680 2698 prius
703 2664 777 2686 eum
800 2652 1038 2697 paenituisset,
1076 2661 1119 2684 ex
1143 2650 1309 2682 hominum
1333 2649 1405 2682 vita
1427 2649 1597 2693 migravit.

147 2697 343 2742 imperatrix
358 2696 458 2730 etiam
474 2697 570 2731 Irene
582 2723 593 2740 ,
615 2698 730 2732 mulier
746 2699 895 2743 prudens
910 2708 951 2731 ac
966 2697 1068 2741 digna
1084 2695 1220 2738 imperio
1236 2720 1245 2736 ‚
1270 2694 1474 2739 multumque
1489 2695 1598 2738 digni-

148 2745 229 2777 tatis
244 2754 284 2776 ac
300 2741 567 2786 magnificentiae
581 2753 663 2787 prae
678 2755 715 2778 se
729 2745 861 2786 ferens,
894 2755 936 2777 ex
962 2743 1026 2776 hac
1053 2741 1152 2774 turba
1179 2743 1214 2773 et
1239 2740 1425 2773 colluvione
1442 2740 1596 2773 decessit.

148 2796 190 2823 ea
205 2788 412 2822 sermonibus
428 2786 658 2822 delectabatur
670 2816 680 2833 ,
713 2796 749 2822 et
763 2789 948 2833 sapientum
965 2785 1222 2829 congressibus,
1246 2796 1330 2829 quos
1346 2785 1476 2818 maximi
1494 2785 1598 2817 sacio-

148 2834 220 2877 bat,
242 2845 309 2868 non
324 2833 395 2868 sine
411 2832 532 2877 gaudio
549 2833 754 2875 attendebat,
778 2839 817 2867 ut
829 2833 905 2867 hinc
919 2833 1094 2867 manifeste
1110 2830 1307 2876 percipitur.
1361 2842 1434 2863 nam
1455 2841 1527 2862 cum
1548 2829 1597 2863 sol

149 2890 306 2915 cancrum
321 2889 505 2926 peragrans
521 2878 658 2914 meridie
672 2878 855 2914 defecisset
868 2904 879 2921 ,
914 2878 1054 2923 ipseque
1079 2887 1161 2910 casu
1182 2875 1216 2910 in
1239 2875 1365 2921 regiam
1384 2875 1598 2910 accessissem
