1924 3242
319 169 384 218 38.
709 167 942 212 GEORGII
965 162 1345 217 AcRoPoLITAE

318 279 422 323 κατὰ
451 277 596 338 κράτος
624 277 646 321 ὃ
676 277 886 334 βασιλεύς,
931 284 1011 324 τῶν
1043 281 1116 336 μὲν
1147 283 1339 326 πλείστων
1364 280 1570 337 Ῥωμαίων
1603 283 1746 337 σχεδὸν

318 348 581 403 ἓξηττημένων
608 346 654 389 τὸ
685 352 864 404 πρῶτον,
910 348 1034 391 αὐτοῦ
1067 350 1111 392 δὲ
1143 355 1216 393 τοῦ
1248 350 1444 404 βασιλέως
1477 349 1570 405 μετ’
1605 350 1746 406 ὀλίγων

197 423 226 464 P
250 424 292 459 19
315 414 417 458 πάνυ
439 415 510 469 τὴν
528 415 638 469 νίκην
655 419 789 458 πᾶσαν
804 417 1121 472 ἐξειργασμένου·
1154 416 1274 468 αὐτός
1285 435 1326 460 τε
1338 417 1414 474 γὰρ
1429 415 1598 475 δόρατος
1608 416 1745 472 ἥψατο

313 485 379 525 καὶ
402 481 587 535 πολέμιον
606 482 723 537 ἔβαλε
745 486 811 526 καὶ
833 484 1011 541 ἀνδρεῖον
1030 485 1071 527 ἓν
1088 486 1219 543 ἐκείνῳ
1237 489 1295 543 τῷ
1314 486 1474 543 πολέμῳ
1493 485 1538 528 τὸ
1558 484 1747 542 φρόνημα

314 549 527 600 ἐνεδείξατο
537 581 552 601 ,
586 550 678 593 οὐδὲ
697 558 780 601 τοΐς
798 550 876 608 πρὸ
901 556 973 594 τοῦ
995 550 1268 608 ἀγνοούμενον.
1332 551 1359 607 ἦ
1389 551 1552 607 τοιαύτη
1581 553 1669 607 νίκη
1691 554 1777 602 εῗςὸ

312 617 499 672 μεγίστην
520 616 683 674 αὔξησιν
705 618 867 675 ἐγεγόνει
886 623 958 673 τῆς
982 624 1062 663 τῶν
1083 618 1289 674 Ῥωμαίων
1310 619 1458 676 ἀρχῆς,
1491 624 1570 662 τῶν
1584 619 1747 662 Ἰταλῶν

314 686 357 726 δὲ
379 685 573 739 συστολὴν
593 688 660 729 καὶ
680 684 943 730 κατάπτωσιν.
1007 687 1101 737 τοὺς
1123 689 1194 742 μὲν
1212 687 1288 744 γὰρ
1318 689 1484 744 ζωγρίας
1504 686 1600 737 τοὺς
1618 687 1747 743 κρείτ-
1801 690 1804 693 ’

312 769 406 802 τους
436 753 566 796 αὐτῶν
595 756 635 797 ἔν
668 758 726 811 τῷ
757 752 923 812 τοιούτῳ
954 755 1113 813 πολέμῳ
1145 754 1166 797 ὃ
1190 755 1378 810 βασιλεὺς
1402 755 1610 808 κατέσχεν,
1644 753 1748 796 ἀλλὰ

316 820 364 873 δὴ
393 821 460 862 καὶ
489 820 582 870 τοὺς
609 821 883 880 αὗταδέλφους
903 821 1171 879 Λασκάριας,
1213 821 1283 872 οὓς
1303 826 1452 879 τυφλοῖ
1463 823 1661 872 ἐπαιτίους
1681 819 1747 864 εὖ-

314 885 414 944 ρών·
441 887 554 929 ἄλλοι
577 889 619 932 δὲ
641 891 781 946 ξίφους
799 890 910 946 ἔργον
931 890 1127 945 ἐγένοντο·
1157 890 1193 932 οἳ
1216 891 1258 932 δὲ
1275 890 1333 944 μὴ
1354 888 1535 940 συνόντες
1557 893 1615 947 τῷ
1629 889 1747 932 πολέ-
1759 895 1802 933 10

313 971 377 1012 μῳ
404 957 528 1015 δειλία
562 955 724 1011 κάτοχοι
756 957 1007 1014 ἐγεγόνεισαν.
1075 959 1142 999 καὶ
1181 959 1301 1014 μέρος
1330 958 1372 1000 δὲ
1399 962 1479 1000 τῶν
1507 958 1669 999 Ἰταλῶν
1701 956 1747 999 τὸ

201 1059 207 1066 ,
264 1028 294 1061 Β
315 1025 476 1079 Σερριῦν
505 1021 676 1081 κάστρον
706 1029 762 1082 τῷ
791 1023 879 1068 τότε
902 1029 1137 1081 πολιορκοῦν
1156 1024 1232 1067 ὑπὸ
1255 1029 1327 1068 τοῦ
1348 1026 1563 1079 Κομνηνοῦ
1584 1022 1747 1066 Θεοδώ-

314 1107 385 1146 ρου
409 1089 690 1145 δεσποζόμενον
699 1124 712 1144 ,
747 1093 828 1135 ἐπεὶ
853 1092 925 1146 τὴν
948 1097 1028 1135 τῶν
1056 1094 1206 1135 οἰκείων
1231 1091 1418 1147 τοιαύτην
1440 1093 1651 1148 ἔπε’γνωκεν
1674 1085 1748 1146 ἦτ-

311 1174 407 1209 ταν,
444 1158 598 1214 ἀπέδρα
627 1160 839 1216 ἐλευθέρας
862 1160 935 1208 τὰς
962 1161 1116 1217 Σέρρας
1145 1158 1393 1202 καταλιπών·
1430 1161 1470 1210 ἒς
1498 1159 1640 1215 μικρὸν
1668 1159 1746 1215 γὰρ

314 1225 364 1266 αὖ
372 1229 424 1282 τῷ
442 1228 587 1282 κομιδῇ
609 1231 681 1268 τοῦ
702 1225 852 1269 ἁλῶναι
871 1222 1014 1281 ἦλθον.
1080 1229 1260 1269 ἐντεῦθεν
1288 1227 1341 1268 τὰ
1359 1230 1439 1269 τῶν
1452 1226 1614 1268 Ἰταλῶν
1633 1225 1747 1268 ἔνθεν
1759 1230 1802 1265 15

311 1293 494 1334 κάκεῖθεν
515 1292 772 1349 διαιρούμενα
799 1292 902 1335 κατά
921 1310 962 1335 τε
981 1293 1052 1346 τὴν
1079 1295 1130 1336 ἕω
1151 1295 1217 1335 καὶ
1238 1293 1310 1346 τὴν
1330 1291 1511 1350 ἑσπέραν,
1545 1294 1612 1334 καὶ
1634 1295 1750 1347 ἴσχυ-

313 1365 398 1415 ροῖς
419 1358 647 1410 ἀντιπάλοις
665 1361 962 1417 προσπταίοντα
984 1364 1041 1417 τῷ
1061 1377 1102 1403 τε
1131 1364 1294 1415 βασιλεῖ’
1313 1359 1476 1417 Ἰωάννῃ
1497 1362 1564 1403 καὶ
1585 1364 1643 1418 τῷ
1659 1362 1747 1403 ,Κο-

311 1430 447 1483 μνηνῷ
482 1426 703 1485 Θεοδώρῳ,
743 1432 905 1482 βασιλεῖ
930 1429 1182 1486 φημιζομένῳ
1211 1429 1278 1470 καὶ
1310 1431 1479 1480 τουτῳΐ,
1523 1426 1748 1485 ἀπήρχοντο

311 1495 579 1536 καταπίπτειν.
648 1496 789 1538 αὐτίκα
810 1500 905 1551 γοῦν
934 1494 955 1536 ὃ
976 1496 1165 1549 βασιλεὺς
1179 1495 1365 1550 Ἰωάννης
1386 1496 1518 1550 ἐπειδὴ
1537 1496 1632 1545 τοὺς
1643 1496 1747 1538 ’Ita-

312 1561 406 1610 λοὺς
427 1563 468 1603 ἓν
488 1566 546 1618 τῷ
567 1564 756 1620 εἰρημένῳ
779 1562 887 1620 τόπῳ
908 1562 1161 1606 καταλελύκει
1170 1595 1185 1615 ,
1218 1564 1269 1605 τὰ
1295 1562 1367 1605 ὑπ’
1400 1564 1554 1605 ἐκείνων
1575 1561 1803 1619 κρατού-20

309 1645 411 1681 μενα
428 1633 507 1671 τῶν
520 1628 725 1683 Ῥωμαίων
745 1628 962 1686 ἐπολιόρκει
980 1629 1176 1688 φρούρια,
1210 1632 1277 1672 καὶ
1304 1629 1439 1684 ἥλισκε
1467 1634 1594 1672 ταῦτα
1621 1632 1748 1685 μηδε-

311 1695 378 1745 νὸς
398 1700 603 1746 τελοῦντος
618 1702 690 1739 τοῦ
702 1696 993 1752 βοηθήσοντος.
1058 1699 1174 1755 μέχρι
1194 1698 1267 1751 μὲν
1291 1695 1367 1754 γάρ
1397 1714 1503 1747 τινος
1529 1697 1568 1740 οἳ
1597 1698 1639 1739 ἐν
1665 1704 1749 1748 τοῖς

403 1803 424 1837 1
448 1801 522 1835 τῶν
540 1821 582 1826 -
599 1802 622 1836 3
635 1800 718 1846 γὰρ]
744 1800 764 1837 ὁ
788 1799 857 1847 γάρ
880 1800 1049 1848 βασιλεὺς
1070 1803 1101 1837 D
1214 1804 1236 1837 9
1259 1802 1491 1847 Λασκαρίους
1512 1803 1544 1836 D
1655 1799 1749 1838 οἷπο-

402 1848 539 1889 τυφλοῖ
567 1844 605 1880 ἐν
639 1847 774 1887 αἰτίαις
803 1848 836 1882 D
974 1851 1017 1883 10
1040 1847 1076 1882 oz
1094 1847 1212 1882 -καὶ
1235 1859 1288 1881 om
1310 1848 1341 1882 D
1477 1849 1518 1882 11
1541 1848 1616 1882 τῶν
1637 1859 1689 1883 om
1714 1849 1746 1882 D

400 1893 447 1925 12
467 1891 518 1937 τῷ
541 1889 624 1926 τότε
648 1893 742 1926 omD
833 1893 877 1928 13
899 1889 950 1932 (ὃς
972 1891 1061 1936 ἔγνω
1084 1890 1150 1937 τήν
1171 1887 1287 1936 ἧτταν
1309 1890 1447 1937 ταύτην
1468 1893 1500 1927 D
1585 1893 1630 1928 14
1651 1891 1746 1927 ἐλευ-

401 1932 699 1980 θέρας-ἦλθον
722 1937 814 1971 omD
918 1937 961 1973 15
981 1937 1089 1972 ἔνθεν
1101 1957 1143 1963 --
1157 1940 1198 1972 19
1208 1938 1460 1982 καταπίπτειν]
1486 1935 1697 1972 ἑστενοῦντο
1714 1938 1746 1972 Ι)

402 1981 446 2014 19
465 1979 596 2015 αὐτίκα
609 1982 699 2025 γοῦν
714 1979 755 2025 ὁ]
782 1979 802 2016 ὁ
818 1979 857 2015 δὲ
878 1983 910 2016 D
1000 1980 1124 2028 ἐπειδὴ
1136 2004 1182 2011 —-
1192 1980 1423 2018 καταλελύκει
1437 1983 1530 2018 omn
1618 1984 1663 2019 21
1679 1993 1745 2027 μη-

403 2023 510 2066 δενὸς
519 2046 565 2052 -
575 2024 782 2071 ἀντείχοντο
806 2038 858 2061 om
876 2028 922 2063 D.

313 2115 470 2159 templum
485 2116 628 2162 positum
643 2118 709 2159 est,
726 2117 897 2152 commisso
911 2117 1053 2171 proelio,
1069 2117 1104 2152 vi
1118 2118 1284 2163 armisque
1298 2119 1435 2163 superat
1447 2116 1628 2163 imperator
1639 2120 1747 2152 marte

313 2160 481 2205 ambiguo,
501 2162 638 2206 primum
653 2162 784 2206 quidem
799 2163 920 2207 potion
937 2164 1157 2198 Romanorum
1172 2169 1267 2209 parte
1280 2164 1457 2205 debellata,
1472 2162 1531 2196 sed
1545 2163 1747 2207 imperatore

313 2204 471 2249 deinceps
482 2241 483 2244 Ἴ
495 2217 569 2240 cum
592 2207 706 2252 paucis
729 2208 903 2242 admodum
925 2209 1084 2252 insignem
1098 2209 1268 2243 victoriam
1283 2208 1417 2252 adepto.
1462 2207 1536 2252 ipse
1550 2208 1671 2242 etenim
1687 2209 1747 2242 lm-

313 2252 399 2282 stam
421 2251 599 2294 contorsit,
633 2252 758 2286 hostem
780 2253 949 2295 confodit,
984 2258 1019 2287 et
1033 2265 1168 2297 magnas
1185 2253 1404 2296 cogitationes
1416 2251 1450 2286 in
1465 2252 1573 2294 beno,
1605 2253 1695 2298 quod
1710 2256 1748 2287 et

313 2293 553 2337 antiquioribus
574 2296 704 2330 minime
725 2297 874 2340 ignotum
889 2299 1016 2340 fuerat,
1045 2298 1325 2332 commonstravit.
1371 2297 1514 2332 victoria
1529 2298 1612 2331 haec
1630 2297 1745 2333 mirum

316 2343 370 2371 est
391 2344 548 2382 quantum
573 2351 627 2373 res
649 2341 819 2375 Romanas
844 2343 1088 2386 sublevaverit,
1118 2343 1221 2377 Italas
1241 2343 1438 2376 imminuerit
1463 2354 1503 2376 ac
1529 2343 1745 2388 depresserit.

314 2383 473 2418 Italorum
497 2385 581 2418 enim
603 2386 900 2430 praestantissimos
921 2399 1073 2432 quosque
1095 2387 1185 2421 viros
1202 2388 1235 2420 in
1250 2399 1290 2421 eo
1307 2387 1465 2421 conflictu
1481 2387 1589 2432 cepit,
1623 2389 1747 2422 fratres

314 2427 426 2461 itidem
440 2429 659 2471 Lascarides,
690 2440 774 2474 quos
802 2431 942 2465 criminis
968 2433 1138 2466 convictos
1161 2432 1334 2466 luminibus
1351 2432 1518 2477 spoliavit.
1563 2432 1619 2466 alii
1633 2433 1745 2478 gladio

314 2472 510 2508 internecati
525 2479 621 2516 sunt;
655 2475 712 2519 qui
733 2486 815 2508 vero
838 2487 971 2521 pugnae
993 2488 1059 2511 non
1073 2478 1201 2511 affuere
1215 2477 1334 2511 timore
1346 2477 1464 2523 perciti
1477 2478 1626 2512 haesere.
1670 2478 1747 2512 Itali

316 2517 415 2552 etiam
439 2530 479 2553 eo
493 2520 650 2565 temporis
667 2520 842 2554 serrarum
858 2521 1028 2555 castellum
1043 2526 1230 2566 prementes
1243 2547 1253 2565 ‚
1287 2522 1342 2556 ubi
1364 2534 1443 2556 suos
1464 2523 1647 2557 debellatos
1673 2534 1748 2557 esse

314 2568 541 2607 agnoverunt,
577 2565 689 2598 Serris
703 2565 819 2599 liberis
833 2565 998 2599 derelictis
1012 2567 1095 2610 fuga
1107 2567 1169 2601 sibi
1185 2568 1434 2610 consuluerunt,
1467 2579 1538 2602 cum
1554 2579 1669 2613 parum
1685 2569 1745 2602 ab·-

314 2607 430 2642 fuisset
445 2610 523 2653 quin
539 2611 581 2643 ab
596 2610 679 2654 ipsis
699 2615 978 2656 expugnarentur.
1024 2612 1141 2645 exinde
1167 2623 1222 2646 res
1244 2613 1330 2645 Itala
1349 2613 1423 2646 hinc
1450 2618 1552 2657 atque
1572 2613 1661 2646 illinc
1685 2623 1746 2658 per

314 2652 485 2688 Orientem
500 2666 541 2688 ac
556 2655 772 2689 Occidentem
787 2656 932 2696 divulsa,
962 2659 998 2690 et
1011 2657 1212 2691 valentiores
1228 2663 1325 2691 nacta
1340 2658 1550 2692 adversarios
1564 2659 1742 2703 imperato·

313 2708 381 2732 rem
397 2699 550 2734 Ioannem
570 2705 602 2734 et
617 2700 834 2735 Theodorum
851 2701 1072 2745 Comnenum‚
1106 2702 1213 2747 ipsum
1236 2703 1336 2736 etiam
1357 2703 1591 2746 imperatorem
1612 2702 1743 2737 vocita-

312 2747 393 2784 tum,
417 2745 537 2779 cadere
550 2749 717 2789 coeperat.
763 2745 873 2779 statim
894 2746 1008 2790 itaque
1022 2747 1165 2780 Ioannes
1187 2747 1363 2792 imperator
1387 2748 1475 2782 dicto
1500 2748 1534 2782 in
1557 2749 1633 2782 loco
1650 2746 1743 2780 Italis

311 2789 510 2834 expugnatis
523 2791 565 2824 ab
581 2790 647 2825 illis
662 2790 883 2825 Romanorum
899 2791 1020 2837 oppida
1035 2803 1191 2839 oppressa
1206 2793 1379 2828 obsidione
1393 2797 1540 2835 tentare,
1572 2798 1607 2828 et
1620 2791 1743 2828 auxilio
