1924 3242
336 163 401 212 46
965 161 1145 211 IOELIS

335 278 408 324 οὗκ
425 277 605 335 ἴσχυσεν·
635 278 781 337 αἶ’φνης
799 278 876 336 γὰρ
898 277 1137 342 ἐπιτίθενται
1159 279 1268 339 αὗτῷ
1284 278 1553 339 σφοδρότατοι
1572 278 1685 325 πόνοι
1702 285 1770 326 καὶ

333 349 565 407 ἀρθρίτιδες
591 349 810 402 ποδαλγίας
835 349 902 389 καὶ
927 350 1179 405 χειραλγίας,
1212 348 1312 392 ὥστε
1340 354 1499 393 κεῖσθαι
1526 350 1647 393 αὐτὸν
1669 351 1770 405 ἀμε-

334 418 556 471 τακίνητον.
623 413 645 458 ὃ
666 416 710 458 δὲ
731 410 879 465 Φωκεῖς
906 414 983 458 ὕπὸ
1013 421 1086 459 τοῦ
1115 421 1217 459 λαοῦ
1251 419 1408 471 δεχθεὶς
1436 420 1620 473 εἰσῆλθεν
1644 420 1700 470 εἰς
1718 419 1772 461 τὰ

332 485 532 539 βασίλεια.
1696 515 1699 518 -
1767 518 1775 526 .

195 556 223 589 P
249 556 314 592 174
468 551 594 596 Μετὰ
609 545 680 594 οὖν
695 551 928 609 Μαυρίκιον
947 552 1176 606 ἐβασίλευσε
1197 555 1346 604 Φωκᾶς
1366 551 1388 595 ὅ
1408 551 1685 608 Καππαδόκης
1702 556 1769 597 καὶ

330 619 523 677 τύραννος
543 620 609 675 ἕτη
629 618 682 675 η’.
750 617 771 663 ὅ
799 620 842 662 δὲ
869 621 1051 677 γαμβρὸς
1073 622 1197 663 αὐτοῦ
1219 623 1401 678 Πρίσκος
1429 620 1486 676 μὴ
1519 622 1651 677 φέρων
1672 619 1771 678 ὃρᾶὖ

330 690 426 740 τοὺς
461 689 623 738 ἀδίκους
655 685 803 744 φόνους
838 690 904 730 καὶ
937 689 989 730 τὰ
1021 687 1094 730 ὑπ’
1125 681 1252 731 αὐτοῦ
1279 687 1465 744 γινόμενα
1494 688 1604 730 δεινὰ
1625 687 1771 746 γράφει

329 756 555 814 Ἠρακλείῳ
586 760 795 813 στρατηγῷ
823 754 908 798 ὄντι
939 754 1028 799 τότε
1060 757 1100 798 ἓν
1123 757 1292 814 Ἀφρικῇ
1305 788 1318 808 ,
1353 755 1461 806 ὅπως
1489 755 1641 813 ἀνέλθῃ
1670 756 1772 810 μετὰ

333 823 478 868 στόλου
509 823 613 866 κατὰ
643 828 716 866 τοῦ
749 822 966 879 τυράννου·
1001 819 1049 866 οὗ
1080 823 1319 874 ἀνελθόντος
1343 826 1410 866 καὶ
1431 824 1604 878 πολέμου
1626 840 1772 881 κροτη-

332 893 476 943 θέντος
505 890 672 947 ἡττᾶται
709 894 857 942 Φωκᾶς
892 890 913 934 ὃ
947 891 1168 949 ἀλιτήριος,
1203 894 1270 934 καὶ
1303 893 1565 945 κατασχεθεὶς
1596 893 1664 934 καὶ
1697 885 1771 943 τάς
1783 896 1828 932 10

333 967 473 1017 χεῖρας
499 961 566 1002 καὶ
599 959 693 1009 τοὺς
723 957 850 1009 πόδας
882 961 949 1001 καὶ
978 961 1072 1010 τούς
1102 959 1238 1014 ὤμους
1268 960 1612 1017 ἀκρωτηριασθεὶς
1630 960 1773 1003 καὶτὰ

335 1030 471 1070 αἰδοῖα
500 1029 711 1081 ἔκτμηθεὶς
742 1029 809 1069 καὶ
838 1031 964 1084 κοντῷ
994 1027 1234 1084 ἀναρτηθείς
1244 1059 1258 1079 ,
1305 1026 1389 1070 εἶτα
1411 1029 1477 1069 καὶ
1498 1027 1571 1081 τὴν
1594 1027 1772 1084 κεφαλὴν

333 1095 605 1150 ἀποτμηθείς,
646 1094 692 1137 τὸ
725 1094 862 1137 λοιπὸν
889 1095 1014 1138 αὐτοῦ
1047 1100 1166 1150 σῶμα
1197 1096 1239 1137 ἐν
1266 1100 1316 1151 τῇ
1349 1099 1422 1138 τοῦ
1455 1094 1554 1148 βοὸς
1584 1095 1771 1152 λεγομένῃ

331 1163 462 1224 ἀγορᾷ
485 1165 581 1219 πυρὶ
602 1161 827 1220 παρεδόθη.

277 1229 309 1265 Β
464 1226 590 1274 Μετὰ
611 1230 654 1271 δὲ
676 1233 825 1271 Φωκᾶν
846 1230 1098 1282 ἐβασίλευσεν
1112 1227 1350 1285 “Ηράκλειος
1374 1227 1442 1284 ἔτη
1461 1226 1511 1280 λ’,
1547 1227 1592 1272 ὃν
1609 1228 1772 1286 Σέργιος
1784 1237 1827 1272 15

329 1297 496 1352 ἔστεψεν
519 1299 560 1339 ἐν
581 1300 639 1353 τῷ
660 1300 746 1353 ναῷ
765 1300 838 1338 τοῦ
861 1294 973 1352 ἁγίου
995 1295 1205 1353 Στεφάνου
1228 1297 1268 1340 ἓν
1288 1301 1347 1354 τῷ
1366 1298 1562 1355 παλατίῳ.
1595 1297 1773 1355 ἓστέφθη

330 1367 375 1408 δὲ
408 1363 496 1419 ἅμα
528 1363 638 1420 αὐτῷ
671 1362 698 1417 ἦ
727 1365 1048 1418 μεμνηστευμένη
1081 1364 1192 1422 αὐτῷ
1224 1364 1401 1406 Εὗδοκία
1435 1362 1658 1420 Αὖγοόστα
1690 1371 1774 1415 τοῖς

330 1431 543 1490 στεφάνοις
555 1435 628 1474 τοῦ
639 1429 785 1487 γάμου,
817 1429 920 1485 ὁμοῦ
936 1430 1227 1488 αὐτοκράτορες
1244 1433 1310 1474 καὶ
1329 1433 1495 1489 νυμφίοι
1515 1433 1773 1486 ἀναδειχθέν-

329 1518 408 1551 τες.
474 1500 546 1557 ἐφ’
579 1493 628 1541 οὗ
661 1501 728 1541 καὶ
747 1497 940 1555 Χοσρόης
971 1498 992 1542 ὅ
1016 1501 1181 1556 Πέρσης
1205 1498 1405 1556 ἐπόρθησε
1431 1500 1482 1542 τὰ
1499 1498 1771 1557 Ἰεροσόλυμα,

330 1571 398 1611 καὶ
428 1568 523 1618 τούς
555 1568 798 1621 σεβασμίους
829 1565 977 1618 τόπους
997 1568 1182 1624 ἐνέπρησε
1191 1599 1206 1619 ,
1240 1569 1306 1609 καὶ
1330 1570 1488 1621 πλῆθος
1508 1571 1617 1610 λαῶν
1637 1567 1827 1625 :imm-²⁰

329 1634 525 1679 λῶτευσεν
546 1635 620 1677 σὺν
641 1639 699 1692 τῷ
720 1634 948 1692 πατριάρχῃ
970 1636 1160 1693 Ζαχαρία
1182 1636 1249 1677 καὶ
1270 1641 1353 1684 τοῖς
1373 1635 1518 1687 τιμίοις
1538 1633 1683 1687 ξύλοις,
1705 1639 1774 1678 καὶ

331 1706 387 1753 εἷς
407 1704 593 1760 Περσίδα
616 1700 800 1757 ἀνήγαγε.
851 1707 924 1744 τοῦ
950 1703 993 1744 δὲ
1014 1701 1203 1758 Χοσρόου
1226 1702 1329 1755 μετὰ
1346 1700 1517 1758 χρόνους
1539 1703 1773 1759 ἀναιρεθέν-

328 1787 400 1820 τος
429 1770 548 1813 πάλιν
577 1768 604 1825 ἦ
636 1771 891 1823 αἲχμαλωσία
921 1768 1121 1824 ἀνεκλήθη
1148 1771 1218 1812 καὶ
1237 1768 1258 1810 ὃ
1282 1769 1471 1820 ζωοποιὸς
1493 1769 1667 1826 σταυρὸς
1689 1777 1773 1821 τοῖς

333 1840 450 1889 ἰδίοις
482 1836 617 1888 τόποις
643 1837 905 1893 ἀποκατέστη.
975 1832 1091 1887 οὗτος
1124 1833 1194 1879 οὗν
1227 1835 1393 1893 ὕστερον
1422 1834 1495 1878 ὑπ’
1527 1838 1770 1882 Ἀθανασίου

331 2010 410 2045 dum
426 2013 608 2057 confugere
624 2011 793 2055 studeret,
827 2024 891 2047 non
906 2011 1035 2059 potuitz
1068 2011 1178 2047 subito
1194 2021 1334 2058 namque
1347 2009 1624 2046 vehementissimi
1637 2009 1773 2045 dolores

333 2057 527 2102 corripuere
537 2084 547 2100 ,
581 2059 820 2103 podagraeque
838 2070 878 2093 ac
894 2059 1068 2103 chiragrae
1083 2058 1283 2092 cruciatibus
1297 2067 1476 2104 oppressus
1492 2061 1542 2090 est
1558 2055 1642 2089 adeo
1657 2059 1697 2090 ut
1709 2056 1771 2090 im-

330 2106 441 2136 motus
457 2104 704 2148 procumberet.
751 2105 883 2139 Phocas
898 2116 918 2138 a
934 2104 1058 2150 populo
1075 2107 1233 2149 exceptus
1246 2103 1281 2137 in
1294 2102 1423 2147 regiam
1439 2100 1590 2147 appellit.

419 2159 507 2194 Post
522 2160 721 2194 Mam-icium
735 2161 869 2195 Phocas
885 2160 1073 2206 Cappadox
1087 2163 1122 2194 et
1135 2164 1297 2203 tyrannus
1309 2158 1483 2212 imperium
1497 2157 1640 2199 invasit,
1664 2167 1769 2191 annos

327 2209 417 2237 octo.
462 2204 600 2239 Priscus
621 2206 694 2240 eius
715 2217 819 2250 gener
843 2206 956 2240 clades
973 2205 1113 2239 iniustas
1130 2210 1166 2238 et
1180 2205 1346 2238 scelerosa
1359 2204 1448 2237 ruins
1463 2202 1616 2236 facinora
1630 2213 1696 2236 non
1710 2213 1769 2237 su-

324 2249 452 2283 stinens
468 2249 628 2283 Heraclio
638 2276 648 2293 ‚
679 2252 738 2295 qui
750 2255 831 2284 tunc
845 2251 1014 2285 Africanis
1030 2249 1232 2285 exercitibus
1247 2253 1426 2294 praeerat,
1457 2247 1576 2283 scribit
1589 2252 1628 2281 ut
1645 2248 1771 2282 adver-

324 2305 382 2328 sus
397 2298 577 2337 tyrannum
593 2295 709 2340 copias
723 2296 835 2330 ducat.
859 2296 1035 2330 Heraclius
1051 2296 1140 2330 dicto
1158 2295 1275 2338 audiit,
1293 2293 1396 2338 veuit,
1412 2293 1654 2337 commissoque
1668 2304 1770 2339 proe-

324 2339 370 2372 lio
387 2343 514 2382 pestem
530 2339 620 2373 illam
634 2340 685 2374 rei
703 2341 860 2385 publicae
874 2346 1033 2386 superat3
1071 2340 1162 2385 capti
1178 2350 1293 2374 manus
1317 2350 1357 2372 ac
1371 2338 1476 2384 pedes
1498 2338 1771 2383 summitatesque

325 2384 537 2418 humerorum
552 2384 803 2419 abscinduntur.
850 2387 1006 2430 pudenda
1026 2386 1106 2420 item
1130 2396 1170 2419 ac
1194 2388 1296 2429 caput
1310 2386 1524 2429 'amputatur-3
1553 2388 1654 2417 conto
1667 2393 1771 2428 prae-

325 2430 429 2463 fixum
444 2434 547 2474 caput
562 2429 791 2464 circumlatum
808 2436 881 2472 est3
915 2431 1027 2464 trunci
1049 2431 1139 2476 quod
1160 2430 1322 2475 reliquum
1345 2429 1411 2463 fuit
1434 2429 1469 2464 iu
1483 2431 1559 2463 foro
1574 2428 1673 2463 bovis
1687 2439 1771 2464 con-

324 2478 518 2508 crematum.

415 2531 553 2565 Phocae
567 2531 728 2565 successit
742 2531 919 2566 Heraclius
934 2543 997 2577 per
1013 2543 1116 2566 annos
1130 2531 1287 2576 triginta,
1324 2542 1346 2565 a
1364 2531 1486 2576 Sergio
1511 2531 1547 2565 in
1562 2529 1648 2565 aede
1661 2529 1769 2564 sancti

327 2575 494 2621 Stephani
506 2576 540 2609 in
556 2577 681 2621 palatio
695 2587 761 2611 una
776 2588 851 2611 cum
867 2577 1022 2611 Eudocia
1038 2581 1189 2622 Augusta
1202 2587 1324 2623 sponsa
1339 2582 1538 2617 coronatus3
1562 2586 1606 2609 nu
1631 2575 1768 2609 tiamm-

327 2632 394 2665 que
409 2621 539 2654 coronis
553 2622 773 2666 imperatores
786 2623 883 2656 simul
894 2627 929 2656 et
938 2623 1052 2668 sponsi
1062 2623 1226 2657 declarati
1233 2627 1320 2657 sunt.
1341 2632 1381 2656 ea
1389 2625 1593 2667 tempestate
1631 2621 1769 2655 hosroes

326 2666 434 2701 Persa
452 2666 693 2711 Hierosolymis
707 2668 905 2712 expugnatis
920 2669 1112 2702 veneranda
1132 2669 1189 2702 illa
1204 2669 1281 2702 loca
1302 2668 1491 2710 succendit,
1527 2665 1768 2701 multitudinem

327 2711 529 2746 innumeram
552 2714 718 2757 captivam
741 2725 815 2747 cum
829 2713 1022 2759 patriarcha
1036 2714 1199 2748 Zacharia
1213 2718 1249 2747 et
1264 2713 1363 2758 lignis
1378 2712 1534 2759 pretiosis
1549 2712 1584 2745 in
1597 2709 1768 2756 Persidem

329 2756 479 2791 adduxit.
525 2758 584 2792 sed
601 2758 753 2793 Chosroe
766 2764 843 2805 post
857 2759 1031 2794 nonnullos
1046 2771 1151 2794 annos
1165 2764 1310 2794 mactato
1326 2758 1454 2804 captivi
1467 2758 1515 2792 illi
1529 2757 1563 2791 in
1579 2756 1768 2790 libertatem

330 2802 491 2838 vindicati
515 2807 551 2838 et
570 2804 713 2838 vivifera
735 2815 816 2839 crux
841 2805 977 2851 proprio
999 2806 1073 2840 loco
1095 2805 1252 2840 restituta
1266 2808 1329 2840 est.
1381 2804 1565 2850 imperator
1577 2800 1710 2837 tandem
1725 2800 1769 2834 ab
