<?xml version="1.0" encoding="UTF-8"?>
<!DOCTYPE html PUBLIC "-//W3C//DTD XHTML 1.0 Transitional//EN"
    "http://www.w3.org/TR/xhtml1/DTD/xhtml1-transitional.dtd">
<html xmlns="http://www.w3.org/1999/xhtml" xml:lang="en" lang="en">
 <head>
  <title>
</title>
<meta http-equiv="Content-Type" content="text/html;charset=utf-8" />
  <meta name='ocr-system' content='tesseract 3.04.00' />
  <meta name='ocr-capabilities' content='ocr_page ocr_carea ocr_par ocr_line ocrx_word'/>
</head>
<body>
  <div class='ocr_page' id='page_1' title='image "./corpusscriptorum06niebuoft_0079.png"; bbox 0 0 1832 3250; ppageno 0'>
   <div class='ocr_carea' id='block_1_1' title="bbox 0 2511 21 2937">
    <p class='ocr_par' dir='ltr' id='par_1_1' title="bbox 0 2511 21 2937">
     <span class='ocr_line' id='line_1_1' title="bbox 0 2511 21 2937; baseline 0 313"><span class='ocrx_word' id='word_1_1' title='bbox 0 2511 21 2937; x_wconf 95' lang='lat' dir='ltr'><strong> </strong></span> 
     </span>
    </p>
   </div>
   <div class='ocr_carea' id='block_1_2' title="bbox 439 170 1580 233">
    <p class='ocr_par' dir='ltr' id='par_1_2' title="bbox 439 170 1580 233">
     <span class='ocr_line' id='line_1_2' title="bbox 439 170 1580 233; baseline -0.002 -14"><span class='ocrx_word' id='word_1_2' title='bbox 439 231 442 233; x_wconf 10' lang='grc' dir='ltr'><strong>Α</strong></span> <span class='ocrx_word' id='word_1_3' title='bbox 477 170 848 219; x_wconf 69' lang='lat' dir='ltr'><strong>commum</strong></span> <span class='ocrx_word' id='word_1_4' title='bbox 879 171 1229 219; x_wconf 72' lang='lat' dir='ltr'><strong>cnaomcum.</strong></span> <span class='ocrx_word' id='word_1_5' title='bbox 1508 170 1580 218; x_wconf 75' lang='lat'><strong>63</strong></span> 
     </span>
    </p>
   </div>
   <div class='ocr_carea' id='block_1_3' title="bbox 126 283 1701 1916">
    <p class='ocr_par' dir='ltr' id='par_1_3' title="bbox 269 283 1356 345">
     <span class='ocr_line' id='line_1_3' title="bbox 269 283 1356 345; baseline -0.002 -13"><span class='ocrx_word' id='word_1_6' title='bbox 269 290 336 332; x_wconf 80' lang='grc' dir='ltr'><strong><em>καὶ</em></strong></span> <span class='ocrx_word' id='word_1_7' title='bbox 354 284 666 344; x_wconf 73' lang='grc' dir='ltr'><strong><em>’καταφράκτους</em></strong></span> <span class='ocrx_word' id='word_1_8' title='bbox 685 287 742 337; x_wconf 81' lang='grc' dir='ltr'><strong><em>εἲς</em></strong></span> <span class='ocrx_word' id='word_1_9' title='bbox 765 285 886 329; x_wconf 69' lang='grc' dir='ltr'><strong><em>αὐτὸν</em></strong></span> <span class='ocrx_word' id='word_1_10' title='bbox 905 284 1058 345; x_wconf 73' lang='grc' dir='ltr'><strong><em>ἄνδρας</em></strong></span> <span class='ocrx_word' id='word_1_11' title='bbox 1078 283 1356 344; x_wconf 78' lang='grc' dir='ltr'><strong><em>εἰσενεγκόντες</em></strong></span> 
     </span>
    </p>

    <p class='ocr_par' dir='ltr' id='par_1_4' title="bbox 269 354 1263 414">
     <span class='ocr_line' id='line_1_4' title="bbox 269 354 1263 414; baseline -0.001 -15"><span class='ocrx_word' id='word_1_12' title='bbox 269 357 452 414; x_wconf 71' lang='grc' dir='ltr'><strong><em>ἀπαίρειν</em></strong></span> <span class='ocrx_word' id='word_1_13' title='bbox 471 357 600 411; x_wconf 79' lang='grc' dir='ltr'><strong><em>δῑῆθεν</em></strong></span> <span class='ocrx_word' id='word_1_14' title='bbox 618 354 759 406; x_wconf 64' lang='grc' dir='ltr'><strong><em>ἔδοξαν</em></strong></span> <span class='ocrx_word' id='word_1_15' title='bbox 777 354 879 412; x_wconf 78' lang='grc' dir='ltr'><strong><em>πρὸς</em></strong></span> <span class='ocrx_word' id='word_1_16' title='bbox 893 354 968 405; x_wconf 81' lang='grc' dir='ltr'><strong>τὰς</strong></span> <span class='ocrx_word' id='word_1_17' title='bbox 989 357 1263 412; x_wconf 70' lang='grc' dir='ltr'><strong>ε’νεγκαμὲνας.ι</strong></span> 
     </span>
    </p>

    <p class='ocr_par' dir='ltr' id='par_1_5' title="bbox 137 420 1438 554">
     <span class='ocr_line' id='line_1_5' title="bbox 267 420 1438 484; baseline -0.001 -16"><span class='ocrx_word' id='word_1_18' title='bbox 267 424 420 468; x_wconf 77' lang='grc' dir='ltr'><strong><em>καὶτὸν</em></strong></span> <span class='ocrx_word' id='word_1_19' title='bbox 432 423 506 478; x_wconf 75' lang='grc' dir='ltr'><strong>μὲν</strong></span> <span class='ocrx_word' id='word_1_20' title='bbox 520 425 644 466; x_wconf 63' lang='grc' dir='ltr'><strong><em>ἵππον</em></strong></span> <span class='ocrx_word' id='word_1_21' title='bbox 661 422 800 466; x_wconf 74' lang='grc' dir='ltr'><strong><em>εἴασαν</em></strong></span> <span class='ocrx_word' id='word_1_22' title='bbox 822 422 948 466; x_wconf 74' lang='grc' dir='ltr'><strong><em>αὐτοῦ</em></strong></span> <span class='ocrx_word' id='word_1_23' title='bbox 967 423 1069 481; x_wconf 82' lang='grc' dir='ltr'><strong><em>πρὸς</em></strong></span> <span class='ocrx_word' id='word_1_24' title='bbox 1091 429 1150 481; x_wconf 76' lang='grc' dir='ltr'><strong>τῷ</strong></span> <span class='ocrx_word' id='word_1_25' title='bbox 1173 420 1438 484; x_wconf 72' lang='grc' dir='ltr'><strong><em>ναυστάθμῳ,</em></strong></span> 
     </span>
     <span class='ocr_line' id='line_1_6' title="bbox 137 489 1413 554; baseline 0 -18"><span class='ocrx_word' id='word_1_26' title='bbox 137 492 244 536; x_wconf 79' lang='grc'>1425</span> <span class='ocrx_word' id='word_1_27' title='bbox 270 493 384 536; x_wconf 79' lang='grc' dir='ltr'><strong><em>αῧτοὶ</em></strong></span> <span class='ocrx_word' id='word_1_28' title='bbox 411 492 451 535; x_wconf 78' lang='grc' dir='ltr'><strong>δ’</strong></span> <span class='ocrx_word' id='word_1_29' title='bbox 471 489 695 549; x_wconf 63' lang='grc' dir='ltr'><strong><em>ὑφώρμουν</em></strong></span> <span class='ocrx_word' id='word_1_30' title='bbox 715 498 804 542; x_wconf 76' lang='grc' dir='ltr'><strong><em>ταῖς</em></strong></span> <span class='ocrx_word' id='word_1_31' title='bbox 821 493 961 534; x_wconf 80' lang='grc' dir='ltr'><strong><em>ναυσὶν</em></strong></span> <span class='ocrx_word' id='word_1_32' title='bbox 976 492 1018 533; x_wconf 75' lang='grc' dir='ltr'><strong>ἓν</strong></span> <span class='ocrx_word' id='word_1_33' title='bbox 1040 496 1091 548; x_wconf 85' lang='grc' dir='ltr'><strong>τῇ</strong></span> <span class='ocrx_word' id='word_1_34' title='bbox 1113 493 1269 550; x_wconf 70' lang='grc' dir='ltr'><strong><em>Τενέδῳ</em></strong></span> <span class='ocrx_word' id='word_1_35' title='bbox 1291 490 1413 554; x_wconf 79' lang='grc' dir='ltr'><strong><em>νήσῳ.</em></strong></span> 
     </span>
    </p>

    <p class='ocr_par' dir='ltr' id='par_1_6' title="bbox 268 557 1356 617">
     <span class='ocr_line' id='line_1_7' title="bbox 268 557 1356 617; baseline 0.001 -14"><span class='ocrx_word' id='word_1_36' title='bbox 268 559 374 604; x_wconf 71' lang='grc' dir='ltr'><strong><em>εἶδον</em></strong></span> <span class='ocrx_word' id='word_1_37' title='bbox 395 561 436 602; x_wconf 76' lang='grc' dir='ltr'><strong>οἱ</strong></span> <span class='ocrx_word' id='word_1_38' title='bbox 458 563 598 617; x_wconf 80' lang='grc' dir='ltr'><strong><em>Τρῶες</em></strong></span> <span class='ocrx_word' id='word_1_39' title='bbox 613 558 660 604; x_wconf 78' lang='grc' dir='ltr'><strong>τὸ</strong></span> <span class='ocrx_word' id='word_1_40' title='bbox 679 558 856 615; x_wconf 79' lang='grc' dir='ltr'><strong><em>συμβάν,</em></strong></span> <span class='ocrx_word' id='word_1_41' title='bbox 878 557 983 602; x_wconf 72' lang='grc' dir='ltr'><strong><em>εἶδον</em></strong></span> <span class='ocrx_word' id='word_1_42' title='bbox 1001 558 1175 616; x_wconf 70' lang='grc' dir='ltr'><strong><em>ἐρήμους</em></strong></span> <span class='ocrx_word' id='word_1_43' title='bbox 1192 558 1356 617; x_wconf 81' lang='grc' dir='ltr'><strong><em>ὅρμους.</em></strong></span> 
     </span>
    </p>

    <p class='ocr_par' dir='ltr' id='par_1_7' title="bbox 266 626 1367 685">
     <span class='ocr_line' id='line_1_8' title="bbox 266 626 1367 685; baseline 0.001 -13"><span class='ocrx_word' id='word_1_44' title='bbox 266 628 336 672; x_wconf 84' lang='grc' dir='ltr'><strong>τὸν</strong></span> <span class='ocrx_word' id='word_1_45' title='bbox 349 629 474 671; x_wconf 63' lang='grc' dir='ltr'><strong><em>*ἵππον</em></strong></span> <span class='ocrx_word' id='word_1_46' title='bbox 490 627 614 683; x_wconf 85' lang='grc' dir='ltr'><strong><em>μόνον</em></strong></span> <span class='ocrx_word' id='word_1_47' title='bbox 632 628 845 683; x_wconf 73' lang='grc' dir='ltr'><strong><em>βλέποντες</em></strong></span> <span class='ocrx_word' id='word_1_48' title='bbox 865 626 1044 685; x_wconf 80' lang='grc' dir='ltr'><strong><em>ἠπόρουν</em></strong></span> <span class='ocrx_word' id='word_1_49' title='bbox 1053 660 1067 680; x_wconf 86' lang='grc'>,</span> <span class='ocrx_word' id='word_1_50' title='bbox 1093 629 1367 682; x_wconf 74' lang='grc' dir='ltr'><strong><em>ἐθαμβοῦντο.</em></strong></span> 
     </span>
    </p>

    <p class='ocr_par' dir='ltr' id='par_1_8' title="bbox 266 693 1292 754">
     <span class='ocr_line' id='line_1_9' title="bbox 266 693 1292 754; baseline -0.001 -15"><span class='ocrx_word' id='word_1_51' title='bbox 266 699 334 740; x_wconf 77' lang='grc' dir='ltr'><strong><em>καὶ</em></strong></span> <span class='ocrx_word' id='word_1_52' title='bbox 355 701 496 754; x_wconf 74' lang='grc' dir='ltr'><strong><em>πρῶτα</em></strong></span> <span class='ocrx_word' id='word_1_53' title='bbox 516 697 590 751; x_wconf 72' lang='grc' dir='ltr'><strong>μὲν</strong></span> <span class='ocrx_word' id='word_1_54' title='bbox 609 698 832 751; x_wconf 78' lang='grc' dir='ltr'><strong><em>νομίζοντες</em></strong></span> <span class='ocrx_word' id='word_1_55' title='bbox 848 694 945 739; x_wconf 76' lang='grc' dir='ltr'><strong><em>εἶναι</em></strong></span> <span class='ocrx_word' id='word_1_56' title='bbox 963 696 1009 739; x_wconf 84' lang='grc' dir='ltr'><strong>τὸ</strong></span> <span class='ocrx_word' id='word_1_57' title='bbox 1032 700 1114 739; x_wconf 80' lang='grc' dir='ltr'><strong>πᾶν</strong></span> <span class='ocrx_word' id='word_1_58' title='bbox 1133 693 1292 751; x_wconf 74' lang='grc' dir='ltr'><strong><em>ἀπάτην</em></strong></span> 
     </span>
    </p>

    <p class='ocr_par' dir='ltr' id='par_1_9' title="bbox 134 762 1383 891">
     <span class='ocr_line' id='line_1_10' title="bbox 267 762 1316 823; baseline -0.002 -16"><span class='ocrx_word' id='word_1_59' title='bbox 267 767 449 823; x_wconf 76' lang='grc' dir='ltr'><strong><em>φθείρειν</em></strong></span> <span class='ocrx_word' id='word_1_60' title='bbox 466 764 537 808; x_wconf 79' lang='grc' dir='ltr'><strong>τὸν</strong></span> <span class='ocrx_word' id='word_1_61' title='bbox 547 766 671 808; x_wconf 67' lang='grc' dir='ltr'><strong><em>ἵππον</em></strong></span> <span class='ocrx_word' id='word_1_62' title='bbox 689 763 899 822; x_wconf 81' lang='grc' dir='ltr'><strong><em>ὥρμηντο,</em></strong></span> <span class='ocrx_word' id='word_1_63' title='bbox 933 766 1028 822; x_wconf 79' lang='grc' dir='ltr'><strong><em>πυρὶ</em></strong></span> <span class='ocrx_word' id='word_1_64' title='bbox 1045 762 1316 821; x_wconf 75' lang='grc' dir='ltr'><strong><em>παραδιδόναι</em></strong></span> 
     </span>
     <span class='ocr_line' id='line_1_11' title="bbox 134 830 1383 891; baseline 0 -15"><span class='ocrx_word' id='word_1_65' title='bbox 134 833 243 877; x_wconf 85' lang='grc'>1430</span> <span class='ocrx_word' id='word_1_66' title='bbox 265 832 292 888; x_wconf 79' lang='grc' dir='ltr'><em>ἢ</em></span> <span class='ocrx_word' id='word_1_67' title='bbox 317 835 384 876; x_wconf 82' lang='grc' dir='ltr'><strong>καὶ</strong></span> <span class='ocrx_word' id='word_1_68' title='bbox 403 833 552 891; x_wconf 80' lang='grc' dir='ltr'><strong><em>ῥιπτεῒν</em></strong></span> <span class='ocrx_word' id='word_1_69' title='bbox 570 833 673 876; x_wconf 79' lang='grc' dir='ltr'><strong><em>κατὰ</em></strong></span> <span class='ocrx_word' id='word_1_70' title='bbox 691 838 846 891; x_wconf 80' lang='grc' dir='ltr'><strong><em>πετρῶν</em></strong></span> <span class='ocrx_word' id='word_1_71' title='bbox 867 833 971 876; x_wconf 83' lang='grc' dir='ltr'><strong><em>κατὰ</em></strong></span> <span class='ocrx_word' id='word_1_72' title='bbox 992 837 1131 888; x_wconf 77' lang='grc' dir='ltr'><strong><em>βυθοῦ</em></strong></span> <span class='ocrx_word' id='word_1_73' title='bbox 1147 830 1383 888; x_wconf 79' lang='grc' dir='ltr'><strong><em>θαλάσσης·</em></strong></span> 
     </span>
    </p>

    <p class='ocr_par' dir='ltr' id='par_1_10' title="bbox 199 899 1260 959">
     <span class='ocr_line' id='line_1_12' title="bbox 199 899 1260 959; baseline -0.001 -15"><span class='ocrx_word' id='word_1_74' title='bbox 199 921 202 924; x_wconf 60' lang='grc'>’</span> <span class='ocrx_word' id='word_1_75' title='bbox 266 899 350 945; x_wconf 75' lang='grc' dir='ltr'><strong><em>εἶτα</em></strong></span> <span class='ocrx_word' id='word_1_76' title='bbox 371 902 456 957; x_wconf 77' lang='grc' dir='ltr'><strong><em>(καὶ</em></strong></span> <span class='ocrx_word' id='word_1_77' title='bbox 477 901 554 958; x_wconf 82' lang='grc' dir='ltr'><strong><em>γὰρ</em></strong></span> <span class='ocrx_word' id='word_1_78' title='bbox 577 899 776 958; x_wconf 70' lang='grc' dir='ltr'><strong><em>κεκύρωτο</em></strong></span> <span class='ocrx_word' id='word_1_79' title='bbox 799 903 953 959; x_wconf 86' lang='grc' dir='ltr'><strong><em>Τροίαν</em></strong></span> <span class='ocrx_word' id='word_1_80' title='bbox 976 899 1126 944; x_wconf 74' lang='grc' dir='ltr'><strong><em>ἁλῶναι</em></strong></span> <span class='ocrx_word' id='word_1_81' title='bbox 1151 899 1260 956; x_wconf 81' lang='grc' dir='ltr'><strong><em>τότε)</em></strong></span> 
     </span>
    </p>

    <p class='ocr_par' dir='ltr' id='par_1_11' title="bbox 263 970 1245 1027">
     <span class='ocr_line' id='line_1_13' title="bbox 263 970 1245 1027; baseline 0.001 -15"><span class='ocrx_word' id='word_1_82' title='bbox 263 974 466 1027; x_wconf 81' lang='grc' dir='ltr'><strong><em>προσῆκον</em></strong></span> <span class='ocrx_word' id='word_1_83' title='bbox 483 970 616 1020; x_wconf 68' lang='grc' dir='ltr'><strong><em>ἔδοξεν</em></strong></span> <span class='ocrx_word' id='word_1_84' title='bbox 635 970 774 1021; x_wconf 78' lang='grc' dir='ltr'><strong><em>αὐτοῖς</em></strong></span> <span class='ocrx_word' id='word_1_85' title='bbox 795 972 1021 1026; x_wconf 78' lang='grc' dir='ltr'><strong><em>εἷσενεγκεῖν</em></strong></span> <span class='ocrx_word' id='word_1_86' title='bbox 1036 970 1106 1013; x_wconf 84' lang='grc' dir='ltr'><strong>τὸν</strong></span> <span class='ocrx_word' id='word_1_87' title='bbox 1120 971 1245 1013; x_wconf 63' lang='lat' dir='ltr'><strong>‘inum&#39;</strong></span> 
     </span>
    </p>

    <p class='ocr_par' dir='ltr' id='par_1_12' title="bbox 263 1035 1218 1096">
     <span class='ocr_line' id='line_1_14' title="bbox 263 1035 1218 1096; baseline 0 -16"><span class='ocrx_word' id='word_1_88' title='bbox 263 1035 320 1088; x_wconf 79' lang='grc' dir='ltr'><strong><em>ὥς</em></strong></span> <span class='ocrx_word' id='word_1_89' title='bbox 341 1038 504 1094; x_wconf 73' lang='grc' dir='ltr'><strong><em>ἄγαλμα</em></strong></span> <span class='ocrx_word' id='word_1_90' title='bbox 519 1040 586 1081; x_wconf 81' lang='grc' dir='ltr'><strong>καὶ</strong></span> <span class='ocrx_word' id='word_1_91' title='bbox 605 1036 788 1096; x_wconf 67' lang='grc' dir='ltr'><strong><em>λάφυρον</em></strong></span> <span class='ocrx_word' id='word_1_92' title='bbox 811 1038 889 1081; x_wconf 78' lang='grc' dir='ltr'><strong>ἀπὸ</strong></span> <span class='ocrx_word' id='word_1_93' title='bbox 913 1043 993 1081; x_wconf 79' lang='grc' dir='ltr'><strong>τῶν</strong></span> <span class='ocrx_word' id='word_1_94' title='bbox 1018 1039 1218 1082; x_wconf 70' lang='grc' dir='ltr'><strong><em>ἐναντίων.</em></strong></span> 
     </span>
    </p>

    <p class='ocr_par' dir='ltr' id='par_1_13' title="bbox 129 1105 1701 1234">
     <span class='ocr_line' id='line_1_15' title="bbox 263 1105 1701 1164; baseline 0 -16"><span class='ocrx_word' id='word_1_95' title='bbox 263 1106 301 1148; x_wconf 82' lang='grc' dir='ltr'><strong>οἶ</strong></span> <span class='ocrx_word' id='word_1_96' title='bbox 317 1106 531 1161; x_wconf 67' lang='grc' dir='ltr'><strong><em>μὲναῦτόν</em></strong></span> <span class='ocrx_word' id='word_1_97' title='bbox 552 1105 791 1163; x_wconf 72' lang='grc' dir='ltr'><strong><em>εἰσήνεγκαν,</em></strong></span> <span class='ocrx_word' id='word_1_98' title='bbox 825 1109 891 1150; x_wconf 79' lang='grc' dir='ltr'><strong>καὶ</strong></span> <span class='ocrx_word' id='word_1_99' title='bbox 911 1105 1049 1158; x_wconf 87' lang='grc' dir='ltr'><strong><em>πότοις</em></strong></span> <span class='ocrx_word' id='word_1_100' title='bbox 1069 1109 1136 1150; x_wconf 81' lang='grc' dir='ltr'><strong>καὶ</strong></span> <span class='ocrx_word' id='word_1_101' title='bbox 1151 1106 1330 1164; x_wconf 76' lang='grc' dir='ltr'><strong><em>χορείαις</em></strong></span> <span class='ocrx_word' id='word_1_102' title='bbox 1604 1105 1633 1138; x_wconf 87' lang='grc' dir='ltr'>Ρ</span> <span class='ocrx_word' id='word_1_103' title='bbox 1655 1105 1701 1140; x_wconf 84' lang='grc'><strong>30</strong></span> 
     </span>
     <span class='ocr_line' id='line_1_16' title="bbox 129 1172 1355 1234; baseline -0.002 -16"><span class='ocrx_word' id='word_1_104' title='bbox 129 1173 237 1218; x_wconf 84' lang='grc'>1485</span> <span class='ocrx_word' id='word_1_105' title='bbox 258 1172 405 1226; x_wconf 73' lang='grc' dir='ltr'><strong><em>αὖτοὺς</em></strong></span> <span class='ocrx_word' id='word_1_106' title='bbox 428 1173 606 1225; x_wconf 77' lang='grc' dir='ltr'><strong><em>ἐκδόντες</em></strong></span> <span class='ocrx_word' id='word_1_107' title='bbox 624 1174 830 1219; x_wconf 76' lang='grc' dir='ltr'><strong><em>ὕπνωττον</em></strong></span> <span class='ocrx_word' id='word_1_108' title='bbox 849 1176 988 1231; x_wconf 74' lang='grc' dir='ltr'><strong><em>βαθὺν</em></strong></span> <span class='ocrx_word' id='word_1_109' title='bbox 1006 1174 1194 1234; x_wconf 78' lang='grc' dir='ltr'><strong><em>νήγρετον</em></strong></span> <span class='ocrx_word' id='word_1_110' title='bbox 1209 1174 1355 1217; x_wconf 78' lang='grc' dir='ltr'><strong><em>ῧπνον·</em></strong></span> 
     </span>
    </p>

    <p class='ocr_par' dir='ltr' id='par_1_14' title="bbox 262 1242 1463 1302">
     <span class='ocr_line' id='line_1_17' title="bbox 262 1242 1463 1302; baseline 0 -17"><span class='ocrx_word' id='word_1_111' title='bbox 262 1243 300 1285; x_wconf 78' lang='grc' dir='ltr'><strong>οἳ</strong></span> <span class='ocrx_word' id='word_1_112' title='bbox 319 1243 354 1285; x_wconf 65' lang='grc' dir='ltr'><strong>δ’</strong></span> <span class='ocrx_word' id='word_1_113' title='bbox 373 1242 515 1301; x_wconf 76' lang='grc' dir='ltr'><strong><em>ἄνδρες</em></strong></span> <span class='ocrx_word' id='word_1_114' title='bbox 536 1244 574 1286; x_wconf 77' lang='grc' dir='ltr'><strong>οἱ</strong></span> <span class='ocrx_word' id='word_1_115' title='bbox 595 1242 881 1301; x_wconf 77' lang='grc' dir='ltr'><strong><em>κρυπτόμενοι,</em></strong></span> <span class='ocrx_word' id='word_1_116' title='bbox 916 1246 983 1287; x_wconf 80' lang='grc' dir='ltr'><strong><em>’καὶ</em></strong></span> <span class='ocrx_word' id='word_1_117' title='bbox 1004 1244 1107 1302; x_wconf 81' lang='grc' dir='ltr'><strong><em>πρὸς</em></strong></span> <span class='ocrx_word' id='word_1_118' title='bbox 1119 1244 1239 1302; x_wconf 77' lang='grc' dir='ltr'><strong><em>αὐτῷ</em></strong></span> <span class='ocrx_word' id='word_1_119' title='bbox 1255 1245 1463 1298; x_wconf 79' lang='grc' dir='ltr'><strong><em>λοχῶντες,</em></strong></span> 
     </span>
    </p>

    <p class='ocr_par' dir='ltr' id='par_1_15' title="bbox 260 1307 1237 1374">
     <span class='ocr_line' id='line_1_18' title="bbox 260 1307 1237 1374; baseline 0.002 -21"><span class='ocrx_word' id='word_1_120' title='bbox 260 1308 543 1362; x_wconf 70' lang='grc' dir='ltr'><strong><em>ὑπεξελθόντες</em></strong></span> <span class='ocrx_word' id='word_1_121' title='bbox 562 1316 695 1374; x_wconf 81' lang='grc' dir='ltr'><strong><em>σιωπῇ</em></strong></span> <span class='ocrx_word' id='word_1_122' title='bbox 713 1312 950 1370; x_wconf 81' lang='grc' dir='ltr'><strong><em>φρυκτωρὸν</em></strong></span> <span class='ocrx_word' id='word_1_123' title='bbox 969 1307 1074 1370; x_wconf 75' lang='grc' dir='ltr'><strong><em>ἦραν</em></strong></span> <span class='ocrx_word' id='word_1_124' title='bbox 1095 1314 1237 1369; x_wconf 74' lang='grc' dir='ltr'><strong><em>μέγαν.</em></strong></span> 
     </span>
    </p>

    <p class='ocr_par' dir='ltr' id='par_1_16' title="bbox 263 1377 1184 1437">
     <span class='ocr_line' id='line_1_19' title="bbox 263 1377 1184 1437; baseline 0.002 -16"><span class='ocrx_word' id='word_1_125' title='bbox 263 1377 358 1435; x_wconf 82' lang='grc' dir='ltr'><strong><em>ὅπερ</em></strong></span> <span class='ocrx_word' id='word_1_126' title='bbox 379 1378 726 1434; x_wconf 66' lang='grc' dir='ltr'><strong><em>ἵδόντες“Ὲλληνες</em></strong></span> <span class='ocrx_word' id='word_1_127' title='bbox 746 1381 785 1422; x_wconf 81' lang='grc' dir='ltr'><strong>οἷ</strong></span> <span class='ocrx_word' id='word_1_128' title='bbox 802 1379 1184 1437; x_wconf 68' lang='grc' dir='ltr'><strong><em>προεκπεπλευκότες</em></strong></span> 
     </span>
    </p>

    <p class='ocr_par' dir='ltr' id='par_1_17' title="bbox 128 1446 1410 1574">
     <span class='ocr_line' id='line_1_20' title="bbox 260 1446 1410 1506; baseline 0 -17"><span class='ocrx_word' id='word_1_129' title='bbox 260 1451 416 1490; x_wconf 79' lang='grc' dir='ltr'><strong><em>θᾶττον</em></strong></span> <span class='ocrx_word' id='word_1_130' title='bbox 433 1447 460 1502; x_wconf 76' lang='grc' dir='ltr'><em>ἢ</em></span> <span class='ocrx_word' id='word_1_131' title='bbox 483 1446 601 1503; x_wconf 84' lang='grc' dir='ltr'><strong><em>λόγος</em></strong></span> <span class='ocrx_word' id='word_1_132' title='bbox 624 1449 665 1490; x_wconf 75' lang='grc' dir='ltr'><strong>ἐν</strong></span> <span class='ocrx_word' id='word_1_133' title='bbox 686 1450 802 1490; x_wconf 82' lang='grc' dir='ltr'><strong><em>ναυσὶ</em></strong></span> <span class='ocrx_word' id='word_1_134' title='bbox 827 1453 1008 1505; x_wconf 78' lang='grc' dir='ltr'><strong><em>κατῆραν</em></strong></span> <span class='ocrx_word' id='word_1_135' title='bbox 1028 1449 1129 1506; x_wconf 81' lang='grc' dir='ltr'><strong><em>πρὸς</em></strong></span> <span class='ocrx_word' id='word_1_136' title='bbox 1146 1448 1219 1503; x_wconf 83' lang='grc' dir='ltr'><strong>τὴν</strong></span> <span class='ocrx_word' id='word_1_137' title='bbox 1241 1448 1410 1505; x_wconf 85' lang='grc' dir='ltr'><strong><em>Τροίαν,</em></strong></span> 
     </span>
     <span class='ocr_line' id='line_1_21' title="bbox 128 1514 1378 1574; baseline 0 -16"><span class='ocrx_word' id='word_1_138' title='bbox 128 1514 238 1559; x_wconf 85' lang='grc'>1440</span> <span class='ocrx_word' id='word_1_139' title='bbox 262 1517 329 1558; x_wconf 83' lang='grc' dir='ltr'><strong>καὶ</strong></span> <span class='ocrx_word' id='word_1_140' title='bbox 353 1520 434 1558; x_wconf 80' lang='grc' dir='ltr'><strong>τῶν</strong></span> <span class='ocrx_word' id='word_1_141' title='bbox 455 1519 592 1558; x_wconf 80' lang='grc' dir='ltr'><strong><em>πυλῶν</em></strong></span> <span class='ocrx_word' id='word_1_142' title='bbox 612 1515 840 1571; x_wconf 79' lang='grc' dir='ltr'><strong><em>ἀνοιγεισιόν</em></strong></span> <span class='ocrx_word' id='word_1_143' title='bbox 861 1517 972 1574; x_wconf 81' lang='grc' dir='ltr'><strong><em>παρὰ</em></strong></span> <span class='ocrx_word' id='word_1_144' title='bbox 989 1521 1070 1559; x_wconf 79' lang='grc' dir='ltr'><strong>τῶν</strong></span> <span class='ocrx_word' id='word_1_145' title='bbox 1089 1515 1378 1574; x_wconf 79' lang='grc' dir='ltr'><strong><em>προεμβάντων</em></strong></span> 
     </span>
    </p>

    <p class='ocr_par' dir='ltr' id='par_1_18' title="bbox 261 1581 1343 1642">
     <span class='ocr_line' id='line_1_22' title="bbox 261 1581 1343 1642; baseline 0.001 -16"><span class='ocrx_word' id='word_1_146' title='bbox 261 1581 316 1634; x_wconf 81' lang='grc' dir='ltr'><strong><em>ὥς</em></strong></span> <span class='ocrx_word' id='word_1_147' title='bbox 335 1582 447 1640; x_wconf 75' lang='grc' dir='ltr'><strong><em>ὕδωρ</em></strong></span> <span class='ocrx_word' id='word_1_148' title='bbox 467 1581 738 1639; x_wconf 75' lang='grc' dir='ltr'><strong><em>ἐῖσεχύθησαν</em></strong></span> <span class='ocrx_word' id='word_1_149' title='bbox 754 1582 917 1642; x_wconf 78' lang='grc' dir='ltr'><strong><em>λάβρως</em></strong></span> <span class='ocrx_word' id='word_1_150' title='bbox 937 1586 1064 1627; x_wconf 76' lang='grc' dir='ltr'><strong><em>ποθὲν</em></strong></span> <span class='ocrx_word' id='word_1_151' title='bbox 1084 1589 1343 1641; x_wconf 83' lang='grc' dir='ltr'><strong><em>πλημμῧραν.</em></strong></span> 
     </span>
    </p>

    <p class='ocr_par' dir='ltr' id='par_1_19' title="bbox 328 1650 1514 1710">
     <span class='ocr_line' id='line_1_23' title="bbox 328 1650 1514 1710; baseline 0 -16"><span class='ocrx_word' id='word_1_152' title='bbox 328 1655 415 1707; x_wconf 80' lang='grc' dir='ltr'><strong><em>Τῆς</em></strong></span> <span class='ocrx_word' id='word_1_153' title='bbox 437 1650 734 1710; x_wconf 75' lang='grc' dir='ltr'><strong><em>στερροπύργου</em></strong></span> <span class='ocrx_word' id='word_1_154' title='bbox 750 1657 966 1709; x_wconf 81' lang='grc' dir='ltr'><strong><em>τοιγαροῦν</em></strong></span> <span class='ocrx_word' id='word_1_155' title='bbox 987 1651 1091 1695; x_wconf 72' lang='grc' dir='ltr'><strong><em>οὕτω</em></strong></span> <span class='ocrx_word' id='word_1_156' title='bbox 1111 1654 1338 1710; x_wconf 78' lang='grc' dir='ltr'><strong><em>ληφθείσης</em></strong></span> <span class='ocrx_word' id='word_1_157' title='bbox 1358 1650 1514 1709; x_wconf 86' lang='grc' dir='ltr'><strong><em>Τροίας</em></strong></span> 
     </span>
    </p>

    <p class='ocr_par' dir='ltr' id='par_1_20' title="bbox 258 1718 1246 1777">
     <span class='ocr_line' id='line_1_24' title="bbox 258 1718 1246 1777; baseline 0 -15"><span class='ocrx_word' id='word_1_158' title='bbox 258 1726 438 1776; x_wconf 83' lang='grc' dir='ltr'><strong><em>γυναῖκες</em></strong></span> <span class='ocrx_word' id='word_1_159' title='bbox 458 1718 742 1777; x_wconf 78' lang='grc' dir='ltr'><strong><em>ἀφηρπάζοντο</em></strong></span> <span class='ocrx_word' id='word_1_160' title='bbox 766 1719 984 1763; x_wconf 79' lang='grc' dir='ltr'><strong><em>παστάδων</em></strong></span> <span class='ocrx_word' id='word_1_161' title='bbox 1005 1719 1246 1776; x_wconf 80' lang='grc' dir='ltr'><strong><em>νεοπήκτων,</em></strong></span> 
     </span>
    </p>

    <p class='ocr_par' dir='ltr' id='par_1_21' title="bbox 126 1786 1628 1916">
     <span class='ocr_line' id='line_1_25' title="bbox 256 1786 1628 1845; baseline 0.001 -14"><span class='ocrx_word' id='word_1_162' title='bbox 256 1786 283 1842; x_wconf 79' lang='grc' dir='ltr'><em>ἦ</em></span> <span class='ocrx_word' id='word_1_163' title='bbox 304 1793 355 1844; x_wconf 85' lang='grc' dir='ltr'><strong>γῆ</strong></span> <span class='ocrx_word' id='word_1_164' title='bbox 372 1787 674 1843; x_wconf 80' lang='grc' dir='ltr'><strong><em>κατελιμνάζετο</em></strong></span> <span class='ocrx_word' id='word_1_165' title='bbox 696 1795 781 1839; x_wconf 88' lang='grc' dir='ltr'><strong><em>τοΐς</em></strong></span> <span class='ocrx_word' id='word_1_166' title='bbox 804 1786 943 1845; x_wconf 83' lang='grc' dir='ltr'><strong><em>φόνοις</em></strong></span> <span class='ocrx_word' id='word_1_167' title='bbox 961 1793 1042 1832; x_wconf 78' lang='grc' dir='ltr'><strong>τῶν</strong></span> <span class='ocrx_word' id='word_1_168' title='bbox 1064 1787 1300 1840; x_wconf 86' lang='grc' dir='ltr'><strong><em>πιπτόντων,</em></strong></span> <span class='ocrx_word' id='word_1_169' title='bbox 1598 1803 1628 1838; x_wconf 81' lang='grc' dir='ltr'><strong>Β</strong></span> 
     </span>
     <span class='ocr_line' id='line_1_26' title="bbox 126 1853 1185 1916; baseline 0.002 -18"><span class='ocrx_word' id='word_1_170' title='bbox 126 1853 232 1899; x_wconf 85' lang='grc'>1445</span> <span class='ocrx_word' id='word_1_171' title='bbox 254 1858 408 1914; x_wconf 70' lang='grc' dir='ltr'><strong><em>βρέφος</em></strong></span> <span class='ocrx_word' id='word_1_172' title='bbox 425 1855 714 1913; x_wconf 84' lang='grc' dir='ltr'><strong><em>ὖπαγκαλίδιον</em></strong></span> <span class='ocrx_word' id='word_1_173' title='bbox 733 1856 947 1914; x_wconf 68' lang='grc' dir='ltr'><strong><em>ἐρρήγνυτο</em></strong></span> <span class='ocrx_word' id='word_1_174' title='bbox 969 1862 1028 1915; x_wconf 76' lang='grc' dir='ltr'><strong>τῷ</strong></span> <span class='ocrx_word' id='word_1_175' title='bbox 1049 1859 1185 1916; x_wconf 76' lang='grc' dir='ltr'><strong><em>τοίχῳ.</em></strong></span> 
     </span>
    </p>
   </div>
   <div class='ocr_carea' id='block_1_4' title="bbox 211 1935 1576 2088">
    <p class='ocr_par' dir='ltr' id='par_1_22' title="bbox 211 1935 1576 2088">
     <span class='ocr_line' id='line_1_27' title="bbox 214 1935 1575 1988; baseline -0.003 -12"><span class='ocrx_word' id='word_1_176' title='bbox 214 1940 304 1976; x_wconf 71' lang='grc'>1424</span> <span class='ocrx_word' id='word_1_177' title='bbox 324 1941 400 1975; x_wconf 81' lang='grc' dir='ltr'><strong>τῶν</strong></span> <span class='ocrx_word' id='word_1_178' title='bbox 421 1938 671 1985; x_wconf 74' lang='grc' dir='ltr'><strong><em>ναυστάθμων</em></strong></span> <span class='ocrx_word' id='word_1_179' title='bbox 692 1942 790 1976; x_wconf 85' lang='lat' dir='ltr'><strong>ARR</strong></span> <span class='ocrx_word' id='word_1_180' title='bbox 881 1941 970 1978; x_wconf 80' lang='grc'>1427</span> <span class='ocrx_word' id='word_1_181' title='bbox 991 1939 1249 1988; x_wconf 76' lang='grc' dir='ltr'><strong><em>ἔκθαμβοῦντο</em></strong></span> <span class='ocrx_word' id='word_1_182' title='bbox 1274 1941 1304 1975; x_wconf 86' lang='grc' dir='ltr'><strong>Α</strong></span> <span class='ocrx_word' id='word_1_183' title='bbox 1397 1938 1487 1974; x_wconf 85' lang='grc'>1436</span> <span class='ocrx_word' id='word_1_184' title='bbox 1505 1935 1575 1973; x_wconf 75' lang='grc' dir='ltr'><strong><em>αὔ-</em></strong></span> 
     </span>
     <span class='ocr_line' id='line_1_28' title="bbox 213 1983 1576 2034; baseline -0.003 -12"><span class='ocrx_word' id='word_1_185' title='bbox 213 1984 281 2022; x_wconf 85' lang='grc' dir='ltr'><strong>τὸν</strong></span> <span class='ocrx_word' id='word_1_186' title='bbox 297 1987 371 2022; x_wconf 83' lang='lat' dir='ltr'><strong>MR</strong></span> <span class='ocrx_word' id='word_1_187' title='bbox 484 1987 570 2022; x_wconf 87' lang='grc'>1441</span> <span class='ocrx_word' id='word_1_188' title='bbox 593 1987 732 2030; x_wconf 82' lang='grc' dir='ltr'><strong><em>λαῦρον</em></strong></span> <span class='ocrx_word' id='word_1_189' title='bbox 750 1987 822 2021; x_wconf 88' lang='lat' dir='ltr'><strong>MR</strong></span> <span class='ocrx_word' id='word_1_190' title='bbox 937 1987 1024 2023; x_wconf 81' lang='lat'><strong>1444</strong></span> <span class='ocrx_word' id='word_1_191' title='bbox 1046 1986 1247 2034; x_wconf 72' lang='grc' dir='ltr'><strong><em>βαρβάρων</em></strong></span> <span class='ocrx_word' id='word_1_192' title='bbox 1267 1987 1301 2021; x_wconf 91' lang='lat' dir='ltr'>R</span> <span class='ocrx_word' id='word_1_193' title='bbox 1406 1983 1492 2019; x_wconf 83' lang='lat'><strong>1445</strong></span> <span class='ocrx_word' id='word_1_194' title='bbox 1511 1983 1576 2019; x_wconf 81' lang='grc' dir='ltr'><strong><em>καὶ</em></strong></span> 
     </span>
     <span class='ocr_line' id='line_1_29' title="bbox 211 2029 1572 2088; baseline -0.002 -21"><span class='ocrx_word' id='word_1_195' title='bbox 211 2030 352 2078; x_wconf 78' lang='grc' dir='ltr'><strong><em>βρέφος</em></strong></span> <span class='ocrx_word' id='word_1_196' title='bbox 364 2029 634 2088; x_wconf 73' lang='grc' dir='ltr'><strong><em>ὖπαγκαλιστόν</em></strong></span> <span class='ocrx_word' id='word_1_197' title='bbox 649 2031 838 2077; x_wconf 80' lang='grc' dir='ltr'><strong><em>ἐρρίπτετο</em></strong></span> <span class='ocrx_word' id='word_1_198' title='bbox 853 2031 948 2077; x_wconf 81' lang='grc' dir='ltr'><strong><em>πρὸς</em></strong></span> <span class='ocrx_word' id='word_1_199' title='bbox 963 2037 1080 2078; x_wconf 81' lang='grc' dir='ltr'><strong><em>τεῖχος</em></strong></span> <span class='ocrx_word' id='word_1_200' title='bbox 1095 2035 1141 2068; x_wconf 88' lang='lat' dir='ltr'><strong>R.</strong></span> <span class='ocrx_word' id='word_1_201' title='bbox 1166 2032 1260 2078; x_wconf 82' lang='grc' dir='ltr'><strong><em>πρὸς</em></strong></span> <span class='ocrx_word' id='word_1_202' title='bbox 1275 2033 1393 2076; x_wconf 81' lang='grc' dir='ltr'><strong><em>τεῖχος</em></strong></span> <span class='ocrx_word' id='word_1_203' title='bbox 1408 2030 1511 2065; x_wconf 86' lang='lat' dir='ltr'><strong>etiam</strong></span> <span class='ocrx_word' id='word_1_204' title='bbox 1527 2030 1572 2064; x_wconf 84' lang='lat' dir='ltr'><strong>A.</strong></span> 
     </span>
    </p>
   </div>
   <div class='ocr_carea' id='block_1_5' title="bbox 0 0 124 2014">
    <p class='ocr_par' dir='ltr' id='par_1_23' title="bbox 0 0 124 2014">
     <span class='ocr_line' id='line_1_30' title="bbox 0 0 124 2014; baseline 0 0"><span class='ocrx_word' id='word_1_205' title='bbox 0 0 124 2014; x_wconf 95' lang='lat' dir='ltr'><strong> </strong></span> 
     </span>
    </p>
   </div>
   <div class='ocr_carea' id='block_1_6' title="bbox 116 2098 1579 2881">
    <p class='ocr_par' dir='ltr' id='par_1_24' title="bbox 117 2098 1579 2784">
     <span class='ocr_line' id='line_1_31' title="bbox 121 2098 1573 2147; baseline -0.001 -14"><span class='ocrx_word' id='word_1_206' title='bbox 121 2098 207 2134; x_wconf 80' lang='lat' dir='ltr'><strong>viris</strong></span> <span class='ocrx_word' id='word_1_207' title='bbox 229 2099 369 2134; x_wconf 83' lang='lat' dir='ltr'><strong>armatis</strong></span> <span class='ocrx_word' id='word_1_208' title='bbox 391 2101 563 2147; x_wconf 82' lang='lat' dir='ltr'><strong>impositis</strong></span> <span class='ocrx_word' id='word_1_209' title='bbox 586 2113 628 2135; x_wconf 88' lang='lat' dir='ltr'><strong>se</strong></span> <span class='ocrx_word' id='word_1_210' title='bbox 652 2113 774 2135; x_wconf 86' lang='lat' dir='ltr'><strong>versus</strong></span> <span class='ocrx_word' id='word_1_211' title='bbox 797 2100 948 2146; x_wconf 86' lang='lat' dir='ltr'><strong>patrium</strong></span> <span class='ocrx_word' id='word_1_212' title='bbox 969 2101 1077 2135; x_wconf 91' lang='lat' dir='ltr'><strong>solum</strong></span> <span class='ocrx_word' id='word_1_213' title='bbox 1100 2101 1238 2135; x_wconf 89' lang='lat' dir='ltr'><strong>solvere</strong></span> <span class='ocrx_word' id='word_1_214' title='bbox 1262 2100 1477 2135; x_wconf 85' lang='lat' dir='ltr'><strong>simularunt.</strong></span> <span class='ocrx_word' id='word_1_215' title='bbox 1536 2104 1573 2133; x_wconf 91' lang='lat' dir='ltr'><strong>et</strong></span> 
     </span>
     <span class='ocr_line' id='line_1_32' title="bbox 121 2146 1573 2192; baseline -0.001 -12"><span class='ocrx_word' id='word_1_216' title='bbox 121 2156 247 2190; x_wconf 88' lang='lat' dir='ltr'><strong>equum</strong></span> <span class='ocrx_word' id='word_1_217' title='bbox 266 2146 405 2190; x_wconf 88' lang='lat' dir='ltr'><strong>quidem</strong></span> <span class='ocrx_word' id='word_1_218' title='bbox 423 2147 505 2181; x_wconf 87' lang='lat' dir='ltr'><strong>istic</strong></span> <span class='ocrx_word' id='word_1_219' title='bbox 522 2147 619 2181; x_wconf 77' lang='lat' dir='ltr'><strong>iuxta</strong></span> <span class='ocrx_word' id='word_1_220' title='bbox 638 2152 776 2192; x_wconf 89' lang='lat' dir='ltr'><strong>portum</strong></span> <span class='ocrx_word' id='word_1_221' title='bbox 797 2147 1051 2191; x_wconf 83' lang='lat' dir='ltr'><strong>relinquebant,</strong></span> <span class='ocrx_word' id='word_1_222' title='bbox 1075 2147 1145 2192; x_wconf 88' lang='lat' dir='ltr'><strong>ipsi</strong></span> <span class='ocrx_word' id='word_1_223' title='bbox 1162 2159 1248 2181; x_wconf 85' lang='lat' dir='ltr'><strong>vero</strong></span> <span class='ocrx_word' id='word_1_224' title='bbox 1270 2158 1345 2180; x_wconf 92' lang='lat' dir='ltr'><strong>cum</strong></span> <span class='ocrx_word' id='word_1_225' title='bbox 1363 2146 1509 2179; x_wconf 85' lang='lat' dir='ltr'><strong>navibus</strong></span> <span class='ocrx_word' id='word_1_226' title='bbox 1528 2146 1573 2179; x_wconf 88' lang='lat' dir='ltr'><strong>ad</strong></span> 
     </span>
     <span class='ocr_line' id='line_1_33' title="bbox 121 2191 1576 2238; baseline -0.001 -12"><span class='ocrx_word' id='word_1_227' title='bbox 121 2191 304 2226; x_wconf 85' lang='lat' dir='ltr'><strong>Tenedum</strong></span> <span class='ocrx_word' id='word_1_228' title='bbox 324 2192 469 2227; x_wconf 87' lang='lat' dir='ltr'><strong>insulam</strong></span> <span class='ocrx_word' id='word_1_229' title='bbox 489 2192 723 2238; x_wconf 83' lang='lat' dir='ltr'><strong>appellebant.</strong></span> <span class='ocrx_word' id='word_1_230' title='bbox 770 2193 938 2227; x_wconf 86' lang='lat' dir='ltr'><strong>videbant</strong></span> <span class='ocrx_word' id='word_1_231' title='bbox 955 2193 1103 2227; x_wconf 83' lang='lat' dir='ltr'><strong>Troiani</strong></span> <span class='ocrx_word' id='word_1_232' title='bbox 1127 2194 1220 2238; x_wconf 88' lang='lat' dir='ltr'><strong>quod</strong></span> <span class='ocrx_word' id='word_1_233' title='bbox 1238 2192 1434 2232; x_wconf 83' lang='lat' dir='ltr'><strong>acciderat3</strong></span> <span class='ocrx_word' id='word_1_234' title='bbox 1452 2196 1576 2236; x_wconf 84' lang='lat' dir='ltr'><strong>portus</strong></span> 
     </span>
     <span class='ocr_line' id='line_1_34' title="bbox 120 2237 1576 2283; baseline -0.001 -12"><span class='ocrx_word' id='word_1_235' title='bbox 120 2237 340 2283; x_wconf 70' lang='lat' dir='ltr'><strong>aspiciebant</strong></span> <span class='ocrx_word' id='word_1_236' title='bbox 357 2250 498 2283; x_wconf 81' lang='lat' dir='ltr'><strong>vacuos,</strong></span> <span class='ocrx_word' id='word_1_237' title='bbox 521 2239 630 2273; x_wconf 88' lang='lat' dir='ltr'><strong>solum</strong></span> <span class='ocrx_word' id='word_1_238' title='bbox 646 2250 770 2283; x_wconf 89' lang='lat' dir='ltr'><strong>equum</strong></span> <span class='ocrx_word' id='word_1_239' title='bbox 791 2239 966 2272; x_wconf 76' lang='lat' dir='ltr'><strong>intuentes</strong></span> <span class='ocrx_word' id='word_1_240' title='bbox 987 2239 1194 2274; x_wconf 83' lang='lat' dir='ltr'><strong>dubitabant</strong></span> <span class='ocrx_word' id='word_1_241' title='bbox 1211 2244 1247 2273; x_wconf 92' lang='lat' dir='ltr'><strong>et</strong></span> <span class='ocrx_word' id='word_1_242' title='bbox 1266 2238 1576 2282; x_wconf 75' lang='lat' dir='ltr'><strong>obstupescebant.</strong></span> 
     </span>
     <span class='ocr_line' id='line_1_35' title="bbox 121 2282 1574 2330; baseline 0 -13"><span class='ocrx_word' id='word_1_243' title='bbox 121 2294 163 2317; x_wconf 78' lang='lat' dir='ltr'><strong>ac</strong></span> <span class='ocrx_word' id='word_1_244' title='bbox 186 2282 297 2328; x_wconf 85' lang='lat' dir='ltr'><strong>primo</strong></span> <span class='ocrx_word' id='word_1_245' title='bbox 319 2283 457 2328; x_wconf 80' lang='lat' dir='ltr'><strong>quidem</strong></span> <span class='ocrx_word' id='word_1_246' title='bbox 478 2285 715 2320; x_wconf 80' lang='lat' dir='ltr'><strong>existimantes</strong></span> <span class='ocrx_word' id='word_1_247' title='bbox 737 2286 882 2318; x_wconf 86' lang='lat' dir='ltr'><strong>subesse</strong></span> <span class='ocrx_word' id='word_1_248' title='bbox 902 2285 1079 2328; x_wconf 80' lang='lat' dir='ltr'><strong>fraudem,</strong></span> <span class='ocrx_word' id='word_1_249' title='bbox 1114 2296 1238 2330; x_wconf 89' lang='lat' dir='ltr'><strong>equum</strong></span> <span class='ocrx_word' id='word_1_250' title='bbox 1262 2283 1403 2318; x_wconf 84' lang='lat' dir='ltr'><strong>abolere</strong></span> <span class='ocrx_word' id='word_1_251' title='bbox 1426 2283 1574 2317; x_wconf 84' lang='lat' dir='ltr'><strong>festina-</strong></span> 
     </span>
     <span class='ocr_line' id='line_1_36' title="bbox 120 2328 1576 2374; baseline -0.001 -11"><span class='ocrx_word' id='word_1_252' title='bbox 120 2329 207 2363; x_wconf 80' lang='lat' dir='ltr'><strong>bant</strong></span> <span class='ocrx_word' id='word_1_253' title='bbox 221 2328 295 2373; x_wconf 81' lang='lat' dir='ltr'><strong>igni</strong></span> <span class='ocrx_word' id='word_1_254' title='bbox 313 2330 479 2365; x_wconf 82' lang='lat' dir='ltr'><strong>traditum</strong></span> <span class='ocrx_word' id='word_1_255' title='bbox 496 2330 553 2365; x_wconf 82' lang='lat' dir='ltr'><strong>vel</strong></span> <span class='ocrx_word' id='word_1_256' title='bbox 575 2332 618 2365; x_wconf 87' lang='lat' dir='ltr'><strong>de</strong></span> <span class='ocrx_word' id='word_1_257' title='bbox 638 2330 789 2374; x_wconf 83' lang='lat' dir='ltr'><strong>scopulis</strong></span> <span class='ocrx_word' id='word_1_258' title='bbox 809 2330 846 2363; x_wconf 88' lang='lat' dir='ltr'><strong>in</strong></span> <span class='ocrx_word' id='word_1_259' title='bbox 864 2330 1136 2374; x_wconf 83' lang='lat' dir='ltr'><strong>profunditatem</strong></span> <span class='ocrx_word' id='word_1_260' title='bbox 1155 2331 1260 2365; x_wconf 81' lang='lat' dir='ltr'><strong>maris</strong></span> <span class='ocrx_word' id='word_1_261' title='bbox 1279 2329 1464 2364; x_wconf 81' lang='lat' dir='ltr'><strong>abiectum.</strong></span> <span class='ocrx_word' id='word_1_262' title='bbox 1511 2330 1576 2363; x_wconf 85' lang='lat' dir='ltr'><strong>de-</strong></span> 
     </span>
     <span class='ocr_line' id='line_1_37' title="bbox 120 2373 1577 2419; baseline 0 -11"><span class='ocrx_word' id='word_1_263' title='bbox 120 2373 202 2409; x_wconf 82' lang='lat' dir='ltr'><strong>inde</strong></span> <span class='ocrx_word' id='word_1_264' title='bbox 220 2376 314 2418; x_wconf 80' lang='lat' dir='ltr'><strong>(nam</strong></span> <span class='ocrx_word' id='word_1_265' title='bbox 331 2380 497 2410; x_wconf 83' lang='lat' dir='ltr'><strong>statutum</strong></span> <span class='ocrx_word' id='word_1_266' title='bbox 515 2383 592 2410; x_wconf 84' lang='lat' dir='ltr'><strong>erat</strong></span> <span class='ocrx_word' id='word_1_267' title='bbox 608 2377 774 2410; x_wconf 84' lang='lat' dir='ltr'><strong>divinitus</strong></span> <span class='ocrx_word' id='word_1_268' title='bbox 790 2376 933 2410; x_wconf 83' lang='lat' dir='ltr'><strong>Troiam</strong></span> <span class='ocrx_word' id='word_1_269' title='bbox 950 2381 1034 2410; x_wconf 89' lang='lat' dir='ltr'><strong>tunc</strong></span> <span class='ocrx_word' id='word_1_270' title='bbox 1051 2388 1129 2410; x_wconf 87' lang='lat' dir='ltr'><strong>esse</strong></span> <span class='ocrx_word' id='word_1_271' title='bbox 1150 2388 1189 2410; x_wconf 80' lang='lat' dir='ltr'><strong>ca</strong></span> <span class='ocrx_word' id='word_1_272' title='bbox 1216 2376 1369 2419; x_wconf 84' lang='lat' dir='ltr'><strong>iendam)</strong></span> <span class='ocrx_word' id='word_1_273' title='bbox 1389 2374 1501 2408; x_wconf 87' lang='lat' dir='ltr'><strong>visum</strong></span> <span class='ocrx_word' id='word_1_274' title='bbox 1520 2378 1577 2408; x_wconf 85' lang='lat' dir='ltr'><strong>est</strong></span> 
     </span>
     <span class='ocr_line' id='line_1_38' title="bbox 120 2388 1576 2467; baseline 0.001 -14"><span class='ocrx_word' id='word_1_275' title='bbox 120 2419 172 2454; x_wconf 80' lang='lat' dir='ltr'><strong>eis</strong></span> <span class='ocrx_word' id='word_1_276' title='bbox 195 2430 319 2465; x_wconf 86' lang='lat' dir='ltr'><strong>equum</strong></span> <span class='ocrx_word' id='word_1_277' title='bbox 339 2421 377 2455; x_wconf 89' lang='lat' dir='ltr'><strong>in</strong></span> <span class='ocrx_word' id='word_1_278' title='bbox 400 2422 521 2456; x_wconf 82' lang='lat' dir='ltr'><strong>urbem</strong></span> <span class='ocrx_word' id='word_1_279' title='bbox 543 2423 792 2462; x_wconf 85' lang='lat' dir='ltr'><strong>traducendum</strong></span> <span class='ocrx_word' id='word_1_280' title='bbox 818 2433 896 2458; x_wconf 85' lang='lat' dir='ltr'><strong>esse</strong></span> <span class='ocrx_word' id='word_1_281' title='bbox 916 2426 1078 2467; x_wconf 83' lang='lat' dir='ltr'><strong>tanquam</strong></span> <span class='ocrx_word' id='word_1_282' title='bbox 1106 2388 1323 2456; x_wconf 57' lang='lat' dir='ltr'><strong>simui‘acrum</strong></span> <span class='ocrx_word' id='word_1_283' title='bbox 1341 2420 1513 2465; x_wconf 83' lang='lat' dir='ltr'><strong>quoddam</strong></span> <span class='ocrx_word' id='word_1_284' title='bbox 1538 2425 1576 2454; x_wconf 85' lang='lat' dir='ltr'><strong>et</strong></span> 
     </span>
     <span class='ocr_line' id='line_1_39' title="bbox 118 2464 1575 2513; baseline -0.001 -14"><span class='ocrx_word' id='word_1_285' title='bbox 118 2464 265 2510; x_wconf 81' lang='lat' dir='ltr'><strong>spolium</strong></span> <span class='ocrx_word' id='word_1_286' title='bbox 287 2466 444 2501; x_wconf 78' lang='lat' dir='ltr'><strong>hostibus</strong></span> <span class='ocrx_word' id='word_1_287' title='bbox 463 2469 671 2513; x_wconf 79' lang='lat' dir='ltr'><strong>ademptum.</strong></span> <span class='ocrx_word' id='word_1_288' title='bbox 717 2472 931 2513; x_wconf 84' lang='lat' dir='ltr'><strong>quapropter</strong></span> <span class='ocrx_word' id='word_1_289' title='bbox 949 2479 1025 2502; x_wconf 87' lang='lat' dir='ltr'><strong>eum</strong></span> <span class='ocrx_word' id='word_1_290' title='bbox 1043 2469 1080 2502; x_wconf 88' lang='lat' dir='ltr'><strong>in</strong></span> <span class='ocrx_word' id='word_1_291' title='bbox 1099 2470 1219 2502; x_wconf 87' lang='lat' dir='ltr'><strong>urbem</strong></span> <span class='ocrx_word' id='word_1_292' title='bbox 1242 2479 1316 2501; x_wconf 90' lang='lat' dir='ltr'><strong>cum</strong></span> <span class='ocrx_word' id='word_1_293' title='bbox 1336 2465 1575 2511; x_wconf 77' lang='lat' dir='ltr'><strong>potationibus</strong></span> 
     </span>
     <span class='ocr_line' id='line_1_40' title="bbox 119 2510 1574 2559; baseline 0.001 -15"><span class='ocrx_word' id='word_1_294' title='bbox 119 2516 158 2545; x_wconf 86' lang='lat' dir='ltr'><strong>et</strong></span> <span class='ocrx_word' id='word_1_295' title='bbox 181 2510 315 2546; x_wconf 81' lang='lat' dir='ltr'><strong>choreis</strong></span> <span class='ocrx_word' id='word_1_296' title='bbox 338 2512 539 2557; x_wconf 85' lang='lat' dir='ltr'><strong>intulerunt,</strong></span> <span class='ocrx_word' id='word_1_297' title='bbox 565 2525 673 2558; x_wconf 89' lang='lat' dir='ltr'><strong>seque</strong></span> <span class='ocrx_word' id='word_1_298' title='bbox 697 2514 862 2559; x_wconf 84' lang='lat' dir='ltr'><strong>deinceps</strong></span> <span class='ocrx_word' id='word_1_299' title='bbox 887 2525 1006 2547; x_wconf 88' lang='lat' dir='ltr'><strong>somno</strong></span> <span class='ocrx_word' id='word_1_300' title='bbox 1032 2511 1133 2559; x_wconf 83' lang='lat' dir='ltr'><strong>gravi</strong></span> <span class='ocrx_word' id='word_1_301' title='bbox 1152 2512 1369 2547; x_wconf 81' lang='lat' dir='ltr'><strong>inexcitabili</strong></span> <span class='ocrx_word' id='word_1_302' title='bbox 1388 2512 1574 2546; x_wconf 87' lang='lat' dir='ltr'><strong>dederunt.</strong></span> 
     </span>
     <span class='ocr_line' id='line_1_41' title="bbox 119 2555 1576 2604; baseline 0.001 -15"><span class='ocrx_word' id='word_1_303' title='bbox 119 2560 158 2590; x_wconf 81' lang='lat' dir='ltr'><strong>at</strong></span> <span class='ocrx_word' id='word_1_304' title='bbox 178 2555 228 2590; x_wconf 87' lang='lat' dir='ltr'><strong>illi</strong></span> <span class='ocrx_word' id='word_1_305' title='bbox 245 2557 306 2601; x_wconf 86' lang='lat' dir='ltr'><strong>qui</strong></span> <span class='ocrx_word' id='word_1_306' title='bbox 322 2559 519 2594; x_wconf 81' lang='lat' dir='ltr'><strong>absconditi</strong></span> <span class='ocrx_word' id='word_1_307' title='bbox 536 2559 693 2594; x_wconf 83' lang='lat' dir='ltr'><strong>latebant</strong></span> <span class='ocrx_word' id='word_1_308' title='bbox 712 2559 749 2593; x_wconf 89' lang='lat' dir='ltr'><strong>in</strong></span> <span class='ocrx_word' id='word_1_309' title='bbox 768 2571 810 2594; x_wconf 82' lang='lat' dir='ltr'><strong>eo</strong></span> <span class='ocrx_word' id='word_1_310' title='bbox 835 2571 899 2604; x_wconf 88' lang='lat' dir='ltr'><strong>per</strong></span> <span class='ocrx_word' id='word_1_311' title='bbox 916 2559 1074 2603; x_wconf 83' lang='lat' dir='ltr'><strong>insidias,</strong></span> <span class='ocrx_word' id='word_1_312' title='bbox 1100 2559 1245 2593; x_wconf 83' lang='lat' dir='ltr'><strong>silenter</strong></span> <span class='ocrx_word' id='word_1_313' title='bbox 1263 2557 1397 2603; x_wconf 77' lang='lat' dir='ltr'><strong>egressi</strong></span> <span class='ocrx_word' id='word_1_314' title='bbox 1416 2569 1576 2602; x_wconf 80' lang='lat' dir='ltr'><strong>magnum</strong></span> 
     </span>
     <span class='ocr_line' id='line_1_42' title="bbox 117 2601 1576 2650; baseline 0.001 -16"><span class='ocrx_word' id='word_1_315' title='bbox 117 2601 234 2646; x_wconf 78' lang='lat' dir='ltr'><strong>ignem</strong></span> <span class='ocrx_word' id='word_1_316' title='bbox 255 2603 477 2639; x_wconf 79' lang='lat' dir='ltr'><strong>suscitarunt.</strong></span> <span class='ocrx_word' id='word_1_317' title='bbox 524 2606 617 2650; x_wconf 89' lang='lat' dir='ltr'><strong>quod</strong></span> <span class='ocrx_word' id='word_1_318' title='bbox 637 2605 829 2650; x_wconf 82' lang='lat' dir='ltr'><strong>conspicati</strong></span> <span class='ocrx_word' id='word_1_319' title='bbox 851 2605 993 2649; x_wconf 88' lang='lat' dir='ltr'><strong>Graeci,</strong></span> <span class='ocrx_word' id='word_1_320' title='bbox 1013 2605 1073 2650; x_wconf 89' lang='lat' dir='ltr'><strong>qui</strong></span> <span class='ocrx_word' id='word_1_321' title='bbox 1095 2606 1192 2650; x_wconf 87' lang='lat' dir='ltr'><strong>prius</strong></span> <span class='ocrx_word' id='word_1_322' title='bbox 1216 2605 1462 2646; x_wconf 83' lang='lat' dir='ltr'><strong>discesserant,</strong></span> <span class='ocrx_word' id='word_1_323' title='bbox 1481 2603 1576 2636; x_wconf 86' lang='lat' dir='ltr'><strong>dicto</strong></span> 
     </span>
     <span class='ocr_line' id='line_1_43' title="bbox 119 2647 1579 2696; baseline 0.001 -16"><span class='ocrx_word' id='word_1_324' title='bbox 119 2647 222 2681; x_wconf 85' lang='lat' dir='ltr'><strong>citius</strong></span> <span class='ocrx_word' id='word_1_325' title='bbox 255 2658 330 2682; x_wconf 85' lang='lat' dir='ltr'><strong>cum</strong></span> <span class='ocrx_word' id='word_1_326' title='bbox 363 2650 513 2694; x_wconf 77' lang='lat' dir='ltr'><strong>navigiis</strong></span> <span class='ocrx_word' id='word_1_327' title='bbox 546 2652 591 2685; x_wconf 83' lang='lat' dir='ltr'><strong>ad</strong></span> <span class='ocrx_word' id='word_1_328' title='bbox 618 2651 763 2685; x_wconf 79' lang='lat' dir='ltr'><strong>Troiam</strong></span> <span class='ocrx_word' id='word_1_329' title='bbox 797 2651 1051 2696; x_wconf 83' lang='lat' dir='ltr'><strong>applicuerunt.</strong></span> <span class='ocrx_word' id='word_1_330' title='bbox 1110 2662 1255 2695; x_wconf 86' lang='lat' dir='ltr'><strong>cumque</strong></span> <span class='ocrx_word' id='word_1_331' title='bbox 1280 2655 1404 2694; x_wconf 84' lang='lat' dir='ltr'><strong>portae</strong></span> <span class='ocrx_word' id='word_1_332' title='bbox 1427 2648 1579 2682; x_wconf 83' lang='lat' dir='ltr'><strong>fuissent</strong></span> 
     </span>
     <span class='ocr_line' id='line_1_44' title="bbox 119 2693 1576 2742; baseline 0.001 -16"><span class='ocrx_word' id='word_1_333' title='bbox 119 2697 263 2738; x_wconf 81' lang='lat' dir='ltr'><strong>apertae</strong></span> <span class='ocrx_word' id='word_1_334' title='bbox 279 2694 324 2728; x_wconf 82' lang='lat' dir='ltr'><strong>ab</strong></span> <span class='ocrx_word' id='word_1_335' title='bbox 342 2693 387 2728; x_wconf 88' lang='lat' dir='ltr'><strong>iis</strong></span> <span class='ocrx_word' id='word_1_336' title='bbox 405 2696 466 2740; x_wconf 83' lang='lat' dir='ltr'><strong>qui</strong></span> <span class='ocrx_word' id='word_1_337' title='bbox 484 2703 584 2731; x_wconf 84' lang='lat' dir='ltr'><strong>erant</strong></span> <span class='ocrx_word' id='word_1_338' title='bbox 597 2696 695 2742; x_wconf 85' lang='lat' dir='ltr'><strong>prius</strong></span> <span class='ocrx_word' id='word_1_339' title='bbox 712 2697 876 2742; x_wconf 77' lang='lat' dir='ltr'><strong>ingressi,</strong></span> <span class='ocrx_word' id='word_1_340' title='bbox 896 2697 1083 2731; x_wconf 86' lang='lat' dir='ltr'><strong>clanculum</strong></span> <span class='ocrx_word' id='word_1_341' title='bbox 1101 2696 1137 2730; x_wconf 92' lang='lat' dir='ltr'><strong>in</strong></span> <span class='ocrx_word' id='word_1_342' title='bbox 1156 2709 1230 2730; x_wconf 86' lang='lat' dir='ltr'><strong>eam</strong></span> <span class='ocrx_word' id='word_1_343' title='bbox 1245 2695 1354 2729; x_wconf 83' lang='lat' dir='ltr'><strong>infusi</strong></span> <span class='ocrx_word' id='word_1_344' title='bbox 1369 2700 1450 2729; x_wconf 86' lang='lat' dir='ltr'><strong>sunt</strong></span> <span class='ocrx_word' id='word_1_345' title='bbox 1463 2697 1576 2728; x_wconf 79' lang='lat' dir='ltr'><strong>instar</strong></span> 
     </span>
     <span class='ocr_line' id='line_1_45' title="bbox 117 2738 469 2784; baseline 0.006 -10"><span class='ocrx_word' id='word_1_346' title='bbox 117 2738 324 2774; x_wconf 75' lang='lat' dir='ltr'><strong>exundantis</strong></span> <span class='ocrx_word' id='word_1_347' title='bbox 346 2751 469 2784; x_wconf 82' lang='lat' dir='ltr'><strong>aquae.</strong></span> 
     </span>
    </p>

    <p class='ocr_par' dir='ltr' id='par_1_25' title="bbox 116 2784 1576 2881">
     <span class='ocr_line' id='line_1_46' title="bbox 210 2784 1571 2832; baseline 0.001 -14"><span class='ocrx_word' id='word_1_348' title='bbox 210 2784 289 2819; x_wconf 82' lang='lat' dir='ltr'><strong>Hoc</strong></span> <span class='ocrx_word' id='word_1_349' title='bbox 318 2787 418 2820; x_wconf 90' lang='lat' dir='ltr'><strong>modo</strong></span> <span class='ocrx_word' id='word_1_350' title='bbox 454 2798 528 2821; x_wconf 85' lang='lat' dir='ltr'><strong>cnm</strong></span> <span class='ocrx_word' id='word_1_351' title='bbox 560 2787 692 2832; x_wconf 82' lang='lat' dir='ltr'><strong>Troia,</strong></span> <span class='ocrx_word' id='word_1_352' title='bbox 721 2788 831 2823; x_wconf 86' lang='lat' dir='ltr'><strong>firmis</strong></span> <span class='ocrx_word' id='word_1_353' title='bbox 861 2788 994 2823; x_wconf 86' lang='lat' dir='ltr'><strong>munita</strong></span> <span class='ocrx_word' id='word_1_354' title='bbox 1019 2787 1197 2831; x_wconf 82' lang='lat' dir='ltr'><strong>turribus,</strong></span> <span class='ocrx_word' id='word_1_355' title='bbox 1232 2790 1338 2821; x_wconf 85' lang='lat' dir='ltr'><strong>esset·</strong></span> <span class='ocrx_word' id='word_1_356' title='bbox 1357 2788 1481 2831; x_wconf 81' lang='lat' dir='ltr'><strong>capta,</strong></span> <span class='ocrx_word' id='word_1_357' title='bbox 1516 2784 1571 2816; x_wconf 86' lang='lat' dir='ltr'><strong>fe—</strong></span> 
     </span>
     <span class='ocr_line' id='line_1_47' title="bbox 116 2829 1576 2881; baseline 0.001 -17"><span class='ocrx_word' id='word_1_358' title='bbox 116 2829 229 2865; x_wconf 79' lang='lat' dir='ltr'><strong>minae</strong></span> <span class='ocrx_word' id='word_1_359' title='bbox 245 2830 476 2876; x_wconf 51' lang='lat' dir='ltr'><strong>rapiebantur*</strong></span> <span class='ocrx_word' id='word_1_360' title='bbox 488 2845 509 2867; x_wconf 86' lang='lat' dir='ltr'><strong>e</strong></span> <span class='ocrx_word' id='word_1_361' title='bbox 531 2832 630 2869; x_wconf 82' lang='lat' dir='ltr'><strong>lectis</strong></span> <span class='ocrx_word' id='word_1_362' title='bbox 648 2836 864 2881; x_wconf 83' lang='lat' dir='ltr'><strong>recentibus,</strong></span> <span class='ocrx_word' id='word_1_363' title='bbox 880 2839 978 2871; x_wconf 81' lang='lat' dir='ltr'><strong>terra</strong></span> <span class='ocrx_word' id='word_1_364' title='bbox 994 2845 1059 2881; x_wconf 87' lang='lat' dir='ltr'><strong>per</strong></span> <span class='ocrx_word' id='word_1_365' title='bbox 1073 2834 1200 2871; x_wconf 77' lang='lat' dir='ltr'><strong>caedes</strong></span> <span class='ocrx_word' id='word_1_366' title='bbox 1217 2832 1412 2869; x_wconf 78' lang='lat' dir='ltr'><strong>cadentium</strong></span> <span class='ocrx_word' id='word_1_367' title='bbox 1429 2835 1576 2874; x_wconf 60' lang='lat' dir='ltr'><strong>stagna«</strong></span> 
     </span>
    </p>
   </div>
  </div>
 </body>
</html>
