1872 3236
335 185 359 230 1
369 181 429 230 14
714 184 1089 228 CONSTANTINI
1131 186 1394 231 MANASSIS

467 297 533 339 καὶ
559 296 631 337 σὺν
652 295 754 353 α’]ἒτῇ
775 298 841 339 καὶ
864 296 955 352 μετ’
977 297 1102 353 αὐτῆς
1124 297 1178 350 ὥς
1198 297 1298 354 εἶχεν
1319 300 1542 358 ἀφικνεῖται

465 364 566 421 πρὸς
585 362 700 406 πόλιν
718 364 791 419 τὴν
810 364 1073 421 πρωτόπολιν,
1109 367 1209 424 πρὸς
1232 367 1347 410 πόλιν
1368 371 1440 425 τὴν
1456 376 1530 414 τοῦ
1547 365 1733 426 κράτους.

460 438 510 488 τῇ
531 433 764 492 Πουλχερίᾳ
782 432 960 491 πρόσεισι
985 439 1035 491 τῇ
1052 435 1409 496 χαριτοκοσμήτῳ,

459 501 686 557 ἐπικουρίαν
702 502 866 554 ἐξαιτεῖ,
901 504 1026 545 δεῖται
1047 507 1314 559 βοηθηθῆναι

275 572 304 607 Β
324 568 434 613 2625
459 568 531 623 τὴν
549 566 671 624 κόρην
696 570 768 622 τὴν
787 575 868 612 τῶν
891 569 1035 625 ἑαυτῆς
1057 571 1205 621 ἀδίκως
1226 573 1505 629 στερουμένην.

456 635 658 689 θαυμάζει
681 642 753 691 τῆς
770 637 948 689 νεάνιδος
970 638 994 693 ἡ
1011 642 1172 692 βασιλὶς
1191 639 1236 681 τὸ
1253 639 1423 693 κάλλος,

457 703 711 758 ἐκπλήττεται
729 706 801 756 τὰς
821 714 1032 764 φεραυγεῖς
1047 706 1220 763 χάριτας
1238 712 1312 750 τοῦ
1328 707 1559 765 προσώπου,

456 771 658 826 θαυμάζει
677 774 750 828 τὴν
772 774 979 817 εὖσύνετον
996 775 1420 831 μεγαλογνωμοσύνην.

452 839 698 884 πυνθάνεται
721 845 755 884 εἷ
773 843 844 896 τὴν
866 843 990 897 αὐτῆς
1010 843 1214 901 ἔφθαρται
1235 847 1472 901 παρθενίαν,

316 912 428 951 2630
453 911 519 950 καὶ
539 914 690 964 γνοῦσα
711 911 845 965 κοίτης
870 910 1033 968 ἄπειρον
1053 912 1126 966 τὴν
1147 910 1270 968 κόρην
1281 916 1540 969 χρηματίζειν

450 979 517 1018 καὶ
535 977 580 1019 τὸ
600 978 722 1019 καλὸν
742 979 960 1033 ἀκίβδηλον
979 978 1192 1036 φυλάττειν
1208 985 1279 1035 τῆς
1296 979 1453 1036 ἁγνείας

448 1049 605 1102 λουτρῷ
624 1047 812 1102 καθαίρει
833 1051 890 1104 τῷ
908 1052 1040 1104 σεπτῷ
1050 1080 1060 1097 ,
1096 1048 1167 1102 τὴν
1186 1052 1324 1103 κλῆσιν
1341 1051 1587 1105 μεταμείβει,

449 1112 708 1167 μετονομάζει
727 1115 799 1169 τὴν
823 1115 950 1169 καλὴν
970 1120 1100 1158 νεᾶνιν
1118 1116 1332 1168 Εὖδοκίαν,

448 1179 637 1224 συνάπτει
658 1200 699 1232 τε
720 1187 779 1239 τῷ
798 1187 963 1236 βασιλεῖ
976 1186 1041 1225 καὶ
1066 1182 1266 1239 ζεύγνυσιν
1290 1187 1346 1235 εἷς
1367 1185 1495 1238 λέχος,

310 1248 420 1290 2635
445 1250 722 1306 συναραμένου
742 1251 793 1293 τὰ
816 1251 946 1293 πολλὰ
971 1251 1072 1308 πρὸς
1090 1256 1206 1294 τοῦτο
1230 1254 1297 1293 καὶ
1317 1254 1527 1294 Παυλίνου
1536 1286 1551 1306 ,

446 1316 490 1367 ὃς
511 1319 552 1359 ἕν
574 1325 658 1367 τοΐς
677 1317 851 1374 πρώτοις
868 1320 1032 1361 τέτακτο
1053 1323 1134 1361 τῶν
1152 1322 1354 1372 βασιλέως
1375 1322 1518 1377 φίλων.

444 1385 488 1426 ἔκ
507 1383 658 1440 ταύτης
682 1384 900 1436 Θεοδόσιος
917 1386 1044 1429 ἔτεκεν
1062 1387 1276 1438 Εὖὸοξιάν,

256 1467 287 1501 c
442 1452 490 1507 ἢν
518 1453 836 1511 Οὖαλεντινιανῷ
854 1459 1246 1511 σκηπτροκρατοῦντι
1260 1452 1418 1510 Ῥώμης

440 1525 512 1576 τῆς
530 1524 804 1578 πρεσβυτέρας
824 1521 1002 1577 ἔπεμψεν
1022 1525 1078 1573 εἷς
1093 1521 1225 1579 γάμου
1245 1526 1465 1566 κοινωνίαν.

304 1586 415 1630 2640
504 1589 615 1630 Ἀλλ’
637 1585 688 1644 ἦν
707 1591 836 1641 οὐδέν,
873 1589 927 1640 ὡς
947 1590 1083 1642 ἔοικεν,
1119 1590 1325 1646 εὐτύχημα
1343 1595 1416 1634 τοῦ
1434 1591 1528 1647 βίου

440 1655 561 1711 ζάλης
577 1660 643 1699 καὶ
663 1657 792 1712 λύπης
813 1659 970 1713 ἀμιγές,
1008 1659 1104 1701 οὖὸἐ
1122 1677 1182 1709 τις
1207 1660 1403 1713 εὖποτμία

438 1725 496 1779 μὴ
518 1725 873 1782 συναναφυόμενον
895 1726 1042 1779 ἔχουσα
1062 1729 1129 1769 καὶ
1147 1727 1191 1769 τὸ
1214 1729 1365 1778 κνίζον·

438 1795 505 1834 καὶ
526 1793 602 1850 γὰρ
626 1796 691 1835 καὶ
713 1793 832 1850 ῥόδον
854 1793 1025 1848 εὔοσμον
1046 1797 1206 1851 φρίσσει
1227 1802 1394 1847 πυκναῖς
1413 1792 1629 1847 ἀκάνθαις,

436 1859 551 1915 ἡλίου
575 1879 615 1904 τε
639 1862 685 1905 τὸ
703 1863 911 1919 βλέφαρον
931 1865 1154 1915 σκοτίζουσι
1173 1865 1351 1920 νεφέλαι,

391 1968 483 2003 2622
499 1967 569 2011 τὴν
594 1980 658 2014 pro
685 1969 795 2003 altera
813 1967 908 2012 πρὸς
927 1970 995 2005 RR
1131 1971 1222 2006 2629
1239 1968 1290 2014 μή
1308 1970 1339 2004 Α
1475 1971 1568 2007 2632
1583 1969 1762 2018 μεταβάλ-

390 2015 444 2047 λει
462 2014 560 2048 ARR
671 2015 763 2050 2634
783 2015 949 2059 μίγνυσιν
969 2016 1034 2051 AR
1144 2017 1236 2054 2639
1255 2016 1342 2062 βίου
1359 2017 1424 2053 Aa
1515 2018 1706 2052 συνοικίαν
1729 2020 1763 2054 R

387 2059 480 2095 2643
503 2058 647 2101 πυκνὰς
671 2058 845 2101 ἀκάνθας
862 2061 901 2095 Μ

298 2150 429 2184 sedem.
477 2151 559 2185 hinc
588 2151 807 2187 Pulcheriam
840 2152 955 2187 multis
989 2157 1143 2189 ornatam
1178 2153 1319 2189 dotibus
1349 2152 1556 2198 convenire,
1594 2165 1695 2199 opem
1726 2158 1764 2189 et

298 2196 461 2229 auxilium
481 2197 555 2231 eius
575 2197 772 2242 implorare,
796 2210 923 2242 rogare
941 2200 1091 2245 denique
1113 2201 1318 2235 subveniret
1334 2200 1470 2245 puellae
1485 2201 1557 2234 suis
1573 2202 1678 2234 rebus
1696 2212 1762 2244 per

297 2240 459 2274 iniuriam
478 2243 662 2286 spoliatae.
709 2243 894 2278 Pulcheria
915 2245 1118 2280 iuvenculae
1137 2248 1281 2280 formam
1300 2246 1485 2290 admirari,
1519 2247 1563 2280 ad
1581 2246 1760 2280 radiantes

298 2285 414 2320 vultus
433 2288 532 2320 dotes
558 2290 807 2333 obstupescere
820 2315 830 2332 ‚
853 2291 1166 2333 magnanimitatem
1186 2292 1286 2336 plane
1305 2292 1524 2336 conspicuam
1543 2291 1681 2336 plurimi
1702 2293 1758 2325 fa-

298 2343 398 2372 cere3
430 2333 529 2366 simul
551 2333 769 2377 interrogare
791 2346 870 2368 num
897 2337 1018 2370 florem
1045 2337 1257 2381 virginitatis
1277 2338 1389 2371 adhuc
1407 2337 1574 2371 illibatum
1597 2337 1758 2372 haberet.

295 2376 474 2412 intellecto
497 2379 642 2422 puellam
667 2380 779 2413 adhuc
801 2387 979 2424 expertem
1003 2394 1080 2416 esse
1107 2383 1260 2427 coniugii
1282 2383 1522 2427 castitatisque
1543 2384 1669 2417 bonum
1693 2384 1755 2417 ha-

295 2426 417 2456 ctenus
438 2423 611 2467 integrum
636 2436 809 2467 servasse,
834 2426 998 2470 religioso
1025 2440 1100 2461 eam
1126 2429 1264 2462 lavacro
1289 2434 1387 2462 curat
1408 2428 1514 2472 ablui,
1540 2440 1664 2462 nomen
1689 2429 1754 2463 im-

293 2473 424 2512 mutat,
453 2470 646 2504 Eudociam
665 2471 834 2515 appellat,
870 2473 971 2505 fratri
990 2474 1205 2508 matrimonio
1227 2473 1383 2518 copulat,
1415 2485 1484 2507 non
1507 2485 1629 2518 parum
1655 2475 1754 2508 adiu—

293 2519 399 2548 vante
418 2515 577 2557 Paulino,
603 2515 679 2549 viro
702 2516 794 2550 inter
815 2517 942 2550 amIcos
966 2518 1186 2563 imperatoris
1206 2520 1398 2564 principem
1424 2519 1535 2553 locum
1559 2520 1753 2554 obtinente.

292 2560 494 2605 procreavit
523 2567 637 2595 autem
667 2573 710 2595 ex
737 2562 802 2595 hac
826 2563 1047 2597 Theodosius
1076 2565 1293 2608 Eudoxiam‚
1325 2574 1426 2608 quam
1448 2565 1692 2600 Valentiniano
1716 2566 1753 2599 in

293 2607 382 2640 urbe
400 2606 512 2641 Roma
532 2612 654 2640 vetere
672 2607 856 2652 imperanti
878 2610 922 2642 ad
940 2609 1034 2643 vitae
1056 2611 1258 2645 societatem
1278 2610 1385 2644 misit.

385 2651 458 2686 Sed
479 2652 569 2686 enim
588 2652 681 2687 nulla
702 2653 797 2687 vitae
816 2653 965 2688 felicitas
989 2657 1206 2700 tempestatis
1231 2669 1271 2690 ac
1295 2655 1424 2690 doloris
1449 2668 1575 2702 expers
1597 2660 1665 2702 est,
1687 2670 1753 2693 nec

291 2697 506 2742 prosperitas
530 2709 607 2732 esse
631 2703 750 2743 potest
776 2699 845 2733 ulla
874 2711 949 2734 cum
969 2711 1037 2744 qua
1060 2713 1128 2735 non
1148 2702 1276 2737 existat
1298 2702 1401 2736 etiam
1419 2702 1550 2747 aliquid
1569 2705 1662 2748 quod
1686 2704 1750 2737 ho-

290 2742 415 2777 minem
443 2745 612 2778 mordeat.
660 2744 787 2778 etenim
821 2745 900 2789 ipsa
932 2757 1069 2790 quoque
1094 2759 1194 2791 rosa,
1224 2747 1308 2782 licet
1334 2749 1494 2792 fragrans
1516 2748 1583 2792 sit,
1614 2750 1747 2783 crebris

290 2793 405 2822 tamen
427 2789 536 2834 spinis
558 2790 696 2831 horret3
727 2790 879 2835 itemque
899 2791 1029 2825 vultum
1048 2792 1131 2826 solis
1161 2795 1270 2828 nubes
1291 2793 1464 2828 interdum
1487 2794 1635 2838 caligine
1659 2806 1747 2839 qua-

287 2834 365 2869 dam
388 2835 565 2871 obvelant.
612 2835 782 2870 consimili
799 2837 915 2872 modo
944 2837 1078 2874 invidia
1110 2839 1294 2875 comitatur
1325 2845 1361 2875 et
1388 2840 1581 2876 insectatur
1602 2851 1662 2876 eos
1684 2842 1745 2886 qui
