1872 3236
198 446 297 482 P59

260 1266 289 1298 B

324 198 419 249 124
708 197 963 243 CONSTAN
966 198 1062 245 TIN
1062 198 1083 244 1
1119 199 1382 244 MANASSIS

320 317 431 360 2860
456 312 549 357 οὐδὲ
569 312 645 370 γὰρ
666 306 716 367 ἦν
736 311 806 355 τὸν
821 310 1005 370 ’Άσπαρα
1024 311 1196 371 κράτους
1213 313 1479 369 ἐπιλαβέσθαι

455 387 505 439 τῇ
528 379 655 437 λύσσῃ
679 377 941 435 κατεχόμενον
955 382 1108 439 Ἀρείου
1131 387 1203 425 τοῦ
1221 382 1411 437 βεβήλου.

457 449 562 492 οὕτω
583 447 776 499 πολλάκις
796 450 1003 500 ταπεινοὺς
1023 449 1226 507 ἐργάζεται
1250 451 1295 493 τὸ
1316 452 1475 508 κέρδος,

452 512 580 567 οὕτως
601 518 755 567 ἐλπίδες
778 516 970 570 πλάζουσι
989 519 1062 569 τὰς
1078 524 1158 561 τῶν
1176 517 1405 576 ἀνθρώπων
1422 519 1584 577 φρένας.

450 583 580 642 τούτῳ
604 586 699 628 ποτὲ
717 589 777 643 τῷ
793 586 945 628 Λέοντι
961 591 1094 636 καλῶς
1116 591 1415 643 φιλευσεβοῦντι

315 653 425 696 2865
452 653 553 711 ἀνὴρ
575 655 721 711 σοφίας
742 654 951 712 θησαυρὸς
972 653 1182 710 ὡςτΈλλην
1203 653 1414 710 διεβλήθη,

451 722 524 776 τὴν
544 725 683 776 κλῆσιν
699 721 939 774 Ἰσοκάσιος,
974 724 1188 780 κοιαίστωρ
1207 723 1280 778 τὴν
1297 724 1432 774 ἀξίαν·

448 790 666 834 κάντεῦθεν
685 790 990 846 ἀπογυμνωθεὶς
1010 796 1128 846 τιμῆς
1143 808 1184 834 τε
1203 793 1268 833 καὶ
1283 789 1506 848 χρημάτων

451 856 613 916 ἐπάρχῳ
631 863 687 916 τῷ
706 863 777 913 τῆς
795 857 947 909 πόλεως
970 860 1170 902 ἐκδίδοται
1189 860 1289 917 πρὸς
1309 861 1452 917 κρίσιν.

451 924 507 977 ὥς
532 921 603 969 οὖν
623 925 797 982 εἰσήγετο
819 927 968 982 γυμνὸς
987 925 1042 978 ὡς
1061 929 1204 978 δοῦλος
1218 930 1444 984 μαστιγίας,

316 997 426 1038 2870
449 992 504 1044 ὥς
516 996 825 1052 χειροδέσμητος
844 995 994 1052 λῃστὴς
1012 997 1391 1053 περιηγκωνισμένος
1401 1029 1414 1049 ,

451 1061 472 1104 ὅ
496 1063 686 1118 δικαστὴς
704 1063 929 1120 ἀνέκραγεν,
964 1065 1178 1120 ἐπεγγελῶν
1199 1070 1255 1122 τῷ
1275 1063 1412 1117 πάθει,

439 1129 694 1186 αγινώσκεις,
724 1130 938 1183 Ἰσοκάσιε,
973 1131 1100 1175 πόθεν
1123 1134 1401 1188 ἕξεκυλίσθης,

447 1201 513 1241 καὶ
534 1204 612 1242 ποῦ
629 1217 672 1242 σε
687 1204 758 1242 νῦν
779 1198 1000 1255 κατήγαγεν
1018 1199 1039 1242 ὃ
1061 1199 1185 1255 κύβος
1206 1199 1227 1243 ὃ
1252 1206 1323 1255 τῆς
1342 1200 1464 1256 τύχης
1477 1201 1514 1256 5³²

448 1266 470 1309 ὅ
495 1268 538 1310 δὲ
555 1267 628 1310 σὺν
650 1266 934 1325 παραστήματι
957 1270 1126 1325 καρδίας
1145 1270 1344 1326 ἐλευθέρῳ

310 1334 420 1377 2875
442 1334 663 1391 εὗθήκτους
677 1334 891 1390 ἐποιήσατο
912 1334 1042 1394 τούτῳ
1064 1337 1138 1387 τὰς
1156 1337 1396 1393 ἀποκρίσεις.

440 1402 563 1445 ι(οἶδα
584 1404 628 1446 τὸ
647 1402 953 1459 πολυπλάνητον
971 1408 1043 1458 τῆς
1063 1403 1188 1459 τύχης
1208 1409 1281 1459 τῆς
1304 1403 1493 1456 ἀστάτου,

445 1473 512 1514 καὶ
534 1470 700 1514 σύνοιδα
722 1472 849 1526 μηδέν
867 1474 909 1514 τί
924 1490 974 1526 με
998 1473 1134 1515 καινὸν
1159 1477 1490 1528 καθυποστῆναι’

445 1540 599 1594 θνητὴν
619 1540 697 1596 γὰρ
723 1541 989 1596 περικείμενος
1011 1543 1078 1583 καὶ
1098 1542 1245 1597 γεηρὰν
1267 1542 1407 1583 οὐσίαν

444 1606 640 1651 ὑπέπεσον
661 1610 727 1650 καὶ
749 1606 900 1651 πάθέσι
921 1607 1081 1665 φύσεως
1097 1610 1366 1666 ἀνθρωπίνης.

308 1678 420 1720 2880
438 1676 486 1718 σὺ
505 1678 530 1718 δ
535 1677 547 1692 ²
567 1677 747 1732 ἐπιγνοὺς
768 1676 838 1719 τὸν
855 1675 1065 1734 κύλινδρον
1079 1679 1146 1719 καὶ
1166 1677 1235 1719 τὸν
1250 1677 1395 1734 τροχὸν
1412 1681 1485 1720 τοῦ
1500 1678 1592 1731 βίου

446 1745 614 1800 ἐξένεγκε
634 1744 707 1798 τὴν
727 1746 841 1799 δίκην
860 1761 931 1799 μοι
948 1743 1136 1800 τοιαύτην
1159 1746 1390 1803 κρινομένῳ,

445 1811 586 1855 ὁποίαν
607 1814 750 1869 κρίνων
766 1812 841 1855 σὺν
862 1815 950 1866 ἐμοὶ
973 1814 1044 1868 τὴν
1062 1818 1206 1871 ψῆφον
1228 1812 1487 1871 ἄπεφαίνου.”

444 1880 563 1935 ὄχλος
580 1881 724 1924 οὐκοῦν
749 1879 771 1924 ὃ
791 1881 1000 1940 παρεστὼς
1017 1880 1304 1937 θαυμάσαντες
1320 1881 1550 1938 τὸν-ἄνδρα,

399 2010 493 2044 2860
512 2008 650 2053 κράτος
671 2011 706 2045 R
908 2010 1000 2045 2864
1021 2010 1121 2057 καλῷ
1143 2010 1174 2045 Α
1377 2010 1469 2045 2873
1489 2006 1705 2051 κατέστησεν
1728 2009 1762 2042 R

398 2057 490 2092 2877
507 2056 635 2100 μηκέτι
655 2068 700 2101 με
722 2057 788 2094 AR
932 2057 1024 2092 2879
1045 2053 1213 2091 ὑπέπεσοι
1236 2058 1270 2092 R
1411 2056 1504 2090 2882
1525 2051 1705 2098 ἅπεφήνω
1730 2054 1761 2088 Α

306 2170 380 2201 tate
406 2168 720 2203 cohonestaturum.
769 2169 899 2214 quippe
919 2169 998 2204 fieri
1020 2169 1111 2204 nullo
1135 2170 1235 2203 modo
1256 2172 1396 2213 poterat
1419 2170 1459 2200 ut
1479 2167 1592 2211 Aspar
1615 2166 1760 2210 imperio

305 2213 491 2257 potiretur,
517 2216 609 2258 quod
629 2215 853 2249 exsecrabilis
872 2215 947 2249 Arii
977 2215 1088 2249 furori
1114 2216 1271 2249 addictus
1293 2219 1398 2247 esset.
1446 2213 1497 2245 sic
1522 2212 1651 2246 lucrum
1674 2223 1760 2244 non—

304 2270 476 2303 nunquam
499 2260 653 2294 homines
679 2261 869 2294 submissos
889 2262 1021 2302 efficit3
1055 2261 1106 2295 sic
1135 2272 1215 2306 spes
1243 2259 1434 2293 mortalium
1458 2258 1589 2292 animos
1611 2258 1759 2300 fingunt.

303 2306 396 2348 apud
416 2305 506 2338 hunc
527 2306 699 2349 Leonem,
723 2306 784 2351 qui
805 2308 848 2340 de
876 2307 1049 2340 varietate
1073 2305 1251 2350 religionis
1276 2311 1373 2338 recte
1395 2303 1589 2346 sentiebat,
1621 2303 1761 2348 quidam

303 2349 488 2395 aliquando
515 2351 648 2385 delatus
675 2363 738 2396 per
761 2351 961 2386 calumniam
983 2353 1051 2386 suit
1072 2353 1171 2397 quasi
1194 2351 1340 2385 ethnicis
1367 2348 1673 2393 superstitionibus
1697 2350 1761 2383 ad·-

302 2396 418 2430 dictus
439 2401 544 2440 esset,
573 2408 648 2430 cum
666 2408 792 2441 reapse
810 2398 904 2431 foret
923 2399 1101 2432 doctrinae
1125 2410 1166 2432 ac
1191 2395 1384 2441 sapientiae
1407 2395 1545 2439 quidam
1563 2395 1663 2439 quasi
1680 2394 1759 2428 the-

302 2453 438 2476 saurus.
489 2448 565 2478 erat
586 2442 619 2476 ei
638 2454 761 2476 nomen
783 2443 955 2477 Isocasius
968 2470 977 2486 ,
1011 2450 1048 2478 et
1064 2444 1133 2477 iam
1154 2444 1198 2477 ad
1218 2443 1381 2476 honorem
1403 2446 1612 2485 quaesturae
1630 2452 1757 2486 perve-

303 2492 417 2522 nerat.
463 2487 570 2531 igitur
592 2500 673 2522 reus
692 2487 863 2533 dignitate
882 2500 922 2522 ac
940 2489 1162 2524 facultatibus
1181 2488 1349 2534 spoliatus
1373 2498 1487 2520 coram
1505 2488 1637 2520 urbano
1653 2497 1758 2531 prae-

302 2538 382 2568 tore
404 2533 533 2567 iudicio
558 2534 716 2575 sistitur3
755 2545 899 2578 cumque
931 2536 1041 2569 nudus
1064 2537 1109 2570 ad
1135 2534 1226 2568 illum
1255 2534 1504 2576 deduceretur,
1531 2532 1642 2567 instar
1663 2531 1758 2566 servi

304 2579 511 2613 verberonis
530 2586 590 2613 aut
609 2579 753 2614 latronis
772 2579 945 2623 colligati,
979 2581 1085 2614 iudex
1102 2580 1288 2614 calamitati
1306 2579 1380 2613 eius
1399 2579 1567 2612 insultans
1592 2577 1760 2613 exclamat

303 2625 342 2659 in
361 2626 448 2659 haec
463 2627 590 2659 verba:
607 2621 743 2660 “iamne
766 2625 946 2670 agnoscis,
970 2626 1122 2669 Isocasi,
1150 2627 1241 2660 unde
1262 2624 1455 2668 excideris,
1478 2630 1514 2658 et
1532 2635 1600 2669 quo
1622 2628 1660 2658 te
1683 2622 1760 2657 alea

304 2673 467 2706 fortunae
491 2668 712 2705 deiecerit?''
745 2673 788 2707 ad
807 2682 895 2716 quae
919 2671 976 2705 ille
1001 2683 1171 2716 generoso
1199 2683 1239 2706 ac
1255 2671 1366 2705 libero
1393 2681 1536 2716 prorsus
1562 2670 1674 2704 animo
1698 2680 1757 2702 re-

305 2716 448 2762 spondit
470 2713 655 2761 “equidem
675 2718 836 2752 fortunae
854 2729 977 2761 vagam
997 2717 1262 2751 inconstantiam
1280 2728 1430 2761 agnosco
1442 2743 1452 2760 ,
1473 2729 1538 2750 nec
1555 2716 1639 2750 mihi
1656 2714 1757 2760 quid-

304 2774 408 2807 quam
427 2763 585 2797 accidere
608 2763 691 2797 novi
708 2765 835 2798 fateor.
883 2763 1012 2808 quippe
1033 2775 1109 2797 cum
1129 2763 1282 2798 mortalis
1308 2763 1372 2797 sim
1385 2789 1394 2806 ,
1422 2763 1590 2797 humanae
1615 2767 1759 2795 naturae

306 2808 520 2843 calamitates
539 2809 713 2854 experior.
760 2815 799 2843 tu
821 2820 906 2843 vero
934 2809 1058 2843 defixis
1083 2809 1120 2843 in
1143 2809 1238 2843 vitae
1259 2814 1370 2843 rotam
1394 2810 1500 2843 oculis
1518 2808 1621 2843 talem
1639 2808 1695 2840 fac
1713 2807 1758 2840 de

306 2866 360 2889 me
375 2854 583 2901 sententiam
606 2856 720 2900 feras,
750 2854 885 2901 qualem
904 2867 961 2891 me
982 2854 1113 2900 collega
1138 2856 1233 2891 ferre
1258 2851 1505 2893 consuevisti.’'
1551 2855 1595 2889 ad
1612 2858 1682 2888 tam
1700 2863 1756 2887 sa-
