1832 3250
1277 155 1424 185 *έιιὰη,.·-

475 193 847 239 GOMPENDIUM
880 194 1222 241 CHRONICUM.
1503 191 1570 242 49

262 305 356 351 ἄνευ
370 310 504 364 φυλῆς
525 309 597 363 τῆς
615 310 688 350 τοῦ
704 308 837 350 Λευί·
870 306 996 366 ταύτῃ
1018 308 1095 365 γὰρ
1115 307 1201 352 ἀντὶ
1220 306 1368 365 λάχους

129 375 238 420 1085
258 374 311 419 τὰ
330 379 404 419 τοῦ
424 378 528 419 θεοῦ
545 376 611 418 καὶ
630 378 688 433 τῷ·
706 380 791 434 θεῷ
808 375 1198 433 κατεκληροδοτήθη.
1363 375 1369 381 ’

259 437 377 494 οὗτος
400 440 600 494 δυνάστας
622 444 806 499 Χαναὰμ,
825 446 892 487 καὶ
911 443 1064 495 πάντας
1080 445 1175 495 τοὺς
1192 443 1453 504 προσχώρους
1495 479 1503 507 3

257 509 379 569 ῥιζῶν
397 509 549 554 ἃνειλεν
571 510 646 554 ἀπ’
673 512 806 555 αὐτῶν
827 514 1011 569 βραχίονι
1031 511 1205 570 μεγάλῳ.
1593 510 1623 544 P
1644 511 1690 547 23

259 580 326 622 καὶ
345 576 491 622 τούτου
517 576 733 634 διαβάντος
754 580 805 635 δὴ
828 579 901 636 τὴν
923 579 1055 635 ἅλμην
1074 579 1147 635 τὴν
1171 585 1244 624 τοῦ
1260 583 1368 638 βίου,

257 649 606 704 κριταὶ-κατῆρχον
629 652 702 690 τοῦ
717 652 818 691 λαοῦ
839 650 905 691 καὶ
924 647 1054 690 πάντα
1078 646 1315 702 διεκόσμουν

127 714 237 758 1090
257 715 398 773 μέχρις
407 715 521 758 Ἠλεὶ
541 717 608 758 καὶ
629 715 824 772 Σαμουὴλ
842 721 915 759 τοῦ
934 713 1305 774 προφητικωτάτου.

257 783 333 834 ἕως
352 784 427 838 μὲν
446 777 518 826 οὖν
536 783 714 838 ἐνέμενον
735 792 819 835 τοῖς
835 783 973 839 νόμοις
995 791 1078 835 τοῖς
1099 785 1252 835 ἐνθέοις

258 853 324 894 καὶ
342 851 414 894 τὸν
434 851 533 894 θεὸν
551 852 734 907 ἐσέβοντο
759 855 943 910 καρδίαις
962 850 1229 904 ἅδιστάκτοις,

257 916 403 970 ἔθνους
423 917 630 977 ὗπέρτεροι
653 920 800 972 παντὸς
819 922 885 963 καὶ
906 921 1042 977 γένους
1062 922 1288 978 ἕτηροῦντο,

257 988 325 1030 καὶ
343 987 446 1031 κατὰ
468 987 564 1044 ῥοῦν
579 989 740 1046 ἐφέρετο
757 987 912 1039 τούτοις
930 987 950 1030 ὅ
970 990 1061 1043 βίος
1077 987 1195 1040 ἅπας.

126 1053 233 1099 1095
253 1053 369 1110 ἡνίκα
391 1055 427 1098 δ’
454 1057 684 1114 ἔξεφέροντο
703 1057 805 1114 πρὸς
818 1057 1146 1114 εἷδωλολατρείαν

255 1125 323 1166 καὶ
344 1126 626 1182 προσετίθεντο
651 1129 765 1176 θεοῖς
783 1123 960 1181 ἀψύχοις
977 1127 1044 1168 καὶ
1066 1125 1266 1179 ματαίοις,

255 1190 409 1244 εὗθέως
427 1195 686 1250 παρεδίδοντο
712 1199 796 1244 τοῒς
819 1194 1028 1248 δυσμενέσι
1049 1195 1199 1236 δοῦλοι.

255 1259 372 1317 μέχρι
390 1261 464 1315 μὲν
480 1255 551 1304 οὖν
570 1264 637 1304 καὶ
656 1262 852 1317 Σαμουὴλ
871 1263 1003 1319 κριταὶ
1026 1260 1178 1305 τούτων
1198 1266 1397 1320 κατῆρχον
1409 1277 1421 1290 ·

254 1328 357 1382 μετὰ
379 1329 423 1371 δὲ
442 1333 570 1371 ταῦτα
590 1330 781 1383 βασιλεὺς
796 1328 1007 1386 αἰτήσασιν
1028 1328 1154 1385 ἐδόθη
1592 1330 1623 1366 Β

123 1397 231 1439 1100
255 1395 335 1438 ἀπὸ
354 1400 486 1454 φυλῆς
506 1399 700 1451 Βενιαμὶν
721 1398 858 1440 Σαοὺλ
879 1402 953 1440 τοῦ
976 1400 1056 1448 Κὶς
1078 1395 1099 1440 ὃ
1124 1395 1252 1453 γόνος.

254 1466 322 1506 καὶ
339 1464 442 1518 μετὰ
457 1468 598 1507 τοῦτον
615 1463 637 1506 ὃ
656 1466 796 1519 Δαβὶδ
816 1463 837 1507 ὃ
859 1466 983 1521 μέγας
1004 1466 1045 1507 ἓν
1065 1464 1294 1522 προφήταις
1336 1467 1339 1469 ’

253 1536 327 1574 τοῦ
345 1532 482 1588 γένους
496 1531 656 1590 κράτωρ
674 1534 835 1588 γίνεται,
869 1534 1087 1590 θρέμματα
1101 1531 1188 1576 τότε
1211 1534 1353 1588 νέμων,

254 1601 322 1642 καὶ
343 1603 520 1655 καθεξῆς
533 1602 788 1658 τρισκαίδεκα
809 1601 948 1657 μέχρις
962 1601 1159 1655 Ἰεχονίου,

253 1667 326 1725 ἐφ’
347 1662 396 1710 οὗ
416 1668 462 1711 τὸ
481 1669 615 1725 τρίτον
632 1668 814 1711 ἐπελθὼν
835 1666 857 1711 ὃ
874 1666 1243 1725 Ναβουχοδονόσορ

122 1735 228 1778 1105
251 1735 323 1791 τὴν
339 1734 455 1778 πόλιν
479 1728 681 1794 ἐνεπύρισε
705 1738 772 1779 καὶ
792 1735 861 1779 τὸν
883 1736 981 1778 ναὸν
1001 1736 1070 1778 τὸν
1087 1740 1214 1789 θεΐον,

253 1805 320 1846 καὶ
343 1803 412 1847 τὸν
432 1803 530 1846 λαὸν
547 1802 764 1862 μετῴκισεν
785 1805 826 1847 ἓν
841 1802 960 1864 χώρᾳ
975 1806 1236 1859 Βαβυλῶνος.

321 1875 409 1915 Τοῦ
429 1873 473 1915 δὲ
487 1873 627 1927 Δαβὶδ
646 1871 918 1930 κατάρξαντος
937 1872 1027 1930 ἄρτι
1047 1877 1127 1915 τῶν
1147 1868 1378 1929 ὁμοφύλων,
1440 1864 1450 1871 “

210 1978 299 2014 1085
321 1978 383 2015 καὶ
405 1978 473 2026 τῷ]
503 1990 543 2014 τε
564 1977 628 2014 καὶ
650 1979 728 2016 AR.
752 1992 798 2015 an
814 1976 961 2024 καῦτὴἰ)
1113 1978 1202 2013 1100
1224 1977 1344 2024 φυλῆς
1363 1976 1433 2012 τοῦ
1456 1977 1500 2013 Β.
1524 1977 1563 2012 Μ

209 2026 296 2060 1101
319 2022 340 2061 ὁ
363 2023 559 2069 προφήτης
579 2027 644 2060 AR
791 2027 880 2060 1102
900 2023 1021 2066 νέμων
1043 2022 1128 2060 τότε
1147 2025 1182 2059 R
1318 2024 1406 2059 1107
1428 2021 1564 2068 κατάρ-

205 2082 333 2116 χοντος
351 2070 455 2107 AMR
475 2068 559 2108 τότε
579 2071 652 2106 MR
672 2068 891 2117 ἀλλοφύλων
910 2071 976 2106 AR

117 2163 220 2207 cepta
238 2160 330 2195 Levi
345 2161 461 2198 tribu:
481 2174 558 2197 nam
579 2162 630 2196 illi
650 2161 755 2197 sortis
776 2173 860 2196 suae
878 2160 955 2196 loco
976 2172 1034 2196 res
1055 2159 1196 2196 divinae
1215 2170 1285 2194 una
1303 2171 1378 2194 cum
1397 2159 1475 2205 ipso
1497 2161 1564 2195 deo

117 2206 330 2252 obtigerunt.
377 2207 434 2242 hic
455 2214 492 2243 et
507 2209 683 2262 principes
700 2209 927 2242 chananaeos
946 2213 982 2243 et
997 2218 1113 2241 omnes
1133 2205 1310 2250 finitimos,
1331 2207 1375 2240 ab
1396 2206 1483 2251 ipsis
1501 2217 1561 2240 us-

117 2263 186 2298 que
203 2252 391 2296 radicibus,
413 2254 498 2288 forti
518 2255 660 2289 brachio
681 2254 819 2288 evulsit.
867 2264 942 2288 cum
960 2259 1075 2287 autem
1095 2257 1130 2286 et
1147 2252 1224 2296 ipse
1242 2251 1336 2286 vitae
1355 2251 1456 2285 huius
1471 2263 1566 2286 mare

115 2298 324 2342 traiecisset,
346 2298 478 2334 iudices
498 2300 659 2345 populum
680 2300 857 2334 habebant
870 2299 907 2332 in
925 2302 1099 2343 potestate
1117 2298 1299 2342 omniaque
1312 2297 1566 2341 gubernabant,

116 2353 231 2397 usque.
250 2345 295 2378 ad
317 2344 377 2378 Eli
410 2350 446 2379 et
473 2345 666 2380 Samuelem
690 2350 805 2379 vatem
828 2344 1019 2378 mximum.
1066 2354 1167 2388 quam
1192 2343 1330 2388 quidem
1352 2342 1412 2376 diu
1435 2342 1565 2376 divinis

116 2387 251 2434 legibus
274 2395 473 2425 constanter
499 2391 729 2426 inhaerebant
751 2392 920 2435 deumque
943 2388 1105 2424 cordibus
1130 2400 1198 2422 non
1221 2387 1391 2431 ambiguis
1415 2399 1563 2422 venera-

117 2435 255 2479 bantur,
276 2435 399 2480 quavis
418 2441 522 2480 gente
544 2449 586 2471 ac
606 2437 746 2470 natione
763 2436 962 2481 superiores
979 2440 1079 2469 erant
1110 2433 1284 2478 vitamque
1303 2433 1498 2467 universam
1520 2444 1565 2467 ex

119 2479 224 2514 animi
241 2481 417 2517 sententia
435 2482 689 2526 transigebant.
736 2482 873 2526 quoties
891 2486 1005 2517 autem
1023 2481 1068 2515 ad
1087 2481 1302 2515 deastrorum
1318 2478 1443 2513 cultum
1460 2489 1562 2512 exor-

117 2525 278 2560 bitabant
301 2532 339 2561 et
360 2533 507 2561 mentem
531 2529 575 2562 ad
596 2527 764 2562 inanimes
790 2537 967 2571 vanosque
991 2527 1075 2561 deos
1099 2524 1329 2567 adiiciebant,
1363 2523 1479 2558 statim
1501 2523 1565 2558 ad-

118 2571 284 2605 versariis
304 2571 341 2606 in
361 2572 564 2607 servitutem
588 2575 829 2607 tradebantur.
873 2572 982 2616 igitur
1008 2582 1117 2616 usque
1148 2571 1192 2604 ad
1216 2568 1408 2604 Samuelem
1432 2569 1565 2603 iudices

118 2616 344 2661 imperarunt.
390 2617 554 2663 deinceps
576 2618 627 2652 eis
648 2630 711 2654 rex
732 2620 832 2653 datus
856 2624 922 2661 est,
943 2617 994 2651 uti
1015 2616 1203 2662 petierant,
1224 2614 1348 2649 Saulus
1374 2614 1449 2647 cisi
1471 2613 1563 2647 filius

120 2662 166 2696 de
180 2661 274 2695 tribu
286 2662 477 2698 Beniamin.
524 2669 605 2708 post
619 2663 760 2698 Saulurn
774 2663 900 2708 David,
920 2674 1061 2706 magnus
1077 2661 1135 2696 ille
1153 2666 1264 2703 vates,
1281 2659 1394 2704 gentis
1410 2660 1451 2693 fit
1464 2659 1561 2704 prin—

120 2718 226 2752 ceps,
247 2708 326 2741 dum
347 2719 430 2742 oves
450 2709 574 2754 pascit.
622 2714 863 2744 successerunt
887 2708 1008 2743 ordine
1030 2706 1196 2741 tredecim
1219 2706 1262 2740 ad
1286 2705 1483 2739 lechoniam
1505 2715 1564 2738 us-

120 2756 207 2797 que;
226 2751 322 2786 cuius
342 2757 497 2799 tempore
519 2765 594 2788 cum
611 2755 934 2797 Nabuchodonosor
950 2759 1006 2788 ter
1023 2752 1190 2796 venisset,
1211 2751 1332 2785 urbem
1350 2762 1425 2785 cum
1444 2749 1562 2785 divino

119 2797 248 2843 templo
270 2797 403 2832 exussit
419 2803 456 2832 et
475 2800 636 2844 populum
657 2800 694 2834 in
714 2799 941 2844 Babyloniam
964 2799 1149 2843 regionem'
1163 2795 1353 2831 transtulit.

210 2843 346 2877 Dau'de
364 2847 477 2878 autem
495 2845 626 2880 nationi
642 2857 727 2880 suae
742 2845 934 2891 imperante
952 2844 1082 2880 Graeci
1103 2843 1228 2879 bellum
1247 2843 1414 2876 adversus
1434 2839 1561 2875 Troia·

173 2895 286 2932 coust.
317 2895 508 2931 Manassen.
1265 2888 1292 2931 4
