1924 3242
590 157 990 207 ACROPOLITAM
1015 158 1202 230 NOTAE
1520 157 1617 203 215

172 269 229 312 nd
250 268 560 324 oppugnandam
591 271 749 323 cpolim
775 271 922 309 summi
953 269 1146 322 pontificis
1172 269 1324 308 literae.
1388 273 1516 306 totum
1542 265 1619 307 hoc

170 328 377 379 nogotium
404 329 509 379 regis
529 328 716 366 Franciae
740 328 830 365 suit.
891 325 1090 379 quomodo
1116 339 1209 365 vero
1226 324 1366 365 Veneti
1385 325 1503 376 primi
1526 331 1617 362 ante

170 384 455 434 *heingi-essi
473 386 709 436 Byzantium
727 382 939 422 dicuntur?
997 397 1088 421 cum
1111 396 1172 420 res
1199 384 1344 420 civium
1371 380 1477 432 apud
1505 394 1617 420 sum-

170 452 283 484 mum
303 446 458 491 patrem
479 448 686 492 gereretur.
695 441 855 493 vitaque
877 453 1014 477 eorum
1031 441 1073 477 in
1095 438 1214 476 dubio
1235 445 1350 486 esset,
1369 438 1616 489 pactionibus

169 509 290 548 saepe
318 497 511 546 confusis,
550 498 804 535 venetiarum
828 495 913 533 dux
935 497 1074 534 Ericus
1103 494 1309 532 Dandulus
1331 507 1421 532 cum
1441 495 1615 545 impera-

168 558 254 594 tore
275 551 324 591 de
344 565 441 604 pace
461 561 617 591 acturus
636 555 787 591 triremi
805 554 919 590 iuxta
938 550 1190 590 Cosmedium
1211 551 1387 603 appellit.
1418 549 1558 588 eodem
1576 556 1615 589 et

168 609 384 660 imperator
401 622 503 662 equo
523 608 744 647 advehitur.
803 608 899 646 dum
919 607 967 645 de
988 621 1084 660 pace
1107 614 1146 645 et
1163 607 1455 645 condicionibus
1475 605 1614 657 dispu-

168 671 288 714 tatur,
308 666 542 703 Latinorum
560 673 761 717 equestres
782 667 916 717 copiae
934 678 987 702 ex
1005 666 1204 715 superiore
1220 665 1306 702 loco
1327 664 1455 701 subito
1479 676 1614 701 erum-

168 728 307 772 pentes
323 721 427 760 laxis
449 720 615 759 habenis
632 720 911 773 imperatorem
935 728 1093 772 petunt,
1130 727 1174 757 ut
1201 723 1272 758 vix
1299 732 1401 771 equo
1426 731 1614 757 converso

167 778 389 828 periculum
417 777 599 829 effugerit
629 785 668 815 et
697 780 885 815 comitum
914 780 998 815 eius
1021 778 1146 828 aliqui
1167 783 1409 828 caperemur.
1467 773 1613 812 exinde

166 834 371 871 maximae
384 832 561 872 >hostiles
583 847 704 872 naves
718 863 728 882 ,
766 836 809 870 in
828 833 970 885 quibus
986 840 1143 884 paratae
1162 839 1272 870 erant
1290 833 1418 870 scalae
1438 838 1613 868 caetera-

167 902 246 942 que
273 890 532 928 instrumenta
563 889 615 927 ad
643 889 954 941 oppugnandum
981 890 1220 939 necessar1a‚
1261 895 1366 926 recta
1385 887 1436 925 ad
1455 889 1614 925 moenia

167 944 360 986 accedunt
377 952 638 997 etoccupant.
697 958 750 983 ex
770 943 974 982 Choniata.
1031 940 1133 983 Am..

275 1015 318 1052 p.
337 1003 363 1042 9
391 1015 431 1039 v.
452 1003 500 1043 9.,
551 997 662 1048 ἔτους
682 999 755 1052 μὲν
775 999 912 1052 ὄντος]
952 1002 1178 1052 Acropolita
1195 1007 1328 1038 noster
1347 1000 1444 1036 facit
1464 1011 1611 1036 annum

165 1057 298 1098 6711:
333 1069 507 1109 namque
538 1056 692 1094 decimo
714 1059 862 1095 mensis
884 1059 981 1094 Maii
1002 1059 1045 1094 in
1071 1057 1212 1094 urbem
1236 1056 1446 1107 appulere,
1485 1059 1612 1092 conti-

163 1119 337 1151 nuarunt
361 1113 609 1152 obsidionem
638 1127 794 1153 menses
823 1113 1030 1161 undecim,
1071 1125 1190 1165 quare
1220 1113 1270 1152 11
1291 1113 1439 1148 mensis
1461 1112 1610 1161 Aprilis

164 1168 304 1207 urbem
330 1170 499 1220 ingressi
521 1176 626 1207 sun-t.
682 1183 778 1206 nam
805 1171 839 1207 si
866 1171 918 1211 58
945 1181 1067 1207 annos
1095 1182 1184 1206 eam
1207 1175 1368 1205 tenuere
1387 1168 1540 1215 Latini,
1571 1173 1612 1204 et

165 1227 397 1267 annofi769
425 1232 704 1276 recuperarunt
723 1227 883 1274 Graeci,
922 1227 956 1262 si
985 1224 1120 1263 demas
1149 1231 1358 1275 occupatae
1385 1236 1609 1270 numerum,

165 1281 235 1332 qui
255 1289 460 1319 remanent
478 1288 592 1319 erunt
607 1282 702 1318 anui
720 1283 842 1322 6711.
901 1279 1093 1318 choniata
1116 1283 1157 1318 in
1176 1280 1239 1318 die
1260 1281 1408 1317 mensis
1427 1280 1608 1327 concinit,

162 1336 207 1373 in
223 1349 327 1374 anno
345 1350 426 1375 non
445 1340 566 1386 item,
601 1343 793 1389 tanquam
820 1338 887 1388 qui
916 1350 1018 1374 anno
1036 1349 1116 1374 uno
1136 1338 1286 1373 auctior
1307 1337 1381 1373 sit:
1425 1337 1479 1372 ait
1503 1335 1610 1371 enim

154 1405 255 1439 ,eam
273 1399 428 1444 captam
450 1407 552 1431 anno
573 1394 696 1434 6712.
754 1406 807 1430 ex
830 1393 972 1444 quibus
1002 1391 1254 1442 corrigendus
1284 1398 1342 1429 est
1371 1389 1481 1428 idem
1502 1389 1610 1427 Cho-

161 1450 270 1490 niata
295 1450 338 1486 in
357 1449 574 1487 Balduiuo:
615 1445 732 1497 δεκοῖς
751 1448 821 1500 μὲν
844 1443 918 1489 οὖν
937 1447 1000 1488 ἐπὶ
1020 1446 1138 1488 δυάδι
1158 1451 1229 1488 τοῦ
1246 1443 1469 1499 Ἀπριλλίου
1488 1443 1610 1498 μηνὸς

162 1502 400 1556 ἐνειστήκει,
429 1509 501 1557 τῆς
519 1501 694 1558 ἑβδόμης
720 1505 967 1552 ἰνδικτιῶνος
994 1507 1064 1544 τοῦ
1088 1504 1418 1555 ἕξακισχιλιοστοῦ
1443 1501 1610 1543 ἑπτακο-

162 1563 323 1601 σιοστοῦ
347 1562 521 1614 (legitur
543 1557 876 1611 ὄκτακοσιοστοῦ)
901 1557 1125 1600 δωδεκάτου
1147 1559 1278 1607 ἔτους,
1316 1557 1384 1598 καὶ
1408 1557 1438 1610 ἦ
1455 1556 1611 1610 βασιλὶς

159 1613 277 1664 πόλις
307 1615 410 1670 πρός
436 1618 625 1658 Λατίνων
651 1618 887 1668 κεχείρωται.
945 1624 983 1654 et
1011 1617 1087 1654 alio
1122 1629 1279 1668 quoque
1307 1616 1395 1652 loco
1429 1615 1609 1664 πέμπτην

161 1670 329 1726 ἄγοντος
344 1673 412 1714 καὶ
429 1671 610 1725 εἰκοστήν
627 1676 703 1714 τοῦ
716 1675 902 1724 Μαρτίου
918 1670 1039 1724 μηνὸς
1053 1675 1123 1723 τῆς
1140 1669 1225 1712 τότε
1239 1667 1450 1722 τρεχούσης
1464 1666 1610 1722 ὀγδόης

161 1729 411 1778 ἰνδικτιαῖνος
425 1733 502 1772 τοῦ
519 1729 848 1780 ἕξακισχιλιοστοῦ
869 1728 1175 1771 §mxumo-coeto&
1199 1729 1362 1780 (legitur
1380 1723 1608 1768 ὄκτακοσιο-

161 1783 284 1836 σποῦ)
301 1786 433 1838 τρίτου
452 1785 520 1826 καὶ
539 1785 707 1827 δεκάτου
726 1785 847 1833 ἔτους.
905 1787 1007 1822 Am„

269 1839 324 1878 ib.
357 1855 397 1881 v.
419 1844 498 1884 13..
544 1838 624 1882 ἆπὸ
644 1842 853 1893 κλίμακος]
887 1840 1077 1878 Chouiata
1101 1853 1142 1891 p.
1159 1841 1239 1881 721
1269 1842 1320 1880 21
1353 1845 1392 1876 et
1421 1836 1503 1879 753
1539 1835 1606 1877 14.

157 1898 245 1936 Au.

271 1952 325 1990 ib.
357 1966 396 1991 v.
422 1952 487 1994 14.
542 1949 615 1994 ’ὅσα
641 1951 714 2005 μὲν
739 1946 835 2004 οὖν]
876 1953 1073 1991 malorum
1102 1951 1407 1989 infortuniorum
1437 1961 1483 1985 ac
1514 1960 1606 1984 cae-

158 2008 271 2046 dium
283 2038 295 2058 ‚
324 2010 466 2061 quibus
485 2010 527 2046 in
551 2008 662 2046 clade
679 2010 749 2046 illa
768 2010 973 2060 Cpolitana
996 2022 1040 2045 ac
1058 2008 1266 2046 Orientalis
1287 2006 1445 2056 imperii
1459 2003 1606 2041 huma-

120 2077 122 2079 *
157 2078 255 2103 num
285 2078 432 2117 genus,
468 2063 539 2103 sed
560 2067 798 2103 Graecorum
822 2067 1073 2116 potissimum
1100 2065 1290 2101 afflictum
1319 2068 1394 2109 est,
1425 2066 1515 2111 post
1540 2058 1605 2096 dei

158 2123 292 2159 omnia
312 2121 553 2173 disponentis
572 2121 862 2173 providentiam
881 2128 919 2158 et
937 2123 979 2158 in
996 2127 1154 2172 peccata
1174 2118 1381 2156 homiuum
1398 2128 1605 2168 nunquam

157 2190 239 2215 non
254 2180 428 2217 sontium
447 2180 658 2216 saeviemis
678 2176 976 2225 humanitatem,
995 2189 1153 2214 causam
1168 2176 1308 2212 Graeci
1323 2174 1486 2221 Latinis,
1503 2185 1605 2224 quo-

158 2247 247 2270 rum
268 2235 423 2286 saepius
443 2235 540 2272 alias
558 2235 734 2271 furorem
755 2241 793 2271 et
812 2235 1102 2270 immanitatem
1120 2233 1275 2283 experti
1292 2231 1461 2277 fuerant,
1491 2230 1604 2265 attri-

156 2289 304 2338 buunt,
346 2292 478 2328 Latini
504 2292 741 2329 Graecorum
764 2289 950 2341 perfidiae
981 2296 1019 2326 et
1047 2289 1251 2339 apostolici
1283 2287 1466 2324 culminis
1494 2283 1602 2321 odio.

157 2347 360 2384 Latinisne
381 2360 431 2384 an
452 2348 612 2385 Graecis
639 2346 735 2384 fides
767 2349 809 2384 in
838 2345 915 2383 hoc
934 2347 1093 2397 negotio
1115 2342 1299 2381 habenda
1325 2350 1382 2380 est
1393 2340 1412 2379 ’ἒ
1469 2341 1603 2377 Latini

160 2399 292 2439 dicent
318 2403 416 2440 sibi:
464 2416 560 2442 nam
586 2405 725 2440 Graeci
752 2404 977 2454 eloquentia
1003 2402 1136 2439 omnia
1161 2402 1381 2447 invertunt,
1419 2396 1601 2434 homiues

157 2458 321 2496 fallaces
341 2465 380 2496 et
396 2459 504 2498 leves
523 2467 562 2498 et
585 2459 636 2497 ad
657 2461 822 2496 nimiam
844 2459 1150 2496 assentationem
1169 2455 1331 2503 eruditi,
1375 2454 1601 2505 profitentes

159 2513 495 2566 quemadmodum
509 2529 624 2554 causa
639 2517 801 2555 inferior
821 2514 988 2553 dicendo
1006 2515 1091 2551 fieri
1110 2514 1289 2563 superlor
1308 2517 1452 2562 posset,
1471 2510 1598 2555 otiosi,

156 2570 365 2622 loquaces,
406 2574 664 2612 contentionis
697 2570 917 2623 cupidiores
950 2583 1070 2623 quam
1100 2570 1294 2616 veritatis3
1347 2566 1510 2618 quibus,
1558 2571 1601 2601 ut

158 2626 307 2675 finiam,
336 2627 609 2678 iusiurandum
627 2631 736 2667 iocus
756 2635 815 2666 est
833 2634 871 2664 et
888 2627 1159 2665 testimouium
1174 2623 1305 2678 ludus.
1364 2623 1502 2660 Graeci
1526 2621 1600 2658 sibi

158 2681 278 2719 fidem
298 2683 573 2734 praestandam
589 2680 673 2722 ess‘e
693 2683 946 2723 contendunt.
996 2695 1096 2734 quae
1116 2682 1193 2731 ipsi
1213 2679 1261 2718 de
1279 2680 1431 2716 Latinis
1452 2677 1599 2723 dicunt,

158 2745 203 2775 ut
223 2738 342 2776 fidem
362 2740 529 2788 elevent,
556 2754 638 2778 non
655 2740 720 2779 hic
739 2753 960 2790 congeram.
1021 2739 1179 2775 Graecis
1196 2735 1244 2773 de
1265 2737 1415 2773 Latinis
1433 2735 1601 2784 loquen-
1631 2756 1636 2763 -

158 2794 264 2834 tibus
284 2795 404 2834 fidem
424 2797 579 2834 nullam
597 2810 681 2835 esse
706 2797 983 2836 asseverabunt
1002 2795 1156 2832 Latini:
1197 2799 1328 2830 contra
1347 2791 1485 2829 Graeci
1508 2789 1601 2825 nul-
