1832 3250
224 377 256 412 0

223 1261 255 1293 D

274 188 341 240 48
655 192 1023 240 CONSTAN'HNI
1063 195 1327 242 MANASSIS

276 307 384 350 1060
409 303 501 347 ἄνευ
521 308 685 362 βρεφῶν
707 306 774 348 καὶ
793 311 988 362 γυναικῶν
1009 309 1074 351 καὶ
1091 310 1245 353 παίδων
1262 308 1469 356 ἄνιούλων.

405 371 534 429 ἡγεῖτο
554 377 650 428 γοῦν
672 370 693 415 ὅ
713 376 898 431 Μωϋσῆς
918 380 988 419 τοῦ
1006 375 1189 431 πλήθους
1209 382 1282 421 τοῦ
1300 377 1506 433 τοσούτου,

405 442 471 483 καὶ
489 445 722 496 γογγυσμῶν
743 441 914 499 ἠνείχετο
933 447 1005 490 τοῦ
1022 444 1269 496 στασιώδους
1290 445 1411 500 ἷίχλου
1421 479 1435 499 ,

404 509 470 550 καὶ
489 509 739 565 πικρασμοὺς
757 510 852 561 τοὺς
868 511 940 553 ἀπ’
963 511 1094 555 αὐτῶν
1113 511 1249 570 ἔφερεν
1270 514 1499 572 εὐκαρδίως.

403 570 474 631 ἦγε
496 577 539 618 δὲ
558 574 725 627 τούτους
743 580 930 634 Μωῦσῆς
946 578 1109 636 ἐρήμοις
1131 581 1171 622 ἐν
1190 579 1370 634 ἀβάτοις,

270 643 377 686 1065
403 648 520 686 τοῦτο
537 647 639 686 θεοῦ
655 643 912 697 κελεύσαντος
929 649 995 691 καὶ
1019 650 1225 703 κρίναντος
1247 650 1466 707 συμφέρον.

291 697 301 710 ’
398 710 509 767 ὕδωρ
529 711 572 753 ἐκ
589 712 735 770 πέτρας
753 712 887 767 {muge
896 745 910 766 ,
938 719 1095 769 πτηνῶν
1114 714 1248 773 ἴβρεχε
1265 715 1433 773 σάρκας,

397 777 647 832 ἐμαννοδότει
657 811 671 831 ,
701 783 767 822 καὶ
786 782 940 838 τροφὴν
959 781 1158 836 ἐψώμιζεν
1179 784 1366 840 ἀγγέλων,

401 845 456 897 ὥς
478 846 593 898 ἀετὸς
613 848 819 900 ἐσκέπαζεν
836 850 1000 900 ἀετιδεΐς
1021 850 1227 908 ἀπτέρους.

400 913 548 957 ὥδευον
566 902 696 958 τοίνυν
715 915 884 967 ἀκλινῶς
902 919 956 968 εἷς
974 917 1045 973 τὴν
1065 919 1362 975 ἐπηγγελμένην,

272 984 379 1025 1070
403 982 475 1037 τὴν
493 983 565 1024 ἀπ’
587 981 796 1039 Αἷγύπτου
819 985 861 1027 δ’
889 985 962 1036 ἕως
982 990 1054 1042 γῆς
1076 985 1196 1044 ὁρίων
1214 987 1490 1042 Παλαιστίνης

402 1051 443 1092 ἐν
465 1049 571 1101 ὅλοις
592 1050 890 1109 τεσσαράκοντα
909 1060 992 1104 τοῖς
1014 1053 1113 1099 ἔτεσι
1133 1057 1315 1110 διῆλθον.

403 1119 468 1160 καὶ
491 1123 570 1160 πᾶν
593 1119 952 1176 δυσκαταμάχητον
972 1117 1090 1173 ἔθνος
1108 1124 1174 1165 καὶ
1195 1123 1407 1180 φρικαλέον

403 1188 469 1228 καὶ
489 1187 600 1242 γένος
617 1191 696 1229 πᾶν
716 1187 943 1246 ἀλλόφυλον
963 1191 1029 1232 καὶ
1049 1194 1195 1247 πλῆρες
1211 1191 1442 1244 δυσσεβείας

402 1249 459 1305 ὦς
478 1256 706 1310 δρεπανῖται
726 1254 837 1311 λήϊον
856 1257 1042 1314 ἐθέρισαν
1058 1257 1227 1315 ῥιζόθεν.

268 1322 377 1365 1075
463 1322 572 1365 Ἀλλ’
595 1321 616 1364 ὃ
637 1324 710 1377 μέν
733 1328 845 1375 θεῖος
861 1327 1048 1380 Μωϋσῆς
1064 1324 1132 1368 τὸν
1148 1327 1239 1380 βίον
1261 1324 1482 1379 ἀπολείπει,

398 1389 524 1432 πολῦν
550 1390 672 1432 αὐτοῦ
695 1391 922 1434 καταλιπών
937 1391 1067 1435 πόθον
1091 1400 1175 1443 τοῖς
1192 1391 1412 1450 ὁμοφύλοις
1418 1423 1432 1443 ,

397 1459 463 1498 καὶ
479 1456 601 1511 νόμον
623 1458 718 1508 δοὺς
732 1457 810 1501 ὖπὸ
831 1463 933 1501 θεοῦ
949 1461 1090 1510 πλαξὶν
1109 1460 1434 1518 ἐγγεγραμμένον,

395 1523 527 1581 ὥσπερ
546 1525 675 1582 ἀστὴρ
697 1525 927 1582 ἥμεραυγὴς
945 1525 1023 1569 ὕπὸ
1049 1528 1122 1582 τὴν
1139 1533 1211 1584 γῆν
1234 1526 1398 1585 ἐκρύβη.

392 1593 494 1646 μετὰ
513 1595 676 1648 Μωσῆν
699 1594 742 1635 δ’
767 1592 788 1635 ὃ
811 1598 885 1636 τοῦ
901 1598 1024 1650 Ναυῆ
1043 1602 1138 1645 παῖς
1155 1596 1308 1651 Ἰησοῦς
1325 1599 1516 1651 κυροῦται

263 1661 373 1703 1080
394 1665 465 1702 τοῦ
483 1663 699 1717 δημαρχεῖν
720 1663 787 1703 καὶ
805 1669 1039 1718 προστατεῖν
1052 1667 1124 1705 τοῦ
1141 1667 1220 1706 τῶν
1231 1662 1430 1719 Ἑβραίων
1445 1661 1633 1719 σμήνους.

395 1722 511 1778 οὗτος
533 1729 668 1778 αὐτοῖς
689 1731 925 1785 κληροδοτεΐ
939 1729 1011 1784 τὴν
1030 1734 1104 1785 γῆν
1122 1735 1194 1785 τῆς
1211 1731 1499 1788 Παλαιστίνης,

393 1794 444 1850 ἣν
463 1797 715 1851 ἐπηγγείλατο
736 1796 833 1846 θεὸς
854 1796 1102 1854 προπάτορσι
1123 1805 1206 1849 τοῖς
1225 1800 1365 1850 θείοις,

395 1865 460 1905 καὶ
482 1868 562 1906 τῶν
583 1867 720 1920 φυλῶν
739 1864 915 1922 ἐμέρισεν
936 1863 1082 1923 ἑκάστῃ
1104 1866 1150 1909 τὸ
1169 1871 1385 1925 προσῆκον,

1554 1396 1561 1415 Ι

355 1970 445 2003 1060
462 1967 640 2014 ἐνηλίκων
655 1969 695 2004 Μ
875 1970 962 2007 1063
985 1968 1058 2006 ’ὑπ’
1084 1973 1149 2008 AR
1331 1973 1419 2009 1074
1446 1971 1613 2020 ἐθέριζον
1633 1975 1701 2012 RR

356 2015 445 2050 1080
462 2017 603 2060 προστ.]
621 2016 833 2061 στρατηγεῖν
855 2016 900 2062 R,
927 2017 1082 2063 βοηθεῖν
1101 2018 1140 2053 Μ
1274 2016 1401 2064 γένους
1421 2020 1520 2056 ARR

264 2105 415 2140 virorum
437 2105 549 2150 milia,
585 2105 660 2141 sine
680 2106 817 2141 feminis
842 2113 878 2142 et
897 2107 1086 2143 infantibus
1114 2113 1150 2143 et
1171 2108 1383 2144 imberbibus
1404 2111 1535 2154 pueris.
1581 2116 1700 2149 tantae

264 2151 370 2195 igitur
391 2151 614 2186 multitudinis
637 2153 706 2187 dux
727 2158 803 2187 erat
821 2153 960 2198 Moses,
989 2159 1024 2188 et
1049 2155 1332 2189 murmurationes
1357 2157 1546 2191 seditiosae
1573 2161 1699 2194 turbae

264 2197 435 2230 tolerabat
448 2223 457 2240 ‚
479 2197 756 2242 acerbitatesque
777 2199 951 2242 profectas
970 2201 1014 2233 ab
1032 2200 1118 2244 ipsis
1139 2201 1214 2234 miti
1232 2201 1335 2234 corde
1353 2201 1503 2236 ferebat.
1549 2203 1700 2239 ducebat

262 2247 376 2275 autem
405 2254 464 2276 eos
492 2242 609 2276 Moses
636 2255 700 2288 per
727 2243 930 2278 solitudines
957 2244 1069 2279 invias
1098 2250 1134 2279 et
1162 2246 1379 2289 inaccessas,
1418 2249 1698 2292 quemadmodum

262 2288 440 2321 mandarat
461 2288 546 2321 deus
570 2293 605 2321 et
631 2289 796 2333 expedire
814 2295 996 2324 statuerat.
1043 2302 1165 2334 aquam
1188 2290 1340 2325 excussit
1359 2302 1379 2324 e
1400 2303 1503 2335 saxo,
1536 2293 1698 2329 carnibus

259 2331 434 2366 volucrum
451 2332 550 2376 pluit,
572 2344 695 2367 manna
713 2334 810 2368 dedit
827 2334 890 2377 eis,
909 2335 1105 2378 angelorum
1123 2336 1200 2370 cibo
1219 2348 1298 2370 suos
1317 2337 1426 2380 pavit.
1472 2338 1563 2372 sicut
1583 2339 1699 2383 aquila

260 2377 398 2422 operuit
417 2377 526 2422 pullos
544 2378 733 2423 implumes.
779 2380 1087 2423 proficiscebantur
1106 2381 1214 2426 igitur
1230 2387 1327 2415 recta
1348 2381 1385 2415 in
1402 2387 1529 2417 terram
1549 2385 1697 2429 promis-

258 2435 331 2457 sam
352 2424 396 2457 ab
414 2424 575 2467 Aegypto
594 2435 702 2468 usque
721 2425 765 2458 ad
782 2425 868 2458 fines
887 2431 1003 2460 terrae
1019 2426 1249 2461 Palaestinae.
1271 2427 1355 2460 totis
1373 2438 1457 2462 vero
1478 2429 1698 2465 solitudinem

258 2468 356 2502 anuis
374 2468 602 2513 quadraginta
620 2476 867 2514 peragrarunt,
898 2483 1099 2516 omnemque
1125 2472 1297 2506 nationem
1314 2472 1510 2507 bellicosam
1529 2487 1570 2508 ac
1591 2476 1698 2509 terri-

256 2513 360 2548 bilem
379 2518 415 2547 et
431 2520 568 2558 gentem
587 2526 718 2548 omnem
735 2515 961 2559 alienigenam
980 2522 1016 2550 et
1032 2516 1219 2561 impietatis
1237 2517 1372 2561 plenam
1389 2519 1543 2554 funditus
1562 2521 1698 2556 demes-

256 2564 410 2601 suerunt,
433 2566 471 2593 ut
488 2564 640 2603 segetem
658 2571 826 2594 messores
844 2571 1004 2595 resecare
1025 2567 1290 2597 consueverunt.

346 2605 503 2639 Tandem
526 2605 662 2639 divinus
687 2605 745 2639 ille
762 2607 879 2640 Moses
906 2618 926 2640 e
955 2606 1030 2640 vita
1052 2607 1195 2651 migrat,
1230 2619 1352 2652 magno
1371 2608 1503 2643 nationi
1521 2610 1697 2645 desiderio

255 2650 310 2684 sui
327 2649 471 2692 relicto;
504 2651 653 2695 dataque
679 2650 746 2685 illis
772 2651 851 2695 lege
879 2651 1046 2685 divinitus
1070 2652 1198 2687 tabulis
1215 2653 1401 2698 inscripta,
1435 2655 1693 2691 diurni⁴sideris

254 2695 365 2730 instar
391 2697 454 2730 sub
481 2700 608 2730 terram
634 2701 689 2730 est
709 2696 910 2732 occultatus.
957 2702 1039 2742 post
1056 2697 1190 2731 Mosem
1211 2704 1324 2733 autem
1343 2700 1440 2734 Iesus
1458 2701 1581 2736 Navae
1600 2702 1694 2736 filius

256 2742 492 2786 confirmatur,
527 2747 566 2775 ut
585 2741 742 2775 tribunus
762 2754 802 2776 ac
820 2743 1020 2787 praefectus
1041 2743 1278 2778 Hebraeorum
1308 2745 1457 2779 nationis
1485 2751 1591 2782 esset.
1637 2747 1695 2781 hic

256 2798 319 2831 per
342 2792 467 2821 sortem
491 2786 542 2820 eis
562 2791 689 2822 terram
712 2787 943 2822 Palaestinam
960 2788 1157 2833 distribuit,
1187 2800 1288 2834 quam
1308 2791 1394 2824 deus
1412 2791 1565 2836 ipsorum
1585 2793 1694 2827 maio—

256 2832 352 2867 ribus
370 2833 587 2878 promiserat.
634 2833 807 2870 concessit
835 2838 949 2869 autem
978 2833 1123 2880 singulis
1151 2834 1311 2871 tribubus
1337 2841 1471 2883 partem
1489 2849 1604 2883 suam,
1633 2849 1695 2873 ex-
