1924 3242
0 1610 9 1619 '¹
0 1492 25 1605 ἓῐὸἑξῑᾷω
0 1438 23 1486 ’”“θ“ἷζ

526 173 920 244 Aenoromrm
963 173 1162 218 NOTAE.
1463 171 1561 218 219
1618 148 1625 158 ’

123 281 345 336 &publico
358 283 563 335 proripuit
580 285 624 321 in
642 283 782 322 Alex-ii
804 283 982 330 domum,
1018 297 1068 321 ac
1089 296 1275 335 puerum,
1310 295 1424 334 quem
1441 289 1560 320 antea

121 341 455 391 mpedmtn
481 353 620 378 necare
642 353 723 378 non
741 341 888 391 potuit,
927 339 1018 378 eliso
1035 347 1197 391 gutture
1218 340 1384 390 propria
1408 341 1563 376 necavit

121 403 271 442 my*
299 395 414 434 hamo
433 402 516 434 tam
527 396 709 448 perfidus
727 410 850 448 quam
869 398 1052 448 ingratus
1062 411 1080 444 ;
1114 397 1339 447 peperitque
1363 407 1561 432 summum

121 452 273 491 Ιεαασὶί
290 450 520 501 benficium
529 480 546 499 ,
590 466 785 491 summam
806 453 1144 506 ingratitudinem.
1204 451 1292 500 hic,
1331 458 1375 489 ut
1392 451 1561 499 videtur,

121 506 318 548 sabellius
335 509 501 547 Alexios
523 508 740 547 confundit.
795 521 968 561 namque
985 510 1153 547 Alexius
1172 506 1445 559 Murtzuphlus
1464 500 1563 545 Alb-

119 565 235 603 xinm
253 564 392 603 Isaacii
405 565 533 603 filium
553 567 643 603 neci
660 564 836 603 tradidit.
892 565 1081 602 beneficia
1101 571 1235 602 tamen
1259 566 1399 602 Isaacii
1421 564 1563 601 collata

119 621 263 659 Alexio
290 627 370 659 non
388 620 640 672 Murtzuphlo
669 622 800 669 fuere,
831 620 906 659 sed·
928 622 1072 659 Alexio
1102 621 1240 669 fratri,·
1278 620 1384 672 quod
1415 628 1453 657 et
1479 621 1564 671 ipse

121 676 323 716 sabellius
337 688 455 729 supra
471 676 645 726 videret,
685 677 734 716 de
753 678 898 716 Alexio
919 690 1041 729 puero
1067 678 1206 715 Isaacii
1234 676 1315 714 filio
1341 688 1565 715 sermonem

117 730 295 770 habens:
326 735 397 785 qui
415 733 646 772 Jsaaehium
656 741 833 784 patrem,
863 735 975 771 cuius
993 733 1176 782 beneficio
1196 746 1341 784 magno
1356 734 1449 769 auri
1457 746 1565 782 pon-

118 788 208 826 dere
220 789 372 839 sitisset
401 789 498 827 olim
524 803 558 827 a·
578 791 716 828 Turcis
736 791 974 840 redemptus,
1007 796 1127 842 atque
1145 791 1202 826 ita
1222 789 1395 826 humane
1414 795 1566 826 tracta·-

119 849 185 882 tu‘s
217 846 469 897 ut‘quamvis
494 846 618 884 multo
647 847 778 884 minor
805 854 905 883 natu
936 853 1048 892 esset,
1090 847 1230 884 vixerit
1258 852 1388 882 tamen
1415 858 1568 896 semper

117 913 211 938 eum
229 913 273 938 eo
291 902 506 952 imperante
525 915 571 938 ex
585 915 730 953 aequo,
762 901 895 940 subita
920 904 964 939 νί
990 915 1216 952 oppressum
1227 903 1427 952 privasset
1444 901 1566 939 lumi-

116 955 253 1003 nibus,
262 957 471 1008 privatum
491 959 684 995 artissime
701 959 904 1003 vinxisset,
923 959 1100 996 vinctum
1117 959 1160 995 in
1165 958 1337 1010 jbedum
1357 972 1406 995 ac
1422 965 1566 995 tetrum

116 1025 312 1050 eas-cerem
349 1014 583 1052 coniecisset.
645 1012 756 1051 addit
783 1013 1002 1052 Balduinus
1034 1016 1147 1066 epist.
1183 1014 1234 1051 ad
1265 1016 1537 1052 Innocentium
1550 1025 1563 1052 ε

115 1074 227 1107 nocte
242 1069 367 1120 igitur
387 1070 607 1122 insequenti
626 1070 830 1107 dominum
847 1083 964 1107 suum
985 1070 1150 1107 latenter
1171 1070 1310 1121 laqueo
1332 1070 1503 1123 suffocat
1521 1072 1564 1108 in

115 1129 287 1172 carcere,
326 1136 418 1162 cum
437 1139 515 1179 quo
539 1127 622 1177 ipso
646 1126 710 1163 die
722 1127 945 1176 prandium
966 1134 1185 1177 sumpserat
1207 1127 1351 1172 Iudae,
1389 1133 1427 1163 et
1445 1126 1563 1163 clava

102 1180 245 1233 ferrea
246 1209 263 1227 ,
285 1194 407 1232 quam
424 1180 582 1219 tenebat
595 1182 639 1219 in
654 1196 796 1228 manu,
817 1182 943 1220 latera
959 1185 1158 1220 morientis
1178 1190 1214 1220 et
1235 1190 1360 1220 costas
1378 1183 1563 1220 inaudita

115 1237 349 1275 crudelitate
373 1237 608 1289 confringit,
646 1251 818 1289 casuque
838 1240 982 1285 vitam,
1020 1253 1141 1291 quam.
1169 1239 1309 1290 laqueo
1336 1246 1564 1285 extorserat,

116 1292 310 1345 confingit
334 1292 531 1344 ereptam,
569 1307 619 1331 ac
642 1295 841 1345 imperiali
863 1295 1068 1345 sepultura
1101 1309 1280 1332 concessa
1301 1295 1563 1345 propalatum

108 1348 298 1397 ,omnibus
317 1349 444 1387 scelus
453 1350 618 1401 funeris
634 1350 778 1387 honore
798 1351 1034 1388 dissimulat.
1096 1353 1196 1389 scias
1215 1363 1394 1403 quoque,
1423 1352 1558 1399 lector,

113 1412 270 1457 praeter
291 1404 467 1444 historici
492 1405 614 1444 fidem
644 1420 667 1444 a
693 1408 895 1445 nonnullis
922 1409 1051 1445 notari
1082 1406 1329 1445 Guutherum
1359 1408 1561 1459 appellare

114 1459 383 1514 Murciphlum
401 1469 634 1514 tyrannum,
673 1464 783 1501 cuius
802 1465 963 1501 consilio
983 1464 1118 1502 Alexii
1142 1471 1254 1515 pater
1281 1470 1396 1500 antea
1417 1464 1563 1501 obcae-

115 1525 225 1556 catus
245 1524 284 1555 et
301 1516 345 1555 In
365 1531 560 1556 carcerem
584 1520 780 1557 coniectus
803 1520 954 1568 fuerat,
997 1533 1086 1557 cum
1107 1533 1152 1558 eo
1170 1521 1358 1571 temporis
1382 1521 1564 1557 Murtzu-

113 1572 202 1626 phli
221 1574 333 1612 nulla
354 1581 458 1613 esset
479 1573 586 1626 apud
606 1576 885 1626 imperatorem
906 1578 1136 1624 auctoritas,
1176 1583 1214 1614 et
1231 1577 1433 1627 praecipui
1453 1577 1564 1614 illius

112 1630 299 1668 facinoris
320 1638 497 1669 auctores
520 1638 753 1669 censeantur
763 1630 999 1670 Theodorus
1019 1635 1162 1680 Brana,
1185 1634 1377 1682 Georgius
1393 1633 1569 1670 Palaeo-

113 1687 243 1738 logus,
273 1688 439 1725 Ioannes
458 1686 718 1740 Petraliphas‚
746 1689 1026 1727 Constantinus
1044 1689 1194 1727 Raulus
1215 1695 1253 1726 et
1266 1687 1440 1726 Michael
1458 1689 1566 1726 Can-

112 1748 338 1780 tacuzenus.
393 1745 496 1782 Am..

223 1811 266 1850 p.
287 1800 340 1840 10
361 1811 400 1837 v.
423 1800 490 1840 13.
546 1803 648 1852 τρεῖς
667 1796 766 1852 γοῖρ]
797 1798 989 1838 Choniata
1011 1813 1052 1851 p.
1074 1801 1154 1841 673
1186 1801 1252 1841 17.
1290 1801 1362 1838 Ge.
1380 1798 1565 1838 Pht-anza

111 1853 184 1892 lib.
207 1855 230 1895 1
261 1867 346 1906 cap.
373 1857 394 1896 1
426 1862 581 1906 praeter
604 1854 791 1894 historiae
819 1856 940 1894 fidem
970 1855 1068 1894 duas
1096 1856 1287 1893 Alexium
1318 1858 1568 1897 Comnenum

111 1911 391 1962 imperatorem
423 1911 523 1949 filias
552 1925 760 1963 generasse
793 1914 947 1961 scribit,
993 1926 1163 1964 quarum
1190 1920 1290 1950 natu
1306 1913 1565 1964 grandiorem

112 1967 267 2005 limem
293 1966 483 2005 vocabulo
505 1981 712 2019 purpurea
740 1969 901 2006 induere
923 1968 1110 2006 sandalia
1135 1970 1264 2015 iussit,
1301 1963 1412 2020 'quod
1429 1969 1565 2015 illam,

113 2025 239 2060 effe-ui
266 2023 582 2074 desponderetur,
623 2038 857 2062 successores
880 2032 917 2061 et
941 2024 1125 2062 haeredes
1145 2032 1239 2075 post
1268 2024 1417 2062 obitum
1445 2038 1565 2062 suum

101 2078 199 2131 jore
216 2081 474 2117 constituisset
493 2087 566 2118 etc.
597 2082 803 2131 exscripsit
824 2094 875 2118 ex
896 2082 1068 2132 Gregora
1086 2081 1157 2118 lib.
1176 2079 1217 2121 4.
1274 2082 1562 2120 Volaterannus

111 2135 184 2174 lib.
204 2138 258 2177 28
277 2148 358 2174 non
376 2138 529 2174 minora
547 2137 679 2174 turbat
702 2138 751 2174 ab
781 2138 869 2175 aliis
894 2138 1146 2189 scriptoribus
1169 2136 1427 2176 dissentiens:
1455 2137 1562 2174 Ale·-

112 2192 202 2229 xius
220 2192 508 2243 Murtzuplzlus
534 2200 806 2244 cognomento,
843 2200 888 2231 ut
915 2200 971 2230 est
998 2201 1136 2231 auctor
1149 2193 1402 2244 Acropolita,
1420 2193 1563 2241 filiam

112 2247 284 2286 Annam
310 2249 506 2286 Theodoro
524 2250 697 2286 Lascari
715 2250 876 2297 locavit;
904 2250 1160 2302 fugatusque
1178 2250 1333 2295 deinde,
1377 2251 1438 2287 uti
1455 2250 1563 2286 dixt-

114 2316 203 2341 mus
204 2315 229 2350 ,²
243 2318 271 2342 a
288 2305 422 2343 Gallia
439 2319 522 2343 una
540 2320 630 2343 eum
645 2308 809 2357 coniuge
818 2306 1086 2357 Euphrosyna
1100 2313 1138 2342 et
1149 2319 1292 2357 genero
1299 2306 1402 2358 suit.
1435 2307 1563 2343 Acro-

111 2360 258 2411 polites
269 2389 280 2408 ‚
317 2373 436 2414 quem
451 2364 535 2413 ipse
554 2361 710 2411 laudat,
749 2375 830 2400 non
855 2365 909 2400 ait
926 2363 1063 2400 Alexii
1077 2361 1320 2414 Murtzuphli
1337 2362 1460 2400 filiam
1475 2364 1566 2399 An·-

111 2429 208 2453 nam
225 2414 437 2456 Theodoro
460 2420 621 2456 Lascari
650 2420 841 2467 locatam,
882 2418 953 2457 sed
978 2420 1115 2457 Alexii
1143 2420 1391 2470 imperatoris
1423 2419 1565 2456 Isaacii

111 2472 246 2510 fratris
265 2473 412 2511 filiam:
454 2487 549 2512 nam
569 2488 690 2525 agens
713 2475 761 2512 de
778 2476 932 2514 filiabus
949 2474 1067 2514 huius
1089 2476 1223 2513 Alexii
1237 2505 1247 2523 ,
1275 2474 1304 2526 ἦ
1326 2473 1369 2515 δὲ
1387 2473 1562 2523 δευτέρα,

115 2529 251 2566 scribit
265 2558 276 2577 ‚
315 2528 486 2571 ἐκαλεῖτο
501 2529 662 2580 ”Αννα,ι
692 2532 749 2580 εἰς
768 2529 821 2584 ἣν
843 2529 1050 2584 Θεόδωρον
1069 2529 1139 2571 τόν
1160 2529 1371 2582 Λᾶσκαριιὶ
1392 2527 1566 2583 ἐπεγάμ-

113 2585 291 2638 βρευσεν.
347 2586 560 2639 nullusque
587 2594 646 2626 est
673 2589 775 2625 inter
803 2590 1009 2640 scriptores
1041 2589 1210 2625 Graecos
1242 2589 1310 2638 qui
1338 2588 1381 2624 in
1409 2585 1487 2623 hoc
1517 2586 1568 2622 ab

112 2642 340 2692 Acropolita
363 2641 581 2681 dissentiat.
641 2646 728 2696 quis
747 2658 862 2696 porro
883 2658 1007 2697 aequo
1033 2646 1165 2681 animo
1186 2644 1318 2691 ferret,
1350 2641 1567 2681 dummodo

113 2697 156 2735 in
174 2698 290 2735 rebus
311 2699 470 2736 Graecis
496 2701 655 2738 omnino
680 2702 834 2739 ieiunus
853 2714 933 2738 non
962 2702 1033 2748 sit,
1070 2698 1375 2750 Euphrosynam
1399 2711 1567 2736 uxorem

113 2752 295 2791 eiusdem
315 2755 452 2792 Alexii
470 2757 633 2807 Augeli,
671 2759 811 2794 Isaacii
831 2758 982 2804 fratris,
1023 2769 1192 2793 uxorem
1213 2755 1293 2808 dici
1309 2753 1571 2806 Murtzuphli‚

114 2810 226 2849 cuius
245 2809 421 2850 Eudocia
437 2812 572 2850 Alexii
594 2814 738 2864 Angeli
757 2811 1028 2851 memoratur?
1085 2813 1187 2851 Am..
