1858 3236
201 1170 233 1205 D

265 169 358 216 102
442 211 446 218 ,
550 169 554 173 ’
599 159 601 162 ’
646 168 1020 214 CONSTANTINI
1060 169 1324 215 MANASSIS

394 283 466 338 τὴν
484 286 563 325 τῶν
582 287 746 339 τυφλῶν
767 282 960 338 κατέλαβε
978 285 1269 339 Χαλκηδονίων
1289 281 1417 327 πόλιν.

397 353 464 393 καὶ
485 353 625 402 κτίζειν
646 349 927 408 ἀπαρξάμενος
950 357 1116 409 πρᾶγμα
1135 354 1287 394 κατεῖδε
1307 354 1437 402 ξένον·

259 418 371 466 2840
396 421 462 461 καὶ
479 419 556 474 γὰρ
576 420 916 477 μεγαλοπτὲρυγες
932 419 1092 477 ὄρνιθες
1111 418 1342 470 ἕπιπτάντες

396 488 491 536 τοὺς
512 488 654 537 λίθους
675 486 989 544 ἆφαρπάσαντες
1005 486 1245 544 μετήνεγκαν
1264 489 1393 531 ἓκεῖθε

395 555 458 596 ἐπὶ
482 555 554 609 τὴν
577 554 692 596 πόλιν
710 555 915 608 Βύζαντος
937 556 1009 610 τὴν
1031 555 1405 613 περικαλλεστάτην.

394 621 415 664 ὅ
438 624 569 665 τοίνυν
586 622 891 681 θἐοφρούρητος
912 623 1090 675 αὖτάναξ
1109 625 1411 675 Κωνσταντῖνος

394 690 466 732 οὐκ
489 691 566 732 ἀπὸ
589 690 710 746 τύχης
731 691 932 747 ἐγνωκώς,
969 693 1063 733 ἀλλ’
1090 692 1179 733 οὐδ’
1209 692 1251 733 ἐκ
1274 690 1530 746 ταυτομάτου

258 760 367 801 2345
393 764 596 814 συμβῆναι
616 759 661 802 τὸ
684 759 891 816 γενόμενον
915 765 1033 802 τοῦτο
1055 761 1142 816 περὶ
1164 759 1258 810 τοὺς
1276 762 1441 813 λίθους,

394 829 546 869 ἐκεῖθεν
565 829 837 881 μεταθέμενος
859 828 1020 884 στρέφει
1039 828 1111 882 τὴν
1131 826 1293 884 γνώμην
1316 828 1411 883 ὅλην

395 896 457 936 ἐπὶ
480 896 552 950 τὴν
572 898 870 950 πανευδαᾲιονα
894 895 1010 938 πόλιν
1029 901 1108 938 τῶν
1127 898 1372 949 Βυζαντίων,

395 965 461 1005 καὶ
486 963 601 1005 πόλιν
624 963 854 1017 ὀλβιόπολιν
875 965 976 1020 αὐτῇ
997 966 1303 1021 προσανεγείρει,

395 1030 510 1073 πόλιν
530 1032 602 1086 τὴν
620 1031 899 1087 μεγαλόπολιν,
934 1031 1050 1074 πόλιν
1070 1033 1142 1085 τὴν
1163 1033 1255 1074 νεάν
1267 1030 1438 1086 Ῥώμην,

256 1098 369 1141 2350
388 1098 546 1153 Ῥώμην
567 1100 639 1154 τὴν
658 1101 942 1156 ἀρρυτίὸωτον,
978 1101 1050 1155 τὴν
1069 1099 1222 1155 μήποτε
1241 1105 1443 1158 γηρῶσαν,

388 1166 546 1222 Ῥώμην
566 1168 624 1210 ἀεὶ
649 1167 878 1220 νεάζουσαν,
914 1168 974 1210 ἀεὶ
993 1169 1278 1222 καινιζομένην,

384 1234 543 1290 Ῥώμην
562 1236 638 1292 ἀφ’
663 1230 711 1291 ἧς
731 1237 966 1292 προχέονται
980 1238 1159 1292 χαρίτων
1181 1237 1223 1277 αἱ
1244 1234 1470 1293 συρμάδες,

391 1302 441 1358 ἢν
461 1304 624 1359 ἤπειρος
645 1303 989 1359 προσπτύσσεται,
1024 1303 1220 1346 θάλασσα
1245 1307 1457 1355 δεξιοῦται,

390 1372 518 1425 ἠπίως
540 1373 816 1426 ἀγκαλι’ζονται
839 1370 1024 1425 παλάμαι
1047 1377 1119 1425 τῆς
1141 1371 1341 1427 Εὐρώπης
1348 1404 1361 1423 ,
1403 1416 1406 1419 ,

254 1440 366 1483 2355
394 1440 597 1495 ἀντιφιλεῖ
618 1440 657 1480 δ’
686 1438 882 1495 ἑτέρωθεν
903 1440 948 1481 τὸ
971 1444 1043 1494 τῆς
1058 1440 1194 1489 Ἀσίας
1219 1439 1364 1494 στόμα.

454 1507 577 1549 Ἀλλὰ
599 1507 650 1549 τὰ
670 1508 743 1561 μὲν
763 1506 979 1561 αὐχήματα
998 1506 1148 1562 ταύτης
1168 1512 1239 1561 τῆς
1253 1507 1464 1562 βασιλίδος

392 1573 529 1632 ἑτέρου
552 1574 671 1631 λόγου
695 1577 761 1616 καὶ
783 1581 927 1631 καιροῦ
949 1568 1214 1632 καταριθμεῖν
1235 1578 1302 1618 καὶ
1320 1573 1510 1632 γράφειν·

393 1645 456 1684 ἐπὶ
480 1645 522 1685 δὲ
545 1644 615 1698 τὴν
637 1642 818 1698 διήγησιν
840 1642 960 1685 πάλιν
977 1644 1194 1685 ἐπανιτέον.

395 1710 416 1753 ὅ
439 1710 516 1768 γάρ
537 1728 597 1753 τοι
614 1710 886 1766 γαληνότατος
905 1713 971 1753 καὶ
993 1712 1117 1767 με’γας
1136 1713 1440 1760 Κωνσταντΐνος

257 1781 369 1821 2360
394 1779 496 1822 ἔτεσι
518 1780 592 1834 μὲν
617 1777 807 1836 ἐκράτησε
830 1779 925 1821 δέκα
950 1779 1024 1822 σὺν
1049 1779 1186 1830 ἄλλοις
1207 1777 1279 1821 δύο

349 1898 442 1933 2339
462 1897 736 1944 καταρξάμενος
758 1899 799 1933 Μ
932 1896 1025 1933 2340
1046 1895 1256 1937 ἐπιστάντες
1278 1897 1312 1931 R
1433 1895 1521 1932 2341
1542 1889 1717 1938 ἀφαρπά-

351 1945 474 1997 ζοντες
488 1945 518 1978 Α
607 1945 832 1990 κατήνεγκαν
851 1945 884 1978 R
973 1943 1066 1978 2342
1083 1939 1379 1997 περικλεεστάτην
1397 1943 1439 1997 R⁸
1503 1941 1612 1996 ‘2343
1629 1943 1718 1974 θεο-

352 2001 518 2034 φορητος
540 1991 579 2024 Μ
715 1990 806 2027 2345
825 1987 1018 2036 γινόμενον
1036 1990 1075 2024 Μ
1209 1988 1302 2024 2359
1325 2000 1376 2029 ως
1397 1999 1468 2033 γαρ
1493 1999 1512 2022 ο
1535 1998 1567 2031 y.
1585 1986 1650 2020 AR

258 2090 416 2134 pagavit.
466 2104 539 2126 cum
564 2098 676 2127 autem
700 2094 821 2127 urbem
844 2093 994 2127 condere
1016 2092 1141 2135 vellet,
1178 2101 1357 2124 caecorum
1385 2088 1718 2123 Chalcedonensium

260 2135 436 2169 civitaten
457 2141 700 2173 exstruendam
719 2140 861 2180 statuit3
888 2140 981 2183 quod
1005 2150 1090 2182 opus
1111 2136 1173 2172 ubi
1197 2135 1371 2180 coepisset
1392 2135 1569 2178 inchoare,
1591 2145 1718 2168 novum

261 2181 432 2223 quoddam
456 2184 652 2227 prodigium
677 2185 779 2218 vidit.
828 2196 906 2218 nam
928 2184 1061 2228 magnis
1084 2183 1147 2216 alis
1173 2181 1353 2227 praeditae
1371 2179 1530 2214 volucres
1553 2191 1627 2213 cum
1654 2180 1717 2214 ad-

261 2225 450 2270 volassent,
472 2230 636 2273 abreptos
656 2229 789 2275 lapides
809 2229 890 2263 inde
911 2229 1174 2282 pulcherrimam
1197 2228 1240 2261 ad
1263 2227 1383 2260 urbem
1401 2225 1630 2269 Byzantinam
1653 2226 1717 2259 de—

259 2276 457 2316 portarunt.
505 2279 719 2319 quapropter
737 2276 987 2308 Constantinus
1010 2275 1212 2319 imperato&
1232 2272 1291 2316 qui
1310 2271 1478 2305 divinitus
1502 2272 1717 2315 gubernare-

263 2322 322 2349 tur
345 2328 385 2350 ac
403 2325 597 2362 regeretur,
621 2321 860 2354 animadverso
882 2331 955 2353 rem
977 2321 1065 2354 hanc
1088 2331 1177 2364 quae
1201 2317 1376 2351 acciderat
1399 2328 1468 2350 non
1488 2316 1634 2351 fortuito
1653 2327 1720 2351 nec

264 2373 347 2395 casu
370 2363 542 2408 evenisse,
566 2377 690 2399 averso
710 2366 792 2399 inde
811 2365 923 2398 animo
946 2371 1057 2399 totum
1076 2363 1253 2399 consilium
1273 2367 1403 2405 mutat,
1430 2373 1539 2406 seque
1562 2363 1606 2396 ad
1630 2374 1718 2407 opu-

262 2405 392 2441 lentum
414 2409 661 2452 Byzantiorum
690 2411 854 2455 oppidum
880 2412 1036 2454 confert,
1069 2423 1088 2443 e
1110 2421 1178 2454 quo
1194 2408 1428 2442 beatissimam
1452 2414 1489 2442 et
1509 2408 1719 2442 fortunatam

263 2454 385 2486 urbem
403 2455 544 2498 excitat,
565 2457 686 2490 urbem
702 2457 842 2500 inquam
864 2468 1032 2500 magnam,
1056 2456 1199 2489 Romam
1220 2465 1355 2497 novam,
1380 2453 1522 2487 Romam
1545 2458 1720 2488 carentem

262 2499 382 2542 rugis,
408 2511 581 2544 nunquam
604 2506 860 2544 senescentem,
888 2503 951 2535 sed
978 2507 1148 2546 perpetuo
1175 2500 1456 2533 iuvenescentem
1479 2510 1588 2543 seque
1613 2511 1718 2534 reno-

263 2550 423 2588 vantem,
467 2546 611 2580 Romam
632 2546 723 2581 illam
751 2546 902 2591 denique
923 2547 967 2580 de
989 2558 1057 2591 qua
1079 2545 1267 2589 gratiarum
1288 2544 1358 2578 rivi
1379 2545 1579 2589 profluunt3
1617 2555 1719 2590 quam

263 2594 360 2623 terra
381 2591 560 2626 continens
585 2593 815 2638 amplectitur,
839 2597 875 2626 et
893 2603 986 2626 mare
1010 2591 1163 2625 vicissim
1188 2590 1339 2635 excipit3
1365 2602 1466 2635 quam
1487 2590 1636 2625 iucunde
1659 2601 1718 2624 or-

263 2641 348 2669 nant
365 2637 531 2682 Europae
552 2650 691 2682 manus,
716 2644 753 2675 et
773 2640 816 2672 ab
837 2638 946 2671 altera
963 2643 1063 2682 parte
1083 2648 1121 2670 os
1140 2636 1244 2669 Asiae
1268 2635 1501 2670 deosculatur.

354 2681 544 2716 Enimvero
563 2682 682 2718 laudes
695 2710 704 2728 ‚
738 2684 863 2729 quibus
885 2684 971 2717 haec
990 2683 1072 2716 urbs
1091 2681 1295 2726 imperatrix
1316 2693 1395 2715 sese
1416 2681 1544 2726 iactat,
1575 2680 1719 2715 alterins

262 2725 331 2760 loci
355 2732 392 2761 et
413 2728 579 2773 temporis
603 2730 711 2763 fuerit
734 2740 955 2763 enumerare:
990 2739 1080 2762 nunc
1104 2728 1148 2761 ad
1172 2727 1363 2760 institutam
1385 2727 1470 2760 mihi
1487 2727 1719 2761 narrationem

262 2774 508 2808 revertendum
541 2774 621 2809 erit.
682 2786 757 2809 cnm
787 2787 870 2819 ergo
901 2773 1142 2808 serenissimus
1173 2772 1231 2806 ille
1262 2773 1511 2807 Constantinus
1541 2772 1718 2818 pulverem

263 2819 420 2864 corporis
450 2820 670 2865 depositurus
701 2833 742 2854 ac
763 2820 979 2855 tabernaculi
1002 2819 1179 2864 figulinum
1203 2829 1265 2853 vas
1288 2824 1424 2862 terrae,
1457 2830 1547 2863 quae
1569 2822 1720 2852 mutuum
