1872 3236
218 516 250 551 D

133 1326 164 1365 P
189 1331 255 1366 117

271 188 369 237 244
401 201 408 207 “
664 189 1040 235 CONSTANTINI
1072 189 1336 237 MANASSIS

403 309 484 348 τῶν
507 303 712 357 ἀθεμίτων
734 303 904 359 ἀγωγοί,
940 305 1115 359 σωλῆνες
1133 303 1411 362 κακουργιάς.”

405 373 551 427 ἤκουσε
573 371 702 414 ταῦθ’
726 370 748 413 ὃ
769 369 1011 428 στρατηγός,
1044 371 1174 430 ἤγειρε
1196 376 1337 426 θυμοῦ
1354 370 1504 430 φλόγα.

407 440 626 482 κάντεῦθεν
652 438 673 482 ὅ
694 439 941 494 κοιμώμενος
965 438 1203 496 ὄρεσιβάτης
1221 440 1321 482 λείυν
1524 431 1526 435 ,

406 506 590 562 ὕπήνοιξε
612 508 657 550 τὸ
674 508 880 564 βλέφαρον
896 509 962 550 καὶ
980 509 1223 565 βρυχηθμὸν
1243 508 1389 565 ἀφῆκε,

269 575 380 618 5735
399 577 465 618 καὶ
485 574 616 632 φόβος
634 576 871 633 περιέδραμε
897 575 1051 630 λόχμας
1070 578 1284 632 δρυμῶνας
1306 574 1396 631 ὅρη.

406 641 568 700 κράτωρ
598 645 641 685 δ’
664 642 972 701 ἀναγορεύεται,
1009 642 1158 700 φθάνει
1181 643 1254 698 τὴν
1276 645 1597 700 Κωνσταντίνου,

406 711 500 754 ἄνευ
521 709 712 754 κινδύνων
736 713 871 754 εἴσεισι
883 743 895 763 ,
928 711 1116 766 βλέπεται
1129 742 1143 763 ,
1174 712 1333 764 βλέπει,
1367 712 1513 768 τέρπει.

407 785 474 822 καὶ
496 783 576 821 πᾶν
594 781 639 822 τὸ
659 783 820 833 πλῆθος
844 780 1072 836 προχυθέν,
1109 777 1257 822 ὁπόσον
1279 782 1320 822 ἕν
1347 779 1555 835 δημόταις,

410 846 557 889 ὁπόσον
577 853 628 904 τῇ
645 846 895 905 λαμπρότητι
917 852 988 889 τοῦ
1009 847 1146 903 γένους
1164 849 1396 904 ε’κυὸροῦτο,
1500 840 1502 843 V

272 914 383 958 5740
401 913 548 958 ὁπόσον
570 917 610 957 ἐν
640 918 861 973 ἐργατικοῖς
874 948 884 966 ‚
914 915 1008 958 ὅσον
1031 916 1072 958 ἓν
1103 914 1364 973 εὐπαρύφοις,

407 983 485 1040 πρὸ
505 980 667 1026 πάντων
685 982 709 1038 ἡ
733 987 953 1038 βασίλισσα
972 983 1046 1026 σῦν
1068 989 1151 1034 τοῖς
1172 984 1441 1041 ἱερομῦσταις,

405 1050 566 1100 ὑπτίαις
584 1050 848 1106 ὑποδέχονται
874 1051 943 1094 τὸν
968 1051 1099 1108 ἄνδρα
1117 1059 1207 1102 ταῖς
1228 1051 1449 1105 παλάμαις.

408 1122 474 1162 καὶ
495 1118 627 1178 ψήφῳ
651 1122 798 1176 γίνεται
819 1124 931 1176 κοινῇ
957 1117 1116 1177 κράτωρ
1139 1118 1160 1161 ὃ
1183 1118 1445 1177 Νικηφόρος·

406 1183 456 1242 ἦν
474 1188 551 1243 γὰρ
578 1186 976 1244 στρατηγικιῦτατος,
1011 1187 1226 1241 εὖτολμος,
1258 1186 1510 1246 βριαρόχειρ,

270 1255 380 1298 5745
401 1254 596 1310 καμάτοις
617 1256 908 1305 ἀταπείνωτος,
944 1255 1083 1308 ἄκμων
1114 1255 1281 1311 στερρὸς
1301 1258 1357 1305 εἷς
1373 1254 1532 1307 πόνους.

414 1326 481 1366 καὶ
502 1324 687 1378 μίγνυται
711 1324 923 1379 Θεοφανοῒ
938 1327 988 1379 τῇ
1005 1320 1144 1380 πρῴην
1165 1324 1359 1375 βασιλίδι,

410 1393 477 1434 καὶ
495 1391 596 1446 πρὸς
619 1391 714 1441 τούς
738 1394 887 1441 παῖδας
902 1389 1112 1444 Ῥωμανοῦ
1130 1391 1265 1444 σχίσιν
1282 1390 1436 1448 πατρὸς
1455 1386 1636 1436 δεικνύει.

425 1481 428 1487 ·
477 1458 582 1501 Τότε
609 1452 759 1509 Φωκᾶς
775 1459 821 1500 τὸ
841 1463 914 1512 τῆς
934 1462 1074 1513 ψυχῆς
1090 1457 1300 1514 ἐγνώρισεν
1317 1459 1521 1516 ἀνδρῶδες

411 1528 478 1568 καὶ
504 1527 549 1568 τὸ
571 1525 919 1584 τολμηροκάρδιον
939 1528 1006 1568 καὶ
1027 1525 1100 1581 τὴν
1121 1526 1224 1583 πρὸς
1241 1526 1379 1581 μάχας
1398 1529 1571 1584 θέρμην.

275 1595 386 1638 5750
410 1593 487 1648 εἶχε
508 1595 581 1647 μὲν
598 1596 676 1651 γὰρ
700 1587 948 1651 παράστημα
968 1599 1106 1648 ψυχῆς
1124 1594 1408 1650 εὐγενεστέρας,

410 1665 477 1705 καὶ
504 1662 549 1703 τὸ
571 1663 738 1719 στερρὸν
759 1663 833 1716 μὲν
853 1661 1048 1719 καρτερὸν
1069 1659 1285 1718 ὑπέφαινεν
1307 1663 1502 1719 ἀρχῆθεν,

410 1733 479 1774 καὶ
496 1730 565 1771 τὸν
582 1732 760 1784 τεχνίτην
788 1731 989 1785 ἱππαστὴν
1011 1728 1220 1787 μακρόθεν
1241 1729 1522 1788 παρεγύμνου·

411 1804 485 1853 τῆς
508 1799 551 1839 δὲ
571 1802 644 1840 τοῦ
670 1801 772 1855 δρᾶν
794 1796 1001 1852 δυνάμεως
1017 1798 1196 1853 κειμένης
1213 1799 1312 1855 παρ’
1333 1797 1483 1857 ἑτέροις

414 1867 536 1916 αὐτὸς
554 1867 599 1909 τὸ
621 1865 913 1922 γενναιόθυμον
932 1866 1078 1921 ἔσμυχε
1104 1866 1208 1909 κατὰ
1223 1865 1400 1920 βάθους,

370 1995 460 2031 5731
479 1994 661 2052 πονηρίας
680 1995 714 2029 R
838 1995 930 2031 5733
953 1992 1196 2051 ὄρεσιτρόφος
1218 1996 1285 2032 AR
1411 1996 1503 2034 5738
1526 1991 1680 2040 ἐκχυθὲν
1701 1990 1741 2029 Μ

374 2042 465 2078 5739
488 2042 684 2076 εκεδνουτο
707 2040 746 2075 Μ
883 2042 972 2077 5741
999 2041 1215 2086 ὶεροθυταις
1237 2042 1303 2078 AR
1667 2069 1671 2072 -

278 2165 395 2190 rerum
417 2154 629 2190 nefariarum
649 2153 786 2200 tubuli,
807 2153 944 2189 canales
962 2151 1257 2201 improbitatisT'
1285 2154 1340 2190 his
1367 2154 1496 2190 auditis
1518 2154 1652 2190 animus
1674 2154 1741 2190 du-

281 2201 332 2235 cis
351 2201 594 2243 excandescit,
623 2204 659 2234 et
682 2201 736 2235 leo
757 2201 855 2246 prius
873 2202 1056 2246 quiescens
1076 2202 1192 2236 oculos
1211 2202 1325 2247 aperit
1347 2213 1388 2236 ac
1404 2201 1556 2245 rugitum
1577 2200 1668 2245 edit,
1694 2200 1741 2235 ob

280 2256 384 2291 quem
404 2246 553 2280 formido
576 2245 687 2280 lustra
707 2246 814 2281 saltus
834 2253 968 2281 montes
987 2252 1041 2282 est
1059 2253 1263 2293 pervagata.
1310 2259 1389 2281 mox
1405 2247 1596 2292 imperator
1611 2257 1741 2281 renun-

280 2292 410 2334 tiatur,
434 2291 561 2336 Cpolin
582 2296 749 2336 occupat,
768 2293 887 2326 urbem
906 2295 1037 2338 absque
1058 2293 1127 2327 ullo
1145 2291 1300 2338 periculo
1318 2292 1534 2338 ingreditur,
1560 2304 1583 2327 a.
1604 2292 1744 2327 civibus

281 2336 517 2382 conspicitur,
551 2342 739 2381 conspectu
764 2349 830 2371 ,suo
862 2339 1011 2373 omnium
1034 2338 1171 2373 omnino
1196 2339 1327 2373 animos
1356 2344 1506 2373 recreat.
1552 2337 1653 2373 simul
1676 2337 1742 2372 ob-

281 2383 375 2417 viam
399 2383 433 2416 ei
461 2394 501 2416 se
527 2383 632 2416 offert
651 2383 785 2416 urbana
815 2383 997 2419 multitudo
1011 2411 1021 2429 ‚
1047 2395 1182 2419 necnon
1205 2384 1430 2430 patriciorum
1448 2384 1554 2428 ordo,
1576 2387 1741 2431 praetex-

282 2429 368 2473 tati,
396 2440 441 2462 ex
468 2428 619 2462 officinis
650 2427 816 2472 operarii.
865 2434 946 2463 ante
977 2442 1094 2465 omnes
1115 2430 1201 2465 alios
1220 2431 1424 2475 imperatrix
1444 2441 1521 2465 cum
1545 2429 1740 2465 sacerdoti—-

282 2475 348 2509 bus
370 2474 541 2508 hominem
566 2472 700 2518 supinis
726 2473 885 2508 manibus
903 2476 1050 2520 excipit,
1084 2477 1221 2521 iamque
1238 2477 1381 2511 decreto
1399 2476 1570 2511 communi
1593 2475 1742 2510 omnium

282 2520 443 2554 ordinum
472 2519 696 2565 Nicephorus
719 2519 909 2564 imperator
936 2528 1086 2556 creatur.
1133 2527 1210 2557 erat
1245 2522 1336 2557 enim
1367 2522 1454 2558 artis
1476 2521 1625 2557 bellicae
1645 2521 1742 2567 peri*

283 2565 458 2609 tissimus,
494 2566 628 2609 audax,
653 2566 840 2609 robustus,
867 2567 1039 2603 aerumnis
1062 2568 1154 2602 haud
1177 2572 1348 2613 quaquam
1374 2568 1522 2612 cedens,
1544 2568 1686 2602 incudis
1703 2567 1742 2602 in

282 2623 414 2646 morem
434 2611 572 2646 labores
596 2615 795 2645 constanter
808 2612 1003 2656 perferens.
1048 2615 1236 2649 secundum
1251 2615 1338 2648 haec
1355 2613 1610 2660 imperatricem
1621 2614 1743 2648 Theo--

282 2657 480 2704 phanonem
504 2656 575 2691 sibi
599 2657 816 2691 matrimonio
843 2658 1000 2705 copulat,
1032 2666 1070 2695 et
1095 2671 1180 2706 erga
1199 2659 1348 2696 Romani
1368 2660 1500 2696 liberos
1522 2659 1740 2696 affectionem

286 2704 458 2750 quandam
473 2702 578 2736 animi
597 2708 776 2748 paternam
795 2703 960 2739 declarat.

376 2749 572 2795 Praecipue
591 2760 677 2783 vero
699 2750 873 2795 probabat
891 2749 929 2785 in
948 2749 1095 2796 imperio
1117 2750 1321 2788 virilitatem
1339 2751 1494 2799 pectoris
1516 2755 1553 2787 et
1574 2751 1612 2786 in
1633 2761 1741 2797 prae*

283 2792 343 2829 liis
366 2795 538 2830 ardorem.
585 2795 715 2841 quippe
742 2796 906 2840 generosi
936 2802 1036 2831 erant
1059 2797 1097 2832 in
1122 2797 1241 2832 Phoca
1261 2798 1411 2844 impetus
1432 2797 1558 2842 animi,
1587 2806 1740 2841 suaeque

284 2840 501 2878 constantiae
519 2841 724 2879 documenta
745 2841 862 2882 statim
883 2844 926 2880 ab
949 2842 1051 2880 initio
1068 2844 1187 2892 dabat,
1208 2844 1405 2883 iamdudum
1420 2844 1608 2883 ostendens
1624 2853 1665 2879 sc
1680 2852 1743 2882 atq
