1924 3242
320 197 381 246 14
709 200 940 244 GEORGII
972 201 1346 246 ACROPOLITAE

315 315 389 366 τῆς
408 311 708 354 Κωνσταντίνου
739 310 923 364 ἁλώσεως
944 312 1116 357 ἄλλοθεν
1134 314 1254 367 ἄλλος
1272 313 1455 372 ἡγεμόνες
1476 314 1574 360 εἶναι
1592 316 1734 372 τυχόν-

316 396 382 429 τες
411 379 440 434 ἢ
473 381 538 421 καὶ
571 379 610 420 οἳ
640 382 721 421 τῶν
753 374 886 423 ἄλλοιν
916 380 1151 438 προύχοντες
1170 381 1224 434 ὥς
1246 385 1391 427 οἰκείαν
1415 384 1541 442 ἀρχὴν
1561 385 1635 440 τὴν
1652 384 1730 443 ὑφ’

267 449 301 483 D
323 445 488 496 ἑαυτοὺς
521 447 721 489 ἐποιοῦντο
754 446 913 504 χώραν,
944 449 972 504 ἢ
1004 451 1046 500 ἐξ
1075 451 1205 493 αὐτῶν
1229 454 1284 501 εἷς
1306 455 1420 494 τοῦτο
1444 451 1688 509 ὁρμήσαντες
1705 452 1735 507 ἢ

315 516 382 556 καὶ
402 513 514 570 παρὰ
532 518 613 557 τῶν
630 513 845 572 οἰκητόρων
861 511 1171 572 μετακληθέντες
1191 521 1246 569 εἷς
1261 518 1332 573 τὴν
1350 523 1422 574 τῆς
1437 519 1576 576 χώρας
1593 521 1734 578 δεφέν-

313 583 458 623 δευσιν.
524 581 664 624 αὓτίκα
687 582 894 640 Θεόδωρός
909 602 971 636 τε,
1005 585 1049 627 ὃν
1067 588 1132 627 καὶ
1151 585 1489 643 Μωροθεόδωρον
1506 586 1765 640 {neumam-,5

312 647 446 704 ἅρχων
465 642 515 702 ἦν
540 654 612 702 τῆς
635 652 888 708 Φιλαδέλφου
918 652 1089 705 πόλεως,
1120 654 1249 710 ἕτερος
1270 654 1312 695 δὲ
1335 653 1503 708 Σάββας
1524 654 1748 709 τοῦπίκληυ-

311 720 384 757 τοῦ
412 715 561 766 ἄστεως
593 718 769 770 ἒδέσποζε
792 724 864 760 τοῦ
885 720 1072 774 Σαμψών
1093 722 1193 774 μετὰ
1217 723 1282 763 καὶ
1301 725 1380 763 τῶν
1400 724 1566 776 πλησίον
1586 738 1739 777 τυγχα-.
1805 721 1808 724 ’

309 782 457 826 νόντων
476 784 597 841 αὐτῷ.
640 788 930 842 Παφλαγονίας
947 789 989 829 δὲ
1008 786 1138 843 πάσης
1155 789 1346 845 ἐγκρατὴς
1364 784 1413 843 ἦν
1431 789 1586 843 Δαβίδ,
1616 789 1734 831 ἀδελ-

309 850 389 907 φὸς
407 851 462 893 ὢν
474 851 645 902 Ἀλεξίου
666 859 737 895 τοῦ
755 859 825 909 τῆς
847 858 1142 911 Τραπεζοῦντος
1163 855 1444 913 κρατήσαντος,
1468 856 1511 906 ὃς
1528 858 1594 899 καὶ
1611 857 1734 912 μέγας

308 917 529 972 ὠνομάζετο
557 920 786 975 Κομνηνός,
826 922 870 963 οἳ
892 927 964 964 τοῦ
995 925 1190 976 βασιλέως
1201 925 1449 980 Ἀνδρονίκου
1467 923 1645 981 ὑπῆρχον
1667 923 1732 980 ξ’γ-
1743 933 1787 968 10

307 1003 438 1042 γονοι,
470 988 672 1042 Μανουὴλ
691 994 748 1046 τῷ
767 988 908 1032 τούτου
930 992 1131 1044 τεχθέντες
1150 992 1237 1048 υἱῷ.
1306 991 1371 1033 διὰ
1395 996 1521 1037 ταῦτα
1541 993 1582 1033 ἓν
1603 995 1733 1048 πολλῇ

214 1059 243 1092 Ρ
264 1060 288 1094 7
309 1056 546 1115 στενοχωρία
575 1055 627 1097 τὰ
656 1056 870 1113 πράγματα
905 1057 1052 1115 ὗπῆρξε
1081 1063 1138 1116 τῷ
1162 1063 1324 1112 βασιλεῖ
1352 1057 1571 1117 Θεοδώρῳε
1627 1059 1731 1101 ἀλλὰ

303 1121 373 1164 τὸν
413 1122 487 1175 μὲν
529 1123 868 1181 Μωροθεόδωρον
904 1129 969 1168 καὶ
1012 1126 1081 1168 τὸν
1116 1125 1285 1180 Σάββαν
1315 1127 1483 1183 εὐχερῶς
1517 1130 1729 1180 μετῆλθεν,

303 1190 518 1231 κάντεῦθεν
549 1191 750 1243 ἓδέσποζεν
783 1193 910 1242 ἀδεῶς
942 1195 1167 1247 Κελβιανοῦ
1197 1211 1239 1235 τε
1268 1192 1440 1245 παντός,
1484 1192 1729 1250 Μαιάνδρου

304 1259 597 1314 Φιλαδελφείας
615 1260 681 1300 καὶ
700 1258 978 1316 Νεοκάστρων.
1740 1269 1783 1305 15

438 1325 483 1368 8.
542 1325 652 1366 Ἀλλ’
687 1325 864 1367 ἐνταῦθά
896 1344 965 1380 μοι
1001 1325 1022 1367 ὃ
1057 1324 1174 1381 λόγος
1203 1323 1476 1379 ἀναμεινάτω·
1522 1326 1731 1383 ἱστορῆσαι

300 1391 377 1447 γὰρ
411 1389 597 1444 βούλεται
629 1391 680 1434 τὰ
717 1396 774 1449 τῷ
805 1397 968 1446 βασιλεῖ
995 1393 1154 1450 Ἀλεξίῳ
1197 1392 1428 1447 συμβάντα,
1474 1392 1551 1448 ἤδη
1587 1394 1631 1437 δὲ
1661 1395 1730 1436 καὶ
1764 1432 1766 1434 .

300 1454 428 1500 τᾶλλα
457 1458 508 1500 τὰ
537 1459 599 1499 ἐπὶ
622 1463 672 1515 τῇ
692 1458 838 1518 ἑσπέρᾳ
857 1461 1041 1515 γενέσθαι
1063 1459 1294 1517 φθάσαντα.
1363 1461 1523 1517 ἀφίκετο
1545 1459 1640 1514 μέν,
1675 1459 1730 1511 ὥς

300 1525 491 1582 εἶρήκειν,
529 1528 585 1575 εἷς
621 1527 914 1582 Θεσσαλονίκην
942 1527 962 1570 ὃ
994 1528 1194 1584 εῗρημένος
1218 1528 1406 1581 βασιλεὺς
1432 1528 1627 1579 Ἀλέξιος,
1660 1529 1728 1570 καὶ
1780 1555 1786 1557 Δ

297 1592 498 1651 ὑπεδέχθη
526 1594 637 1650 παρὰ
663 1599 735 1649 τῆς
763 1596 887 1637 αὐτοῦ
915 1594 1093 1652 νύμφης,
1127 1595 1154 1649 ’ἢ
1183 1597 1225 1644 ἐξ
1250 1594 1438 1651 Οὕγγρων
1456 1595 1529 1648 μὲν
1549 1594 1782 1651 ὥρμητο,20

298 1659 603 1717 ἓπεγαμβρεύθη
633 1663 675 1703 δὲ
699 1666 756 1719 τῷ
777 1667 939 1717 βασιλεῖ
950 1664 1132 1719 Ἰσαακίῳ
1150 1662 1251 1716 μετὰ
1274 1662 1345 1716 τὴν
1364 1666 1436 1716 τῆς
1451 1663 1634 1717 γυναικὸς
1650 1663 1726 1704 αὗ-

298 1732 371 1770 τοῦ
389 1726 591 1782 τελευτήν,
624 1728 674 1783 ἣν
695 1731 759 1785 καὶ
781 1729 930 1787 ὡραίαν
948 1728 1051 1772 πάνυ
1073 1734 1132 1789 τῷ
1150 1729 1242 1771 εἴδει
1260 1730 1298 1772 οἳ
1313 1727 1536 1780 κατιδόντες
1551 1729 1726 1787 ἔφασκον

385 1880 410 1915 2
434 1878 470 1914 οὶ
493 1890 544 1913 om
566 1879 596 1913 D
739 1881 760 1914 5
780 1891 819 1915 τε
839 1892 892 1915 om
909 1881 940 1915 D
1055 1883 1096 1916 11
1121 1879 1323 1924 Μανουὴλ]
1346 1878 1436 1923 μετὰ
1457 1880 1488 1914 Α
1600 1879 1663 1915 διὰ
1677 1899 1724 1906 --

391 1926 434 1959 12
462 1923 641 1970 Θεοδώρῳ
665 1936 719 1959 om
735 1925 766 1958 D
907 1928 949 1961 17
971 1922 1043 1970 ἤδη
1060 1946 1106 1951 --
1120 1924 1321 1969 φθάσαντα
1337 1936 1390 1959 om
1403 1925 1436 1959 D
1573 1926 1615 1961 18
1636 1923 1723 1969 μέν]

386 1966 452 2012 μὲν
471 1964 538 2004 οὖν
554 1970 585 2004 D
722 1971 763 2005 19
788 1967 809 2006 ὅ
830 1990 875 1997 -
890 1967 1038 2013 'Al-&gang
1055 1983 1107 2006 om
1126 1973 1169 2005 D.

295 2103 486 2138 turbatione
510 2115 550 2138 ac
574 2105 768 2139 confusione
791 2105 990 2151 cpolitanae
1012 2104 1208 2149 direptionis
1229 2104 1306 2138 hinc
1328 2104 1406 2138 inde
1426 2103 1509 2138 alius
1524 2106 1624 2148 atque
1639 2103 1722 2138 alius

296 2161 370 2183 cum
397 2151 563 2183 exercitus
586 2150 764 2193 ducerent,
787 2151 858 2184 sive
878 2151 975 2185 etiam
992 2151 1047 2195 qui
1063 2149 1134 2183 aliis
1151 2153 1379 2195 praestarent,
1402 2154 1531 2193 partem
1546 2159 1643 2193 quam
1657 2149 1721 2194 ipsi

295 2194 568 2237 moderabantur,
601 2196 674 2229 sive
698 2196 731 2228 id
756 2208 797 2230 ex
821 2195 1005 2240 semetipsis
1029 2201 1213 2237 tentantes,
1238 2195 1311 2228 sive
1327 2194 1370 2227 ab
1389 2194 1511 2228 accolis
1525 2194 1558 2227 in
1572 2194 1721 2228 locorum

294 2239 590 2284 propugnationem
619 2240 790 2279 accersiti,
831 2241 934 2274 veluti
964 2241 1161 2274 dominatum
1190 2239 1359 2284 proprium
1388 2239 1609 2283 occupabant.
1671 2239 1721 2273 sic

294 2284 495 2317 Theodorus
521 2290 739 2327 cognomento
767 2286 1046 2319 Morotheodorus
1069 2284 1326 2328 Philadelphiam
1343 2283 1519 2317 dominatui
1533 2294 1590 2317 suo
1606 2283 1721 2317 subie-

293 2329 348 2362 cit.
395 2329 476 2362 alius
502 2328 581 2362 item
606 2335 823 2372 cognomento
848 2331 978 2364 Sabbas
999 2330 1189 2374 Sampsonis
1204 2330 1318 2362 urbem
1333 2339 1406 2362 cum
1422 2329 1472 2361 bis
1487 2339 1573 2372 quae
1588 2328 1719 2362 adiace-

291 2375 373 2408 bant
386 2373 503 2407 tenuit.
548 2374 806 2418 Paphlagoniam
823 2375 1008 2408 universam
1023 2374 1133 2408 David
1148 2374 1257 2407 Alexii
1271 2373 1494 2418 Trapezuntis
1510 2373 1631 2407 domini
1647 2374 1720 2407 fra-

291 2424 366 2461 ter,
388 2418 445 2463 qui
459 2422 493 2452 et
508 2429 644 2460 magnus
661 2420 848 2457 Comnenus
864 2419 1049 2452 vocabatur
1059 2444 1068 2462 ‚
1091 2419 1300 2463 imperatoris
1314 2418 1493 2451 Andronici
1509 2430 1612 2463 nepos
1627 2423 1720 2452 uter-

292 2475 359 2508 que
375 2464 516 2497 ab-illius
530 2464 598 2497 filio
617 2468 797 2508 prognatus
810 2489 819 2506 ,
842 2464 995 2498 obtinuit.
1039 2469 1220 2508 propterea
1244 2463 1279 2496 in
1303 2463 1449 2497 maximis
1470 2464 1655 2497 turbinibus
1679 2475 1719 2497 ac

290 2509 448 2543 fluctibus
462 2519 517 2542 res
532 2509 741 2553 imperatoris
757 2509 929 2542 Theodori
945 2509 1125 2550 nutabant,
1144 2509 1200 2552 qui
1222 2508 1361 2552 primum
1375 2508 1506 2552 quidem
1523 2509 1713 2542 Morotheo·

290 2555 406 2587 dorum
428 2558 464 2586 et
486 2554 631 2587 Sabbam
652 2554 750 2587 facile
769 2554 949 2599 oppressit,
973 2553 1116 2597 ideoque
1130 2557 1202 2586 tuto
1217 2558 1251 2586 et
1265 2553 1336 2587 sine
1350 2558 1439 2587 motu
1454 2553 1558 2587 totius
1574 2551 1719 2588 Celtiani

292 2598 466 2633 Maeandri
481 2599 728 2644 Philadelphiae
743 2603 779 2632 et
793 2600 1051 2633 Neocastrorum
1066 2598 1318 2631 dominationem
1333 2599 1477 2632 tenebat.

379 2645 414 2679 8.
461 2643 530 2677 Sed
551 2644 605 2677 hic
629 2643 797 2688 paululum
819 2643 1004 2677 coercenda
1019 2643 1124 2677 oratio
1142 2647 1212 2676 est:
1235 2654 1377 2687 namque
1392 2644 1468 2677 mihi
1482 2643 1515 2676 in
1531 2643 1637 2678 animo
1653 2647 1716 2686 est,

291 2699 379 2733 quae
402 2688 593 2734 imPeratori
606 2689 722 2722 Alexio
738 2689 906 2733 contigere
916 2715 926 2730 ‚
959 2700 1086 2722 necnon
1112 2692 1208 2732 gesta
1221 2688 1256 2721 in
1270 2688 1445 2722 occidente
1458 2688 1584 2733 reliqua
1597 2699 1716 2722 recen-

291 2745 377 2768 sere.
424 2733 597 2778 appulerat
619 2733 801 2778 imperator
822 2734 979 2775 Alexins,
1011 2734 1060 2767 uti
1081 2745 1183 2777 supra
1205 2734 1406 2776 memoravi,
1429 2733 1716 2772 Thessalonicam,

291 2781 515 2824 exceptusque
543 2782 596 2813 est
623 2790 643 2812 a
666 2790 749 2813 nuru
763 2805 774 2822 ‚
806 2790 931 2824 genere
953 2778 1083 2824 quidem
1104 2779 1263 2822 Ungara,
1293 2779 1355 2813 sed
1376 2778 1567 2824 imperatori
1587 2777 1713 2812 launoio

290 2828 366 2869 post
379 2824 490 2860 uxoris
505 2824 630 2860 obitum
645 2824 845 2870 desponsata
854 2850 864 2870 ‚
888 2824 1023 2859 muliere
1037 2823 1149 2869 specie
1162 2823 1293 2859 nimium
1308 2823 1446 2869 egregia
1459 2834 1500 2858 ac
1513 2823 1632 2858 decora
1641 2847 1652 2865 ‚
1675 2826 1717 2855 ut
