1864 3242
529 157 931 204 ACROPOLITAM
971 157 1172 203 NOTAE.
1480 159 1542 204 23
1553 160 1576 204 1

122 269 247 311 crucis
265 269 521 323 pretiosius,
537 270 766 324 maioreque
783 271 890 308 cultu
912 259 1063 308 honore
1085 270 1131 308 ac
1148 269 1367 308 reverentia
1383 270 1577 321 suspicie-

121 329 240 367 batur
258 333 299 366 et
315 327 542 378 religiosius
561 327 860 376 observabatur,
891 327 926 365 si
943 328 1115 366 inclusas
1139 325 1304 364 haberet
1319 327 1468 378 primae
1487 340 1577 365 cru-

121 386 178 424 cis
191 384 419 437 particulas.
476 397 572 422 nam
591 384 635 423 S.
659 386 784 422 crucis
803 385 960 435 lignum
977 397 1048 436 per
1066 391 1209 436 parte&
1220 382 1282 436 (ut
1301 385 1356 421 ait
1375 383 1426 421 D.
1445 384 1578 435 Cyril-
1629 406 1631 411 -

118 441 185 482 lus
201 441 587 493 Hierosolymitanus
611 442 818 493 episcopus
838 439 999 479 Catech.
1023 441 1070 489 4,
1108 442 1160 481 10
1186 447 1224 478 et
1257 439 1332 491 18)
1365 438 1414 478 de
1441 447 1578 478 monte

119 497 325 536 Calvariae
343 509 525 549 sparsum
542 504 603 536 est
620 511 667 536 ac
684 504 812 536 totum
832 504 1025 535 terrarum
1044 498 1181 535 orbem
1201 497 1382 548 replevit.
1424 497 1578 535 eiusce-

120 553 232 592 modi
253 567 386 592 cruces
401 567 483 592 non
498 567 648 606 paucae
665 556 813 606 passim
829 560 1034 592 occurrent
1052 555 1306 606 antiquorum
1319 561 1578 591 monumenta

120 611 334 660 evolventi.
390 611 472 648 tale
489 609 566 649 hoc
585 612 709 650 fuisse
727 610 829 649 mihi
847 609 1065 662 persuadeo
1084 609 1191 663 quod
1206 617 1342 647 auctor
1361 617 1495 648 noster
1508 606 1582 650 τᾶν

121 664 330 720 βασιλικόν
350 664 520 720 σταυρόν
541 668 737 719 appellat,
777 668 887 706 salvo
918 673 1052 705 tamen
1077 668 1249 704 cuiusvis
1267 665 1429 703 indicio.
1487 665 1581 704 vide

118 723 310 762 Iacobum
327 724 559 762 Gretserum
580 725 623 763 S.
644 727 676 762 Ι.
695 724 928 775 theologtun
941 753 951 771 ,
993 725 1062 776 qui
1079 722 1155 761 hoc
1174 736 1291 761 omne
1311 725 1435 760 crucis
1453 736 1581 774 nego-

119 781 223 818 tium
253 782 506 818 exactissime
528 788 647 834 atque
666 781 862 819 uberrime
882 781 1008 818 tribus
1027 782 1146 819 tomis
1167 781 1430 832 persequitur.
1489 782 1582 831 qui-

118 837 196 875 bus
221 836 336 875 lectis
360 838 540 888 opinioni
557 851 672 875 meae
693 838 938 876 subscribere
966 850 1012 874 ac
1041 838 1238 875 calculum
1262 836 1432 874 adiicere
1454 836 1581 874 lecto-

119 906 207 932 rem
229 892 445 932 candidum
462 895 574 932 nulla
595 896 668 932 erit
683 893 847 933 invidia.
904 895 1067 932 Douss.

231 957 273 1012 pL
289 962 345 1002 22
364 973 405 998 v.
426 961 494 1001 11.
526 956 658 1013 ζᾶῖνης
674 957 822 1013 αὐτῆς]
853 959 905 999 ad
924 973 1065 998 zonam
1085 960 1250 1011 virginis
1269 958 1454 1012 deiparae
1472 957 1581 1012 quod

117 1017 281 1065 attinet,
321 1017 406 1054 eius
431 1028 591 1069 quoque
609 1017 828 1058 καταθέσια
847 1018 987 1055 Graeci
1011 1017 1262 1054 celebrabant
1278 1016 1380 1068 prid.
1398 1014 1481 1053 kal.
1504 1017 1581 1054 Se-

117 1071 334 1126 ptembres.
390 1074 665 1125 Menologium
691 1075 828 1112 clare
816 1088 858 1112 nl
877 1087 1015 1111 mense
1035 1075 1235 1124 Augusto:
1268 1073 1326 1122 εἰς
1349 1069 1424 1124 τήν
1447 1069 1505 1112 λα’
1531 1070 1582 1112 τοὶ

116 1128 338 1170 amasium
357 1131 431 1180 τῆς
457 1130 589 1181 τιμίας
623 1126 749 1182 ζωνης
774 1133 847 1181 τῆς
872 1129 1091 1183 ὖπεραγίας
1106 1125 1316 1170 θεοτόκου.
1373 1137 1412 1166 et
1435 1131 1477 1165 in
1497 1131 1582 1166 No-

115 1186 225 1224 vella
245 1186 444 1224 Manueh's
461 1186 655 1224 Comneni
677 1186 725 1224 de
745 1188 878 1225 feriis·
907 1186 975 1227 και
1001 1185 1031 1238 ἦ
1063 1181 1122 1226 λα’
1151 1201 1221 1226 του
1248 1182 1487 1238 Αὐγούστου
1515 1183 1582 1225 διοὶ

115 1239 193 1295 τήν
212 1242 285 1294 τῆς
302 1242 436 1294 τιμίας
454 1239 579 1294 ζωνης
595 1245 669 1295 τῆς
686 1240 884 1296 ἄχραντον
904 1241 1098 1283 θεοτὸκου
1119 1238 1361 1282 κατάθεσιν·
1384 1244 1583 1292 suggessit

117 1298 384 1336 amicissimus
421 1297 524 1336 mihi
551 1301 749 1337 Meursius
775 1300 1050 1350 Menologium
1079 1300 1321 1336 Graecorum
1349 1312 1402 1335 ex
1429 1299 1579 1336 biblio-

115 1353 233 1410 theca
255 1361 294 1392 et
314 1356 639 1407 interpretatione
661 1357 867 1394 Guilielmi
888 1357 1025 1394 sirleti
1045 1354 1270 1403 cardinalis,
1289 1356 1394 1405 Aug.
1416 1353 1481 1392 die
1500 1357 1578 1396 31:

116 1413 431 1449 commemoratio
447 1413 647 1462 pretiosae
671 1426 793 1450 zonae
817 1413 1092 1450 sanctissimae
1119 1412 1185 1450 dei
1194 1412 1378 1462 parentis
1399 1412 1581 1457 Mariae,

117 1469 314 1519 repositae»
334 1468 378 1505 in
403 1468 622 1506 venerabili
647 1471 731 1507 eius
753 1469 867 1515 aede,
907 1482 999 1506 cum
1022 1482 1123 1506 zona
1148 1470 1237 1519 ipsa
1265 1467 1394 1504 relata
1415 1475 1488 1513 est,
1527 1467 1581 1505 ab

118 1527 348 1576 episcopatu
371 1524 493 1562 Zelae
515 1524 590 1563 sub
609 1525 834 1564 Iustiniano
864 1527 961 1576 imp.
996 1532 1032 1562 et
1048 1525 1217 1577 sactum
1245 1524 1487 1561 miraculum
1504 1537 1583 1574 per
1643 1566 1645 1568 ¹

117 1582 406 1633 impositionem
418 1583 615 1632 pretiosae
631 1596 755 1620 zonae
771 1596 889 1634 super
904 1583 1087 1635 reginam
1100 1582 1237 1628 Zoem,
1254 1582 1462 1632 coniugem
1476 1581 1582 1619 Leo-

117 1639 183 1677 nis
199 1639 296 1690 imp.
356 1639 523 1677 DousA.

230 1705 286 1743 ib.
323 1718 364 1744 v.
396 1708 463 1748 16
521 1701 650 1746 αυτοῦ
678 1704 722 1747 δὲ
744 1721 826 1746 των
850 1704 1100 1758 Ῥωμαϊκῶν]
1128 1717 1303 1756 namque
1340 1705 1582 1742 Graecorum

119 1763 334 1814 imperium
357 1775 438 1800 non
461 1763 618 1800 minora
636 1764 852 1801 infortunia
868 1763 940 1800 sub
959 1764 1105 1800 Alexio
1123 1763 1309 1799 sustinuit
1326 1774 1447 1813 quam
1463 1767 1582 1798 antea

119 1819 192 1858 sub
212 1820 364 1857 Isaacio
385 1820 636 1868 sustinuerat,
667 1833 768 1872 quae
792 1826 925 1857 narrat
947 1819 1137 1857 Choniata
1158 1820 1201 1855 in
1220 1818 1382 1855 Alexio.
1440 1819 1544 1855 Am„

233 1885 288 1924 ih.
319 1899 358 1923 v.
393 1887 461 1928 18.
521 1899 622 1938 quae
651 1888 702 1925 sit
730 1888 1032 1924 Protostratoris
1057 1885 1251 1938 dignitas,
1291 1884 1399 1938 quod
1417 1898 1577 1931 munus,

119 1941 227 1981 unde
251 1943 397 1980 melius
421 1943 693 1995 liquidiusque
713 1951 890 1981 constare
908 1945 1052 1994 possit,
1091 1944 1249 1980 nullum
1273 1943 1579 1981 luculentiorem

118 2006 322 2038 auctorem
340 2012 461 2051 quam
485 2001 658 2037 amicum
673 2007 854 2038 nostrum
870 1998 1089 2037 Iohannem
1110 2000 1330 2036 Meursium
1353 1999 1426 2036 tibi
1444 1999 1579 2035 nomi-

117 2070 215 2094 nare
236 2069 415 2124 possum.
473 2055 654 2094 videatur
677 2059 762 2095 eius
783 2057 1050 2105 Glossarium,
1088 2068 1139 2093 au
1156 2054 1391 2094 thesaurum
1416 2053 1547 2092 dicam
1556 2053 1577 2092 ’ὲ

119 2107 502 2167 ἱιιπρωτοστρατωρ.
559 2114 725 2151 Ποσει.

232 2193 273 2232 p.
283 2181 336 2222 23
348 2181 441 2220 v.1-
486 2178 555 2221 τόν
575 2178 618 2221 δὲ
636 2179 805 2235 Πέτρον]
831 2181 971 2218 Petrus
988 2187 1192 2231 praeterea
1209 2191 1372 2216 auream
1388 2178 1579 2216 corollam

119 2238 242 2289 capiti
262 2238 452 2288 imposuit
471 2244 510 2275 et
526 2237 695 2289 pedibus
717 2239 918 2276 coccineos
941 2238 1092 2275 calceos
1114 2235 1294 2283 induxit,
1325 2242 1369 2272 ut
1387 2236 1578 2287 imperia-

119 2294 226 2332 libus
252 2294 475 2345 insignibus
501 2295 757 2346 popularibus
789 2296 871 2333 suis
892 2294 1146 2346 spectabilior
1167 2306 1213 2330 ac
1233 2291 1390 2343 dignior
1408 2305 1578 2344 appare-

119 2357 193 2391 ret.
247 2351 353 2388 Am„

235 2415 290 2454 ib·
320 2429 360 2454 V·
390 2419 431 2459 8-
490 2415 777 2473 Περισθλαβα]
818 2419 936 2457 Anna
969 2419 1172 2456 Comnena
1207 2414 1395 2455 Alexiad.
1427 2415 1497 2452 lib.
1528 2417 1577 2455 7:

121 2469 240 2521 πολις
265 2470 309 2513 δὲ
339 2469 440 2526 afim
467 2474 695 2531 περιφανής
718 2491 809 2526 περι
834 2473 906 2516 τόν
919 2471 1072 2527 Ἴστρον
1095 2472 1343 2525 διακειμένη,
1387 2469 1482 2511 ποτὲ
1505 2468 1578 2523 μὲν

125 2526 218 2572 ουτ’
239 2545 368 2582 ονομα
384 2533 500 2572 τοῦτο
517 2531 660 2585 ἔχουσα
680 2529 944 2603 βαρβαρικόν,
982 2528 1071 2572 αλλ’
1092 2529 1401 2599 Ἑλληνίζρυσα
1403 2523 1483 2567 dud
1505 2530 1582 2577 τῆς,

108 2587 396 2640 προσηγορίας
416 2586 562 2641 μεγάλη
581 2586 697 2637 πόλις
713 2604 780 2629 και
800 2584 903 2630 οὖσα
920 2588 989 2628 καὶ
1006 2586 1209 2641 λεγομένη.
1253 2581 1331 2636 ἀφ’
1352 2600 1399 2625 ου
1419 2582 1462 2624 δὲ
1484 2580 1578 2623 Μό-

125 2657 224 2697 ’ῐρθς
243 2658 264 2684 ⁰
285 2645 367 2683 τῶν
386 2643 628 2713 Βουλγᾶρων
650 2643 835 2698 βασιλεὺς
854 2661 922 2685 και
942 2645 984 2685 οἱ
1008 2644 1046 2692 ἐξ
1072 2644 1226 2684 ἐκείνου
1242 2637 1469 2695 γενόμενοι,
1509 2639 1578 2679 καὶ

122 2699 286 2752 προσέτι
303 2697 496 2753 Σαμουὴλ
516 2700 537 2743 ὃ
553 2705 771 2750 τελευταῖος
789 2705 862 2753 τῆς
880 2702 1155 2753 Βουλγαρικῆς
1175 2699 1418 2745 δυναστείας,
1446 2693 1578 2736 καθά-

124 2771 200 2809 περ
218 2757 407 2804 Σεδεκίας
430 2759 512 2797 τῶν
536 2754 757 2804 Ἰουδαίων,
795 2762 867 2810 τῆς
894 2757 1059 2826 soecns'oas·
1083 2754 1351 2808 κατέδραμον,
1381 2751 1581 2794 σύνθετον

124 2810 317 2866 ἐκτήσατο
336 2811 413 2865 τὴν
431 2811 746 2869 προσηγορίαν’
720 2812 801 2856 ani>
818 2830 859 2856 τε
872 2817 944 2868 τῆς
959 2812 1191 2866 Ἑλληνικῆς
1206 2811 1414 2865 σημασιας,
1433 2805 1582 2863 μεγάλη
