1864 3242
354 212 453 260 260
883 214 942 257 l'N
974 213 1271 258 GEORGIUM

355 322 527 363 medicos
556 320 878 360 scarificationem
908 321 1235 359 cucurbitularum
1259 318 1426 372 pedibus
1457 319 1704 370 adhibuisse,
1746 327 1785 358 et

356 377 541 431 ἐφόλκιον
560 379 641 415 sive
663 379 928 415 attractorium
949 376 1148 429 quoddam
1168 375 1499 414 medicamentum
1517 372 1786 416 scarificationi

351 438 532 474 iniecisse
556 441 594 472 et
617 434 832 484 applicasse
853 432 904 470 ad
923 432 1159 477 eliciendum
1178 429 1432 483 s'anguinem,
1472 434 1534 470 cui
1556 434 1615 470 rei
1637 428 1786 484 εὗφόρ-
1837 447 1841 452 ’

353 494 443 544 βιον
463 497 598 541 aptum
617 496 691 527 etc.
747 488 994 528 Dioscorides
1018 487 1372 540 Aesclepiadesque
1397 489 1466 525 alii
1485 487 1678 526 videntur.
1736 487 1785 526 de

351 547 486 584 morbo
511 553 641 584 autem
658 547 755 596 imp.
776 548 834 583 Io.
856 547 989 583 Ducae
1010 546 1179 583 Batatzis
1195 543 1435 595 Nicephorus
1455 545 1646 596 Gregoras
1666 543 1735 582 lib.
1757 546 1784 584 2

353 617 437 654 cap.
456 603 528 640 ult.
583 603 744 639 DovSA.
1638 615 1640 617 >
1674 595 1696 618 Ὗ

459 671 500 709 p.
518 658 597 699 109
620 671 657 696 v.
686 656 753 698 15.
809 659 891 704 τοῖς
905 651 1097 704 τοιούτοις
1112 654 1363 709 ἔπεχωρίαζε]
1394 656 1586 706 Gregoras
1603 651 1716 706 p.”50
1743 653 1783 694 8.

350 716 452 752 Am..
1657 718 1659 722 -
1726 727 1728 729 ,

462 783 503 821 p.
524 770 602 810 110
621 782 659 806 v.
679 770 719 808 3.
775 769 831 821 τῷ
854 766 977 808 ἐκεῖσε
1003 762 1259 821 προσκυνήσῃ
1290 765 1468 820 Χριστῷ]
1498 766 1540 802 in
1560 762 1784 815 1111οἀ0311-

352 825 488 863 tudine
508 826 665 861 Ioannis
691 824 878 875 pietatem
907 829 946 860 et
970 836 1222 860 nummorum
1248 825 1289 859 in
1308 835 1498 873 pauperes
1516 821 1781 872 profusionem

350 883 437 919 fuse
460 887 613 918 enarrat
631 881 820 929 Georgius
838 877 1116 930 Pachymerius
1141 879 1206 930 (p.
1228 880 1282 919 70
1305 877 1378 927 8),
1423 879 1492 930 qui
1511 889 1533 913 a
1553 874 1783 914 Christianis

351 937 589 989 principibus
611 937 768 973 omniuo
787 934 1004 972 audiendus
1026 942 1096 972 est.
1153 936 1252 971 Au..

463 993 516 1030 ib.
539 1005 575 1029 v.
602 991 665 1031 14.
724 987 912 1042 ἑξήκοντα
933 990 999 1030 καὶ
1030 986 1127 1041 δυό]
1160 991 1350 1039 Gregoras
1370 1001 1408 1038 p.
1431 987 1484 1028 50
1511 988 1576 1027 16.
1633 991 1672 1023 et
1690 991 1782 1022 nota

352 1061 474 1086 annos
494 1048 597 1086 vitae
616 1048 722 1084 illius
742 1047 1006 1097 Acropolitam
1029 1058 1233 1083 numerare
1253 1045 1457 1093 sexaginta
1476 1041 1595 1088 duos,
1632 1042 1794 1091 G’rrego-⁴

351 1117 435 1141 ram
454 1104 682 1153 sexaginta:
713 1104 755 1139 111
775 1104 886 1139 annis
904 1104 1060 1152 imperii
1080 1103 1326 1148 conveniunt,
1357 1111 1447 1136 cum
1464 1104 1627 1150 uterque
1643 1103 1726 1134 tres
1744 1102 1783 1133 et

348 1162 508 1210 triginta
525 1159 680 1209 imperii
698 1164 887 1195 numeret.
943 1159 1044 1195 Au..
1631 1175 1633 1177 >
1656 1172 1657 1175 ¹

460 1214 513 1251 ib.
538 1227 576 1251 v.
604 1217 665 1254 18.
726 1211 1030 1264 δαψιλεστέραν]
1074 1210 1329 1248 admirabitur
1354 1221 1435 1246 non
1466 1219 1582 1244 nemo
1613 1216 1782 1259 quanam

349 1272 497 1308 ratione
525 1268 718 1306 eiusmodi
741 1269 994 1319 imperatores
1009 1297 1018 1315 ,
1057 1269 1124 1319 qui
1151 1267 1270 1317 paulo
1301 1271 1389 1302 ante
1416 1263 1610 1315 reliquam
1634 1264 1783 1313 regiam.

350 1326 635 1376 supellectilem
651 1323 826 1361 hostibus
845 1331 1039 1361 cesserant
1058 1330 1096 1359 et
1115 1324 1246 1359 omnia
1266 1334 1335 1358 sua
1351 1321 1572 1367 amiserant,
1593 1325 1780 1366 extorres,

350 1388 389 1418 et
413 1395 492 1419 non
521 1382 604 1418 sine
633 1380 826 1417 continuis
854 1380 1010 1431 illisque
1038 1380 1239 1415 immensis
1272 1376 1512 1427 sumptibus,
1553 1387 1658 1410 nunc
1691 1386 1782 1410 cum

349 1438 530 1487 Bulgaris
548 1449 652 1473 nunc
672 1449 761 1472 cum
778 1434 927 1473 Latinis
955 1449 1060 1472 nunc
1081 1448 1169 1472 cum
1189 1433 1496 1486 Christianorum
1512 1429 1687 1467 hostibus
1701 1459 1711 1477 ,
1742 1436 1781 1467 et

349 1493 456 1545 quod
474 1494 601 1529 maius
620 1493 789 1542 cuipiam
807 1490 933 1528 videri
951 1492 1104 1542 poterit,
1136 1503 1224 1527 cum
1243 1490 1399 1526 Graecis
1422 1488 1517 1538 ipsis
1542 1486 1781 1536 belligeran-

348 1556 408 1586 tes
422 1578 432 1597 ,
461 1555 519 1586 tot
536 1549 760 1598 recolligere
780 1548 965 1598 pecunias
985 1548 1181 1598 potuerim
1193 1576 1202 1593 ,
1233 1552 1276 1582 ut
1295 1546 1403 1594 larga
1430 1545 1547 1580 etiam
1560 1554 1681 1578 manu
1699 1542 1779 1578 lar-

349 1606 563 1654 gitionibus
583 1611 620 1641 et
638 1603 977 1651 retributionibus,
1016 1617 1095 1640 non
1116 1601 1374 1638 familiaribus
1392 1597 1509 1636 modo
1530 1596 1777 1645 sedexteris,

346 1674 462 1711 supra
481 1662 598 1697 etiam
616 1662 894 1711 imperatorum
920 1657 1239 1697 consuetudinem
1264 1656 1506 1694 effusissimis
1525 1652 1778 1704 providerint.

347 1717 513 1753 cessabit
530 1718 687 1753 omnino
706 1715 913 1752 admiratio
926 1745 935 1763 ,
975 1717 1008 1752 si
1026 1721 1253 1752 revocentur
1273 1715 1315 1749 in
1331 1712 1562 1748 memoriam
1580 1721 1679 1760 quae
1699 1709 1778 1744 Pa-

347 1771 568 1823 chymerius
590 1771 637 1808 de
659 1773 806 1808 aerario
827 1772 984 1808 Ioannis
1006 1778 1044 1807 et
1061 1769 1262 1806 Theodori
1279 1768 1411 1805 scribit
1425 1780 1464 1817 p.
1482 1767 1534 1806 68
1555 1766 1593 1805 6.
1622 1766 1722 1801 Am..

457 1827 509 1864 ib.
532 1841 569 1864 v·
595 1829 660 1868 22.
707 1824 875 1877 ’Ἁννης]
906 1833 1059 1863 mortua
1083 1838 1254 1877 namque
1277 1826 1387 1861 Irene
1411 1825 1566 1859 Annam
1587 1821 1776 1856 Aleman—

346 1896 440 1920 nam
465 1882 661 1920 Manfredi
695 1882 851 1920 Siciliae
877 1884 978 1932 regis
1008 1895 1179 1919 sororem
1210 1893 1375 1917 uxorem
1403 1877 1528 1914 duxit.
1587 1877 1776 1926 Gregoras

344 1953 383 1990 p.
404 1938 456 1979 45
479 1942 505 1980 7
531 1946 569 1975 et
593 1940 640 1978 91
664 1940 729 1979 22.
787 1936 1065 1989 Pachymerius
1085 1938 1153 1974 lib.
1174 1940 1197 1978 3
1225 1950 1265 1987 p.
1287 1936 1364 1975 181
1395 1937 1419 1974 9
1443 1941 1481 1971 et
1506 1931 1607 1969 infra
1634 1945 1674 1982 p.
1697 1931 1775 1971 185

343 1998 384 2036 7.
442 1993 559 2031 huius
578 1995 716 2030 Annae
741 2000 876 2044 postea
902 1994 1111 2044 imperium
1139 1991 1301 2042 adeptus
1327 1988 1496 2027 Michael
1517 1987 1774 2036 Palaeologus

343 2052 517 2087 maxime
541 2051 700 2100 cupiens
719 2050 807 2087 fuit.
863 2050 995 2101 itaque
1019 2050 1281 2085 inflammatus
1301 2045 1466 2083 libidine
1483 2044 1700 2089 ferebatur,
1730 2047 1775 2077 ut

343 2119 473 2157 neque
494 2104 621 2156 pudor
639 2118 767 2156 neque
788 2107 914 2156 pietas
933 2118 1061 2156 neque
1080 2103 1287 2141 hominum
1302 2103 1408 2139 fama
1428 2114 1450 2138 a
1473 2098 1682 2150 cupiditate
1704 2097 1774 2132 illa

343 2162 573 2199 revocarint.
629 2162 805 2198 mulieris
830 2162 1099 2198 castimoniam
1129 2167 1168 2196 et
1194 2166 1294 2196 artes
1319 2165 1358 2194 et
1381 2158 1503 2208 ipsius
1529 2153 1773 2204 imperatoris

345 2224 504 2254 conatus
520 2215 799 2267 Pachymerius
816 2217 884 2254 lib.
905 2219 930 2257 3
951 2230 991 2267 p.
1015 2217 1092 2256 181
1121 2214 1172 2255 14
1191 2228 1277 2267 sqq.
1301 2213 1504 2264 expressit.
1559 2211 1661 2246 Au..

455 2272 508 2308 ib.
546 2285 584 2309 v.
618 2275 685 2312 23.
743 2271 1025 2324 Μαρκεσίνης]
1078 2285 1162 2308 rem
1192 2271 1316 2307 fus-ius
1348 2272 1553 2319 pertractat
1582 2266 1773 2314 Gregoras

342 2341 383 2379 p.
404 2326 456 2368 49
482 2329 507 2367 9
526 2339 613 2378 sqq.
672 2340 772 2378 quae
792 2329 981 2378 Gregoras
1004 2327 1051 2363 de
1070 2325 1287 2377 Nicephoro
1306 2321 1539 2373 Blemmyda
1557 2328 1595 2358 et
1608 2321 1772 2357 exclusa

344 2384 559 2421 Marcesina
586 2382 633 2418 ab
663 2384 825 2419 ecclesia
850 2382 988 2431 tradit,
1019 2381 1175 2419 videtur
1196 2379 1372 2418 hausisse
1396 2392 1448 2415 ex
1471 2376 1633 2428 epistola
1651 2388 1773 2425 ency-

343 2441 438 2476 clica
455 2437 630 2476 eiusdem
639 2437 860 2488 Nicephori,
882 2451 982 2489 quae
1000 2440 1092 2488 quia
1110 2435 1237 2474 adhuc
1255 2434 1403 2473 inedita
1423 2440 1492 2481 est,
1523 2431 1630 2484 quod
1650 2433 1772 2469 sciam

342 2497 449 2546 ipse,
491 2501 530 2531 et
550 2494 667 2544 digna
688 2495 738 2531 sit
757 2506 856 2545 quae
884 2494 931 2530 ob
954 2495 1139 2543 pietatem
1169 2500 1206 2530 et
1229 2503 1425 2529 summam
1447 2491 1489 2526 iu
1511 2487 1771 2525 Christianam

343 2552 575 2600 religionem
588 2550 717 2586 zelum
733 2556 879 2586 teratur
895 2551 1071 2586 omnium
1089 2549 1281 2594 manibus,
1300 2545 1364 2583 hic
1383 2545 1600 2583 exscribam
1610 2545 1768 2588 Graece3

345 2619 445 2658 quae
475 2614 551 2643 est:
609 2602 845 2657 Νικηφόρον
873 2606 1070 2656 μοναστοῦ
1102 2604 1167 2642 καὶ
1197 2601 1462 2654 πρεσβυτέρου
1490 2603 1562 2640 τοῦ
1591 2596 1690 2639 και-οὶ
1721 2594 1769 2636 τοὶ

337 2658 514 2714 Ἠμοὶθια
536 2659 822 2713 ἦσυχαστηρίου
843 2663 914 2700 τοῦ
933 2655 1163 2711 Βλεμμύδου
1186 2656 1365 2709 ἐπιστολὴ
1390 2654 1680 2707 καθολικωτέρα
1702 2652 1770 2692 καὶ

341 2716 440 2770 πρὸς
456 2712 646 2765 πολλούς,
677 2714 736 2757 ὅτι
754 2711 1035 2768 ἤοῖρχόντισσα
1056 2713 1085 2767 ηΡ
1102 2715 1359 2766 Μαρκεσίνα,
1388 2712 1417 2766 ἦ
1437 2709 1576 2764 ἐξόχως
1595 2707 1767 2762 ἐρωμένη

339 2777 397 2828 τῷ
425 2776 579 2826 βασιλεῖ
602 2772 668 2811 καὶ
697 2770 763 2812 Bw?
794 2775 908 2812 τοῦτο
936 2768 1094 2811 πάντων
1121 2770 1408 2821 ὖπερτεροῦσα,
1455 2767 1522 2807 καὶ
1550 2763 1671 2816 αὐτῆς
1697 2767 1769 2814 τῆς

338 2826 568 2883 Αὔγούστης
589 2826 844 2881 πρωτεύουσα
861 2829 1124 2881 τυραννικοῖς,
1166 2825 1397 2880 εἰσέφρησεν
1412 2824 1455 2865 ἑν
1473 2826 1524 2878 τῇ
1542 2818 1639 2880 καθ’
1660 2818 1768 2872 ἡμᾶς
