1832 3250
211 603 241 637 C

213 1477 244 1510 D

261 211 322 261 54
634 210 1001 257 CONSTANTINI
1040 211 1299 257 MANASSIS

390 330 461 380 τῆς
482 325 626 380 ἡδονῆς
644 323 881 379 γευσάμενος
898 323 1006 382 ἄκρῳ
1028 322 1208 382 δακτύλῳ
1223 322 1346 381 μόνῳ,

392 395 457 436 καὶ
471 393 570 449 πρὸς
591 392 737 449 αἰθέρα
759 390 1006 449 φθάνουσαν-
1021 392 1214 450 πυρκαϊὰν
1240 390 1415 446 ἀνάψας.

457 461 538 501 Καὶ
557 457 695 515 γάρτοι
722 459 821 513 μετὰ
841 458 910 501 τὸν
937 459 1114 515 δρασμὸν
1142 457 1283 501 τούτου
1304 458 1384 513 τὸν
1395 458 1474 502 ἀπὸ
1493 456 1682 515 Σπάρτης

262 531 368 573 1210
390 529 455 569 καὶ
473 526 543 579 τὴν
559 525 718 581 Ἑλένης
738 525 919 584 ἁρπαγὴν
934 525 1067 569 τοιάδε
1084 524 1336 581 συμβεβήκει.
1444 534 1446 536 ’

393 592 791 645 ἐπάνεισιΜενέλαος
813 596 854 636 ἐκ
876 597 946 648 τῆς
968 594 1204 647 ἀποδημίας,

391 659 586 715 μανθάνει
604 661 649 703 τὸ
668 660 893 717 γενόμενον,
927 659 1081 717 ῥηγνύει
1105 661 1176 715 τὴν
1198 662 1365 714 ἐσθῆτα,

393 731 459 771 καὶ
478 728 550 771 σὺν
571 729 676 787 αὐτῷ
696 726 940 784 ’Τυνδάρεως
957 728 1086 783 πατὴρ
1105 726 1125 769 ὃ
1144 731 1215 781 τῆς
1229 726 1398 781 Ἑλένης.

393 798 446 845 εἷς
461 797 606 850 με’σους
629 797 884 852 ἀφικνοῦνται
903 796 944 837 ὁὲ
961 795 1054 845 τοὺς
1074 799 1152 838 τῶν
1167 793 1365 849 Ἑλλήνων
1387 791 1567 851 πρώτους

264 863 368 905 1215
392 864 658 917 ἦσβολωμένοι
676 863 868 919 πρόσωπα
887 863 953 905 καὶ
972 866 1350 916 μελανειμονοῦντες,

395 932 522 984 ὅρκων
540 930 877 985 ἄναμιμνήσκουσι
894 934 972 973 τῶν
991 933 1201 987 φρικωδῶν
1219 931 1384 980 ἐκείνων,

396 997 464 1048 οὓς
484 993 776 1052 ἦσανῌΕλληνες
795 996 894 1051 ὁμοῦ
919 996 1059 1047 πάντες
1080 995 1341 1051 ὀμωμοκότες,

395 1064 449 1114 ὡς
472 1067 504 1106 εἷ
521 1069 656 1122 συμβῇ
680 1064 788 1120 παρά
807 1082 912 1114 τινος
930 1063 1095 1119 “Ελε’νην
1115 1064 1348 1121 ἆρπαγῆναι,

396 1131 536 1181 πάντες
558 1134 671 1183 ἰδίοις
692 1131 872 1187 σώμασιν
895 1133 1016 1186 αὐτῆς
1035 1131 1365 1188 ὗῗτερμαχοῦνται.

266 1201 373 1243 1220
394 1199 520 1241 πολλὰ
539 1204 633 1254 γοῦν
657 1199 918 1249 ἱκετεύσαντες
932 1202 997 1242 καὶ
1018 1197 1335 1254 δεδυσωπηκότες

396 1269 658 1319 συμπείθουσι
675 1266 968 1321 τοῦςἝλληνας
987 1271 1222 1322 στρατεῦσαι
1242 1265 1343 1308 κατὰ
1367 1264 1531 1321 Τρώων.

396 1336 462 1375 καὶ
486 1334 534 1387 δὴ
556 1337 693 1385 πολλοὶ
715 1335 990 1391 συντρέχουσιν
1014 1335 1056 1376 ἔκ
1077 1333 1228 1388 νήσων,
1262 1334 1303 1382 ἐξ
1325 1332 1509 1390 ἠπείρων,

394 1400 735 1456 παραθαλάσσιοι,
767 1402 926 1456 μακρὰν
947 1406 1018 1454 τῆς
1039 1401 1167 1455 ἅλμης
1185 1401 1421 1456 ἀφεστῶτες,

401 1468 442 1517 ἐξ
458 1468 638 1522 Ἀθηνῶν
661 1469 890 1524 αὐθιγενεῖς,
925 1470 966 1509 ἐκ
989 1467 1119 1522 πάσης
1143 1472 1213 1521 τῆς
1234 1468 1421 1520 Εὐβοίας,

268 1532 374 1577 1225
398 1536 439 1576 ἔκ
465 1535 696 1587 Θετταλῶν,
725 1537 767 1585 ἐξ
779 1537 958 1588 Ἀχαιῶν,
993 1534 1184 1591 ε’κπάσης
1205 1532 1489 1588 τῆςἝλλάδος.

397 1597 499 1656 ’ἦσαν
519 1605 584 1644 καὶ
604 1606 716 1656 νῆσοι
732 1601 947 1656 σύμμαχοι,
977 1602 1130 1656 Ἰθάκη,
1155 1601 1302 1651 Ῥόδος,
1324 1604 1478 1657 Σκῦρος

356 1710 360 1714 Α
396 1671 462 1711 καὶ
486 1668 678 1722 Σάλαμις,
704 1672 769 1721 καὶ
792 1670 863 1713 σὺν
880 1671 1018 1719 αὐταῖς
1038 1668 1063 1724 ἦ
1086 1670 1335 1725 τρισμεγίστη
1358 1668 1512 1725 Κρήτη.

398 1737 608 1792 Κορίνθιοι
632 1735 844 1793 συνῄεσαν,
865 1737 1027 1792 Ἀργεῖοι
1048 1734 1306 1789 συνεμάχουν,

398 1804 461 1844 καὶ
486 1802 624 1852 στόλος
645 1802 906 1860 μυριόστολος
927 1804 1057 1845 αὐτῶν
1077 1809 1354 1858 συνεκροτεῖτο.

267 1871 372 1912 1230
390 1864 438 1924 ἧν
459 1871 696 1920 ΖΙἸενεσθεὺς
717 1872 758 1920 ἐξ
772 1871 963 1927 Ἀθηνῶν,
994 1872 1160 1926 Νέστωρ
1182 1869 1260 1913 ἀπὸ
1277 1873 1348 1924 τῆς
1367 1865 1524 1919 Πύλου,

396 1938 438 1980 ἐκ
457 1942 527 1991 τῆς
538 1936 700 1994 Ἰθάκης
714 1936 942 1989 Ὀδυσσεύς,
970 1940 1011 1980 ἔκ
1031 1941 1257 1991 Σαλαμῖνος
1275 1937 1397 1986 Αἴας,
1474 1930 1477 1933 ¹

356 2030 444 2064 1214
461 2029 601 2074 μάγους
621 2031 653 2067 A
802 2033 890 2066 1220
910 2029 1129 2072 ἱκετεύοντες
1150 2032 1184 2068 R
1336 2025 1637 2072 1221ἔκπλεῦσαι
1658 2028 1692 2062 Β,

356 2077 444 2109 1222
463 2075 616 2120 ἠπείρου
634 2077 664 2111 Α
799 2079 886 2114 1229
906 2075 1034 2117 αὐτοῖς
1049 2077 1115 2114 RR

264 2155 393 2197 ptatem
415 2159 565 2187 extremo
583 2159 713 2189 tantum
730 2154 838 2199 digito
860 2158 1033 2200 gustasset
1053 2160 1089 2189 et
1109 2165 1229 2199 rogum
1252 2151 1465 2188 accendisset
1487 2150 1616 2185 caelum
1634 2150 1689 2196 ip-

267 2208 339 2231 sum
361 2198 596 2242 attingentem.

356 2242 433 2275 Hoc
454 2245 551 2276 modo
574 2245 655 2287 suga
672 2244 807 2278 Paridis
826 2257 846 2278 e
867 2246 993 2288 Sparta
1010 2244 1231 2288 Helenaeque
1251 2246 1369 2287 raptus
1388 2240 1524 2275 accidit.
1570 2251 1690 2274 rever-

265 2286 350 2320 titur
373 2300 416 2320 ex
438 2289 714 2331 peregrinatione
735 2290 929 2323 Menelaus:
957 2289 1039 2334 quid
1062 2289 1245 2332 evenisset,
1264 2286 1402 2331 accipit.
1446 2290 1577 2319 vestem
1597 2285 1690 2319 lace-

268 2337 342 2372 rat;
374 2338 409 2365 et
428 2343 503 2366 cnm
525 2333 600 2377 ipso
620 2334 824 2377 Tyndareus
846 2335 999 2369 Helenae
1019 2340 1118 2380 pater
1138 2334 1227 2367 idem
1250 2332 1346 2366 facit.
1402 2342 1470 2364 una
1499 2330 1692 2376 principum

269 2377 478 2412 Graecorum
503 2383 635 2411 coetum
655 2380 799 2422 adeunt,
824 2379 1010 2422 denigratis
1032 2379 1198 2422 vultibus,
1227 2383 1412 2420 vestesque
1434 2375 1541 2419 pullas
1565 2375 1689 2409 induti.

266 2421 487 2455 iurisiurandi
508 2422 597 2456 illius
617 2424 777 2457 horrendi
794 2424 1107 2466 commonefaciunt,
1130 2424 1220 2467 quod
1239 2422 1366 2456 Graeci
1383 2432 1497 2456 omnes
1516 2420 1614 2453 simul
1634 2420 1691 2454 iu-

268 2471 440 2509 raverant,
463 2472 501 2500 ut
523 2467 553 2501 si
571 2468 786 2512 contingeret
801 2469 966 2502 Helenam
985 2470 1027 2502 ab
1045 2467 1268 2512 aliquo-rapi,
1291 2474 1405 2500 omnes
1427 2465 1497 2500 suis
1516 2476 1590 2498 cum
1614 2477 1691 2498 cor-

267 2510 408 2555 poribus
432 2523 495 2556 pro
517 2524 557 2546 ea
578 2519 782 2556 pugnarent.
835 2514 973 2547 multum
995 2525 1077 2556 ergo
1101 2524 1175 2546 cum
1198 2511 1447 2556 supplicassent
1468 2521 1509 2543 ac
1528 2512 1692 2554 pudorem

267 2555 485 2599 iniecissent,
516 2559 723 2601 persuadent
756 2559 899 2594 Graecis
931 2564 969 2594 ut
991 2558 1112 2591 bellum
1143 2559 1307 2591 adversus
1331 2555 1501 2589 Troianos
1523 2556 1690 2598 facerent..

268 2600 390 2643 itaque*
408 2601 503 2635 multi
525 2603 569 2639 de
591 2603 707 2637 insulis
733 2615 773 2636 ac
801 2603 904 2637 terris
937 2602 1188 2636 continentibus
1219 2605 1439 2642 concurrunt,
1476 2601 1634 2634 maritimi
1657 2605 1693 2634 et

269 2645 370 2688 longe
391 2657 411 2679 a
430 2647 513 2680 mari
533 2647 711 2692 distantes,
731 2648 873 2682 Athenis
894 2648 1132 2690 Athenienses,
1155 2647 1303 2691 itemque
1322 2648 1365 2680 de
1387 2651 1461 2679 tota
1481 2646 1626 2679 Euboea
1647 2657 1692 2678 ex

270 2690 465 2734 Thessalia,
490 2704 532 2725 ex
551 2692 690 2735 Achaia,
714 2705 756 2726 ex
773 2698 847 2727 tota
866 2693 1026 2726 Graecia.
1075 2698 1172 2727 erant
1189 2698 1225 2725 et
1241 2691 1371 2725 insulae
1389 2691 1515 2733 sociae,
1528 2691 1690 2732 Rhodus,

269 2734 398 2778 Ithaca,
418 2737 559 2781 Scyrus,
582 2737 736 2780 Salamis,
760 2743 796 2771 et
817 2749 891 2772 cum
914 2738 966 2771 his
984 2737 1128 2772 maxima
1143 2737 1201 2773 illa
1219 2738 1336 2770 Creta.
1382 2736 1515 2770 itabant
1534 2747 1601 2769 una
1619 2735 1689 2768 co«

269 2780 407 2813 rinthii:
438 2781 523 2814 socii
556 2788 654 2816 erant
684 2783 818 2826 Argivi.
871 2783 961 2817 mille
995 2783 1132 2816 navium
1162 2782 1279 2816 classis
1313 2785 1367 2815 est
1389 2783 1430 2814 ab
1452 2780 1537 2825 ipsis
1559 2785 1690 2816 coacta.

271 2825 391 2859 aderat
412 2825 632 2862 Menestheus
654 2827 893 2873 Atheniensis,
922 2829 1052 2863 Nestor
1071 2827 1210 2873 Pylius,
1243 2827 1386 2872 ulysses
1408 2837 1450 2861 ex
1475 2826 1612 2870 Ithaca,
1647 2835 1692 2859 ex
